data-product-id,data-product-name,data-product-type,data-product-on-offer,data-product-index,image-url,product-page,product-name,product-size,item-price,price-per-unit,offer-description,category
872615,Mr Kipling Viennese Whirls,G,true,246,https://ecom-su-static-prod.wtrecom.com/images/products/3/LN_872615_BP_3.jpg,https://www.waitrose.com/ecom/products/mr-kipling-viennese-whirls/872615-819516-819517,Mr Kipling Viennese Whirls,6s,£1.98,33p each,25% Off. Was £2.65,Bakery
056312,Mr Kipling French Fancies,G,true,161,https://ecom-su-static-prod.wtrecom.com/images/products/3/LN_056312_BP_3.jpg,https://www.waitrose.com/ecom/products/mr-kipling-french-fancies/056312-28259-28260,Mr Kipling French Fancies,8s,£2.36,29.5p each,25% Off. Was £3.15,Bakery
684311,Mr Kipling 8 Angel Slices,G,true,277,https://ecom-su-static-prod.wtrecom.com/images/products/3/LN_684311_BP_3.jpg,https://www.waitrose.com/ecom/products/mr-kipling-8-angel-slices/684311-421409-421410,Mr Kipling 8 Angel Slices,8s,£2.96,37p each,25% Off. Was £3.95,Bakery
540706,Waitrose 4 Brioche Burger Buns,G,true,4,https://ecom-su-static-prod.wtrecom.com/images/products/3/LN_540706_BP_3.jpg,https://www.waitrose.com/ecom/products/waitrose-4-brioche-burger-buns/540706-779361-779362,Waitrose 4 Brioche Burger Buns,4s,£1.31,32.8p each,25% Off. Was £1.75,Bakery
783454,Hovis Seed Sensations Multiseeded Sliced Bread,G,false,5,https://ecom-su-static-prod.wtrecom.com/images/products/3/LN_783454_BP_3.jpg,https://www.waitrose.com/ecom/products/hovis-seed-sensations-multiseeded-sliced-bread/783454-221663-221664,Hovis Seed Sensations Multiseeded Sliced Bread,800g,£1.90,23.8p/100g,,Bakery
493820,Essential 8 Large Tortilla Wraps,G,false,6,https://ecom-su-static-prod.wtrecom.com/images/products/3/LN_493820_BP_3.jpg,https://www.waitrose.com/ecom/products/essential-8-large-tortilla-wraps/493820-255817-255818,Essential 8 Large Tortilla Wraps,8s,£1.30,16.3p each,,Bakery
075319,Waitrose Super Soft White Medium Sliced,G,false,7,https://ecom-su-static-prod.wtrecom.com/images/products/3/LN_075319_BP_3.jpg,https://www.waitrose.com/ecom/products/waitrose-super-soft-white-medium-sliced/075319-38210-38211,Waitrose Super Soft White Medium Sliced,800g,£1.00,12.5p/100g,,Bakery
004267,New York Bakery Co Plain Bagels,G,false,8,https://ecom-su-static-prod.wtrecom.com/images/products/3/LN_004267_BP_3.jpg,https://www.waitrose.com/ecom/products/new-york-bakery-co-plain-bagels/004267-1747-1748,New York Bakery Co Plain Bagels,5s,£2.00,40p each,,Bakery
755786,Hovis Wholemeal Medium Sliced Bread,G,false,9,https://ecom-su-static-prod.wtrecom.com/images/products/3/LN_755786_BP_3.jpg,https://www.waitrose.com/ecom/products/hovis-wholemeal-medium-sliced-bread/755786-107487-107488,Hovis Wholemeal Medium Sliced Bread,400g,£1.10,27.5p/100g,,Bakery
044339,Waitrose Croissants,G,false,10,https://ecom-su-static-prod.wtrecom.com/images/products/3/LN_044339_BP_3.jpg,https://www.waitrose.com/ecom/products/waitrose-croissants/044339-21846-21847,Waitrose Croissants,4s,£2.50,62.5p each,,Bakery
837159,Jacksons Multigrain Brown Bloomer,G,false,11,https://ecom-su-static-prod.wtrecom.com/images/products/3/LN_837159_BP_3.jpg,https://www.waitrose.com/ecom/products/jacksons-multigrain-brown-bloomer/837159-177428-177429,Jacksons Multigrain Brown Bloomer,800g,£1.85,23.1p/100g,,Bakery
818881,Waitrose Soft White Toastie Thick Sliced,G,false,12,https://ecom-su-static-prod.wtrecom.com/images/products/3/LN_818881_BP_3.jpg,https://www.waitrose.com/ecom/products/waitrose-soft-white-toastie-thick-sliced/818881-653703-653704,Waitrose Soft White Toastie Thick Sliced,800g,£1.00,12.5p/100g,,Bakery
563526,Jacksons Soft White Bloomer,G,false,13,https://ecom-su-static-prod.wtrecom.com/images/products/3/LN_563526_BP_3.jpg,https://www.waitrose.com/ecom/products/jacksons-soft-white-bloomer/563526-177248-177249,Jacksons Soft White Bloomer,800g,£1.85,23.1p/100g,,Bakery
493513,No.1 White Sourdough Bread,G,false,14,https://ecom-su-static-prod.wtrecom.com/images/products/3/LN_493513_BP_3.jpg,https://www.waitrose.com/ecom/products/no1-white-sourdough-bread/493513-373129-373130,No.1 White Sourdough Bread,500g,£2.20,44p/100g,,Bakery
039832,Waitrose Ciabatta Rolls,G,false,15,https://ecom-su-static-prod.wtrecom.com/images/products/3/LN_039832_BP_3.jpg,https://www.waitrose.com/ecom/products/waitrose-ciabatta-rolls/039832-19712-19713,Waitrose Ciabatta Rolls,4s,£1.50,37.5p each,,Bakery
759158,Essential 6 Wholemeal Pitta,G,false,16,https://ecom-su-static-prod.wtrecom.com/images/products/3/LN_759158_BP_3.jpg,https://www.waitrose.com/ecom/products/essential-6-wholemeal-pitta/759158-769636-769637,Essential 6 Wholemeal Pitta,6s,65p,,,Bakery
057243,Essential White Floured Baps,G,false,17,https://ecom-su-static-prod.wtrecom.com/images/products/3/LN_057243_BP_3.jpg,https://www.waitrose.com/ecom/products/essential-white-floured-baps/057243-28795-28796,Essential White Floured Baps,6s,90p,15p each,,Bakery
055041,Waitrose Wholemeal Farmhouse Medium Sliced,G,false,18,https://ecom-su-static-prod.wtrecom.com/images/products/3/LN_055041_BP_3.jpg,https://www.waitrose.com/ecom/products/waitrose-wholemeal-farmhouse-medium-sliced/055041-27651-27652,Waitrose Wholemeal Farmhouse Medium Sliced,800g,£1.45,18.1p/100g,,Bakery
552333,Waitrose Soft White Farmhouse,G,false,19,https://ecom-su-static-prod.wtrecom.com/images/products/3/LN_552333_BP_3.jpg,https://www.waitrose.com/ecom/products/waitrose-soft-white-farmhouse/552333-381855-381856,Waitrose Soft White Farmhouse,400g,£1.10,27.5p/100g,,Bakery
444838,Essential 6 White Pitta,G,false,20,https://ecom-su-static-prod.wtrecom.com/images/products/3/LN_444838_BP_3.jpg,https://www.waitrose.com/ecom/products/essential-6-white-pitta/444838-769942-769943,Essential 6 White Pitta,6s,65p,10.8p each,,Bakery
520256,Black Sheep Craft Bakery White Tiger Bloomer,G,false,21,https://ecom-su-static-prod.wtrecom.com/images/products/3/LN_520256_BP_3.jpg,https://www.waitrose.com/ecom/products/black-sheep-craft-bakery-white-tiger-bloomer/520256-657655-657656,Black Sheep Craft Bakery White Tiger Bloomer,800g,£2.00,25p/100g,,Bakery
576970,Waitrose Richly Fruited Hot Cross Buns,G,false,22,https://ecom-su-static-prod.wtrecom.com/images/products/3/LN_576970_BP_3.jpg,https://www.waitrose.com/ecom/products/waitrose-richly-fruited-hot-cross-buns/576970-794942-794943,Waitrose Richly Fruited Hot Cross Buns,4s,£1.95,48.8p each,,Bakery
463468,Waitrose Multi-Seeded Farmhouse,G,false,23,https://ecom-su-static-prod.wtrecom.com/images/products/3/LN_463468_BP_3.jpg,https://www.waitrose.com/ecom/products/waitrose-multi-seeded-farmhouse/463468-65326-65327,Waitrose Multi-Seeded Farmhouse,800g,£1.55,19.4p/100g,,Bakery
603307,Hovis Seed Sensations Multiseeded Sliced Bread,G,false,24,https://ecom-su-static-prod.wtrecom.com/images/products/3/LN_603307_BP_3.jpg,https://www.waitrose.com/ecom/products/hovis-seed-sensations-multiseeded-sliced-bread/603307-221615-221616,Hovis Seed Sensations Multiseeded Sliced Bread,400g,£1.20,30p/100g,,Bakery
658614,Essential Crumpets 8s,G,false,25,https://ecom-su-static-prod.wtrecom.com/images/products/3/LN_658614_BP_3.jpg,https://www.waitrose.com/ecom/products/essential-crumpets-8s/658614-795216-795217,Essential Crumpets 8s,8s,70p,8.8p each,,Bakery
886566,Essential Bake at Home White Baguettes,G,false,26,https://ecom-su-static-prod.wtrecom.com/images/products/3/LN_886566_BP_3.jpg,https://www.waitrose.com/ecom/products/essential-bake-at-home-white-baguettes/886566-746625-746626,Essential Bake at Home White Baguettes,2s,£1.25,62.5p each,,Bakery
539658,Waitrose 2 Almond Croissants,G,false,27,https://ecom-su-static-prod.wtrecom.com/images/products/3/LN_539658_BP_3.jpg,https://www.waitrose.com/ecom/products/waitrose-2-almond-croissants/539658-451628-451629,Waitrose 2 Almond Croissants,2s,£2.50,£1.25 each,,Bakery
065131,Essential Baguette,G,false,28,https://ecom-su-static-prod.wtrecom.com/images/products/3/LN_065131_BP_3.jpg,https://www.waitrose.com/ecom/products/essential-baguette/065131-33004-33005,Essential Baguette,400g,£1.20,30p/100g,,Bakery
831341,Deli Kitchen Greek Style Flatbreads,G,false,29,https://ecom-su-static-prod.wtrecom.com/images/products/3/LN_831341_BP_3.jpg,https://www.waitrose.com/ecom/products/deli-kitchen-greek-style-flatbreads/831341-702286-702287,Deli Kitchen Greek Style Flatbreads,4s,£1.90,47.5p each,,Bakery
084740,Hovis Best of Both Medium Sliced Bread,G,false,30,https://ecom-su-static-prod.wtrecom.com/images/products/3/LN_084740_BP_3.jpg,https://www.waitrose.com/ecom/products/hovis-best-of-both-medium-sliced-bread/084740-42991-42992,Hovis Best of Both Medium Sliced Bread,800g,£1.35,16.9p/100g,,Bakery
091497,Essential White Finger Rolls,G,false,31,https://ecom-su-static-prod.wtrecom.com/images/products/3/LN_091497_BP_3.jpg,https://www.waitrose.com/ecom/products/essential-white-finger-rolls/091497-47124-47125,Essential White Finger Rolls,6s,90p,15p each,,Bakery
055047,Hovis Wholemeal Medium Sliced Bread,G,false,32,https://ecom-su-static-prod.wtrecom.com/images/products/3/LN_055047_BP_3.jpg,https://www.waitrose.com/ecom/products/hovis-wholemeal-medium-sliced-bread/055047-27668-27669,Hovis Wholemeal Medium Sliced Bread,800g,£1.45,18.1p/100g,,Bakery
418473,Jason's Every Day White Rolls with Sourdough,G,true,33,https://ecom-su-static-prod.wtrecom.com/images/products/3/LN_418473_BP_3.jpg,https://www.waitrose.com/ecom/products/jasons-every-day-white-rolls-with-sourdough/418473-769054-769055,Jason's Every Day White Rolls with Sourdough,4s,£1.28,32p each,20% Off. Was £1.60,Bakery
508221,Waitrose 4 All Butter Sultana Scones,G,true,34,https://ecom-su-static-prod.wtrecom.com/images/products/3/LN_508221_BP_3.jpg,https://www.waitrose.com/ecom/products/waitrose-4-all-butter-sultana-scones/508221-803960-803961,Waitrose 4 All Butter Sultana Scones,4s,£1.60,40p each,20% Off. Was £2.00,Bakery
003062,Hovis Soft White Medium Sliced White Bread,G,false,35,https://ecom-su-static-prod.wtrecom.com/images/products/3/LN_003062_BP_3.jpg,https://www.waitrose.com/ecom/products/hovis-soft-white-medium-sliced-white-bread/003062-1128-1129,Hovis Soft White Medium Sliced White Bread,800g,£1.45,18.1p/100g,,Bakery
065026,Small Baguette,G,false,36,https://ecom-su-static-prod.wtrecom.com/images/products/3/LN_065026_BP_3.jpg,https://www.waitrose.com/ecom/products/small-baguette/065026-32945-32946,Small Baguette,each,80p,80p each,,Bakery
871593,Jason's White Sourdough,G,true,37,https://ecom-su-static-prod.wtrecom.com/images/products/3/LN_871593_BP_3.jpg,https://www.waitrose.com/ecom/products/jasons-white-sourdough/871593-760490-760491,Jason's White Sourdough,580g,£1.68,29p/100g,20% Off. Was £2.10,Bakery
443640,Pastel de Nata,G,false,38,https://ecom-su-static-prod.wtrecom.com/images/products/3/LN_443640_BP_3.jpg,https://www.waitrose.com/ecom/products/pastel-de-nata/443640-619671-619672,Pastel de Nata,each,£1.00,£1 each,,Bakery
057079,Essential Wholemeal Baps,G,false,39,https://ecom-su-static-prod.wtrecom.com/images/products/3/LN_057079_BP_3.jpg,https://www.waitrose.com/ecom/products/essential-wholemeal-baps/057079-28695-28696,Essential Wholemeal Baps,6s,90p,15p each,,Bakery
863616,No.1 Butter Croissants,G,false,40,https://ecom-su-static-prod.wtrecom.com/images/products/3/LN_863616_BP_3.jpg,https://www.waitrose.com/ecom/products/no1-butter-croissants/863616-493327-493328,No.1 Butter Croissants,2s,£2.40,£1.20 each,,Bakery
836939,Essential 8 Large Wholemeal Tortilla Wraps,G,false,41,https://ecom-su-static-prod.wtrecom.com/images/products/3/LN_836939_BP_3.jpg,https://www.waitrose.com/ecom/products/essential-8-large-wholemeal-tortilla-wraps/836939-344550-344551,Essential 8 Large Wholemeal Tortilla Wraps,8s,£1.30,16.3p each,,Bakery
845933,Fitzgeralds 2 Sourdough Baguettes,G,false,42,https://ecom-su-static-prod.wtrecom.com/images/products/3/LN_845933_BP_3.jpg,https://www.waitrose.com/ecom/products/fitzgeralds-2-sourdough-baguettes/845933-673919-673920,Fitzgeralds 2 Sourdough Baguettes,250g,£2.10,84p/100g,,Bakery
653557,Duchy Organic Wholemeal Seeded Half Bloomer,G,false,43,https://ecom-su-static-prod.wtrecom.com/images/products/3/LN_653557_BP_3.jpg,https://www.waitrose.com/ecom/products/duchy-organic-wholemeal-seeded-half-bloomer/653557-92785-92786,Duchy Organic Wholemeal Seeded Half Bloomer,400g,£2.20,55p/100g,,Bakery
842613,Hovis 1886 Crumpets 6pk,G,false,44,https://ecom-su-static-prod.wtrecom.com/images/products/3/LN_842613_BP_3.jpg,https://www.waitrose.com/ecom/products/hovis-1886-crumpets-6pk/842613-771389-771390,Hovis 1886 Crumpets 6pk,6s,£1.25,20.8p each,,Bakery
021387,Waitrose Pains Au Chocolat,G,false,45,https://ecom-su-static-prod.wtrecom.com/images/products/3/LN_021387_BP_3.jpg,https://www.waitrose.com/ecom/products/waitrose-pains-au-chocolat/021387-10449-10450,Waitrose Pains Au Chocolat,4s,£2.50,62.5p each,,Bakery
498094,Jason's Grains & Seeds Sourdough Ciabattin,G,true,46,https://ecom-su-static-prod.wtrecom.com/images/products/3/LN_498094_BP_3.jpg,https://www.waitrose.com/ecom/products/jasons-grains-seeds-sourdough-ciabattin/498094-760372-760373,Jason's Grains & Seeds Sourdough Ciabattin,580g,£1.68,29p/100g,20% Off. Was £2.10,Bakery
052785,New York Bakery Co Sesame Bagels,G,false,47,https://ecom-su-static-prod.wtrecom.com/images/products/3/LN_052785_BP_3.jpg,https://www.waitrose.com/ecom/products/new-york-bakery-co-sesame-bagels/052785-26317-26318,New York Bakery Co Sesame Bagels,5s,£2.00,40p each,,Bakery
017670,Waitrose Half Ciabattas,G,false,48,https://ecom-su-static-prod.wtrecom.com/images/products/3/LN_017670_BP_3.jpg,https://www.waitrose.com/ecom/products/waitrose-half-ciabattas/017670-8574-8575,Waitrose Half Ciabattas,2s,£2.15,£1.08 each,,Bakery
748720,Hovis 1886 Premium Burger Buns,G,true,49,https://ecom-su-static-prod.wtrecom.com/images/products/3/LN_748720_BP_3.jpg,https://www.waitrose.com/ecom/products/hovis-1886-premium-burger-buns/748720-748346-748347,Hovis 1886 Premium Burger Buns,4s,£1.70,42.5p each,Add 2 for £3,Bakery
500509,Crusty Roll,G,false,50,https://ecom-su-static-prod.wtrecom.com/images/products/3/LN_500509_BP_3.jpg,https://www.waitrose.com/ecom/products/crusty-roll/500509-759461-759462,Crusty Roll,each,50p,50p each,,Bakery
081578,Essential White Giant Baps,G,false,51,https://ecom-su-static-prod.wtrecom.com/images/products/3/LN_081578_BP_3.jpg,https://www.waitrose.com/ecom/products/essential-white-giant-baps/081578-41501-41502,Essential White Giant Baps,4s,90p,22.5p each,,Bakery
582964,New York Bakery Co Original Bagel Thins,G,true,52,https://ecom-su-static-prod.wtrecom.com/images/products/3/LN_582964_BP_3.jpg,https://www.waitrose.com/ecom/products/new-york-bakery-co-original-bagel-thins/582964-586572-586573,New York Bakery Co Original Bagel Thins,4s,£1.35,33.8p each,Add 2 for £2,Bakery
827079,Jacksons Multiseed Bloomer,G,false,53,https://ecom-su-static-prod.wtrecom.com/images/products/3/LN_827079_BP_3.jpg,https://www.waitrose.com/ecom/products/jacksons-multiseed-bloomer/827079-288615-288616,Jacksons Multiseed Bloomer,800g,£1.85,23.1p/100g,,Bakery
029195,Essential Scotch Pancakes,G,false,54,https://ecom-su-static-prod.wtrecom.com/images/products/3/LN_029195_BP_3.jpg,https://www.waitrose.com/ecom/products/essential-scotch-pancakes/029195-14245-14246,Essential Scotch Pancakes,6s,75p,12.5p each,,Bakery
055312,Hovis Original Granary Thick Sliced Bread,G,false,55,https://ecom-su-static-prod.wtrecom.com/images/products/3/LN_055312_BP_3.jpg,https://www.waitrose.com/ecom/products/hovis-original-granary-thick-sliced-bread/055312-27767-27768,Hovis Original Granary Thick Sliced Bread,400g,£1.25,31.3p/100g,,Bakery
691392,Waitrose White Butter Muffins,G,false,56,https://ecom-su-static-prod.wtrecom.com/images/products/3/LN_691392_BP_3.jpg,https://www.waitrose.com/ecom/products/waitrose-white-butter-muffins/691392-204923-204924,Waitrose White Butter Muffins,4s,£1.40,35p each,,Bakery
055416,Hovis Original Granary Medium Sliced Bread,G,false,57,https://ecom-su-static-prod.wtrecom.com/images/products/3/LN_055416_BP_3.jpg,https://www.waitrose.com/ecom/products/hovis-original-granary-medium-sliced-bread/055416-27817-27818,Hovis Original Granary Medium Sliced Bread,800g,£1.90,23.8p/100g,,Bakery
679338,Essential Hot Cross Buns,G,false,58,https://ecom-su-static-prod.wtrecom.com/images/products/3/LN_679338_BP_3.jpg,https://www.waitrose.com/ecom/products/essential-hot-cross-buns/679338-794952-794953,Essential Hot Cross Buns,4s,£1.00,25p each,,Bakery
720768,Waitrose 8 Chocolate Chip Brioche Rolls,G,false,59,https://ecom-su-static-prod.wtrecom.com/images/products/3/LN_720768_BP_3.jpg,https://www.waitrose.com/ecom/products/waitrose-8-chocolate-chip-brioche-rolls/720768-715242-715243,Waitrose 8 Chocolate Chip Brioche Rolls,8s,£2.00,25p each,,Bakery
703502,No.1 Spelt Sourdough Bread,G,false,60,https://ecom-su-static-prod.wtrecom.com/images/products/3/LN_703502_BP_3.jpg,https://www.waitrose.com/ecom/products/no1-spelt-sourdough-bread/703502-525844-525845,No.1 Spelt Sourdough Bread,500g,£2.70,54p/100g,,Bakery
776278,Gran Luchito 10 Mexican Soft Taco Wraps,G,false,61,https://ecom-su-static-prod.wtrecom.com/images/products/3/LN_776278_BP_3.jpg,https://www.waitrose.com/ecom/products/gran-luchito-10-mexican-soft-taco-wraps/776278-703285-703286,Gran Luchito 10 Mexican Soft Taco Wraps,300g,£1.95,65p/100g,,Bakery
531774,Hovis 1886 Seeded Sliced Bread,G,true,62,https://ecom-su-static-prod.wtrecom.com/images/products/3/LN_531774_BP_3.jpg,https://www.waitrose.com/ecom/products/hovis-1886-seeded-sliced-bread/531774-746615-746616,Hovis 1886 Seeded Sliced Bread,450g,£1.50,33.3p/100g,save 30p. Was £1.80,Bakery
515769,Waitrose Soft White Farmhouse,G,false,63,https://ecom-su-static-prod.wtrecom.com/images/products/3/LN_515769_BP_3.jpg,https://www.waitrose.com/ecom/products/waitrose-soft-white-farmhouse/515769-381821-381822,Waitrose Soft White Farmhouse,800g,£1.45,18.1p/100g,,Bakery
771562,Fitzgeralds Sourdough Bagels,G,false,64,https://ecom-su-static-prod.wtrecom.com/images/products/3/LN_771562_BP_3.jpg,https://www.waitrose.com/ecom/products/fitzgeralds-sourdough-bagels/771562-677510-677511,Fitzgeralds Sourdough Bagels,5s,£2.20,44p each,,Bakery
090605,Hovis Soft White Thick Sliced White Bread,G,false,65,https://ecom-su-static-prod.wtrecom.com/images/products/3/LN_090605_BP_3.jpg,https://www.waitrose.com/ecom/products/hovis-soft-white-thick-sliced-white-bread/090605-46667-46668,Hovis Soft White Thick Sliced White Bread,800g,£1.45,18.1p/100g,,Bakery
601757,San Francisco Sourdough Style Bloomer,G,false,66,https://ecom-su-static-prod.wtrecom.com/images/products/3/LN_601757_BP_3.jpg,https://www.waitrose.com/ecom/products/san-francisco-sourdough-style-bloomer/601757-629251-629252,San Francisco Sourdough Style Bloomer,400g,£2.30,57.5p/100g,,Bakery
879191,Mixed Olive Roll,G,false,67,https://ecom-su-static-prod.wtrecom.com/images/products/3/LN_879191_BP_3.jpg,https://www.waitrose.com/ecom/products/mixed-olive-roll/879191-568364-568365,Mixed Olive Roll,each,70p,70p each,,Bakery
041103,Waitrose Multigrain Farmhouse,G,false,68,https://ecom-su-static-prod.wtrecom.com/images/products/3/LN_041103_BP_3.jpg,https://www.waitrose.com/ecom/products/waitrose-multigrain-farmhouse/041103-20316-20317,Waitrose Multigrain Farmhouse,800g,£1.55,19.4p/100g,,Bakery
488463,New York Bakery Co Cinnamon & Raisin Bagels,G,false,69,https://ecom-su-static-prod.wtrecom.com/images/products/3/LN_488463_BP_3.jpg,https://www.waitrose.com/ecom/products/new-york-bakery-co-cinnamon-raisin-bagels/488463-162428-162429,New York Bakery Co Cinnamon & Raisin Bagels,5s,£2.00,40p each,,Bakery
692759,Bertinet Bakery Seeded Sourdough,G,false,70,https://ecom-su-static-prod.wtrecom.com/images/products/3/LN_692759_BP_3.jpg,https://www.waitrose.com/ecom/products/bertinet-bakery-seeded-sourdough/692759-619941-619942,Bertinet Bakery Seeded Sourdough,550g,£2.30,41.8p/100g,,Bakery
432291,Wholemeal Heyford,G,false,71,https://ecom-su-static-prod.wtrecom.com/images/products/3/LN_432291_BP_3.jpg,https://www.waitrose.com/ecom/products/wholemeal-heyford/432291-60813-60814,Wholemeal Heyford,800g,£2.00,25p/100g,,Bakery
450621,Waitrose Richly Fruited Mini Hot Cross Buns,G,false,72,https://ecom-su-static-prod.wtrecom.com/images/products/3/LN_450621_BP_3.jpg,https://www.waitrose.com/ecom/products/waitrose-richly-fruited-mini-hot-cross-buns/450621-794910-794911,Waitrose Richly Fruited Mini Hot Cross Buns,9s,£1.95,21.7p each,,Bakery
777608,Waitrose 4 All Butter Scones,G,true,73,https://ecom-su-static-prod.wtrecom.com/images/products/3/LN_777608_BP_3.jpg,https://www.waitrose.com/ecom/products/waitrose-4-all-butter-scones/777608-803978-803979,Waitrose 4 All Butter Scones,4s,£1.60,40p each,20% Off. Was £2.00,Bakery
097916,Waitrose Richly Fruited Teacakes,G,false,74,https://ecom-su-static-prod.wtrecom.com/images/products/3/LN_097916_BP_3.jpg,https://www.waitrose.com/ecom/products/waitrose-richly-fruited-teacakes/097916-49951-49952,Waitrose Richly Fruited Teacakes,2s,£1.25,62.5p each,,Bakery
094084,Essential 4 Sweet Yum Yums,G,false,75,https://ecom-su-static-prod.wtrecom.com/images/products/3/LN_094084_BP_3.jpg,https://www.waitrose.com/ecom/products/essential-4-sweet-yum-yums/094084-48294-48295,Essential 4 Sweet Yum Yums,4s,£1.65,41.3p each,,Bakery
795745,Waitrose American Style Buttermilk Pancakes,G,false,76,https://ecom-su-static-prod.wtrecom.com/images/products/3/LN_795745_BP_3.jpg,https://www.waitrose.com/ecom/products/waitrose-american-style-buttermilk-pancakes/795745-718093-718094,Waitrose American Style Buttermilk Pancakes,4s,£1.75,43.8p each,,Bakery
098571,Waitrose Mini Pains Au Chocolat,G,false,77,https://ecom-su-static-prod.wtrecom.com/images/products/3/LN_098571_BP_3.jpg,https://www.waitrose.com/ecom/products/waitrose-mini-pains-au-chocolat/098571-50277-50278,Waitrose Mini Pains Au Chocolat,6s,£2.00,33.3p each,,Bakery
799216,Jason's Every Day Tiger Rolls,G,true,78,https://ecom-su-static-prod.wtrecom.com/images/products/3/LN_799216_BP_3.jpg,https://www.waitrose.com/ecom/products/jasons-every-day-tiger-rolls/799216-779977-779978,Jason's Every Day Tiger Rolls,4s,£1.28,32p each,20% Off. Was £1.60,Bakery
434660,Waitrose Sliced Brioche Loaf,G,false,79,https://ecom-su-static-prod.wtrecom.com/images/products/3/LN_434660_BP_3.jpg,https://www.waitrose.com/ecom/products/waitrose-sliced-brioche-loaf/434660-715226-715227,Waitrose Sliced Brioche Loaf,400g,£2.75,68.8p/100g,,Bakery
055051,Essential Wholemeal Medium Sliced Bread,G,false,80,https://ecom-su-static-prod.wtrecom.com/images/products/3/LN_055051_BP_3.jpg,https://www.waitrose.com/ecom/products/essential-wholemeal-medium-sliced-bread/055051-27670-27671,Essential Wholemeal Medium Sliced Bread,800g,75p,9.4p/100g,,Bakery
428692,Essential 10 Chocolate Mini Rolls,G,false,81,https://ecom-su-static-prod.wtrecom.com/images/products/3/LN_428692_BP_3.jpg,https://www.waitrose.com/ecom/products/essential-10-chocolate-mini-rolls/428692-414169-414170,Essential 10 Chocolate Mini Rolls,10s,£1.50,15p each,,Bakery
537802,No.1 Pain Aux Raisins,G,false,82,https://ecom-su-static-prod.wtrecom.com/images/products/3/LN_537802_BP_3.jpg,https://www.waitrose.com/ecom/products/no1-pain-aux-raisins/537802-538668-538669,No.1 Pain Aux Raisins,2s,£2.35,£1.18 each,,Bakery
722789,Waitrose 4 Brioche Hot Dog Rolls,G,false,83,https://ecom-su-static-prod.wtrecom.com/images/products/3/LN_722789_BP_3.jpg,https://www.waitrose.com/ecom/products/waitrose-4-brioche-hot-dog-rolls/722789-779367-779368,Waitrose 4 Brioche Hot Dog Rolls,4s,£1.80,45p each,,Bakery
091814,Hovis Wholemeal Thick Sliced Bread,G,false,84,https://ecom-su-static-prod.wtrecom.com/images/products/3/LN_091814_BP_3.jpg,https://www.waitrose.com/ecom/products/hovis-wholemeal-thick-sliced-bread/091814-47270-47271,Hovis Wholemeal Thick Sliced Bread,800g,£1.45,18.1p/100g,,Bakery
895796,Waitrose Wholemeal Farmhouse Thick Sliced,G,false,85,https://ecom-su-static-prod.wtrecom.com/images/products/3/LN_895796_BP_3.jpg,https://www.waitrose.com/ecom/products/waitrose-wholemeal-farmhouse-thick-sliced/895796-382498-382499,Waitrose Wholemeal Farmhouse Thick Sliced,400g,£1.10,27.5p/100g,,Bakery
035513,Vogel's Soya & Linseed Bread,G,false,86,https://ecom-su-static-prod.wtrecom.com/images/products/3/LN_035513_BP_3.jpg,https://www.waitrose.com/ecom/products/vogels-soya-linseed-bread/035513-17870-17871,Vogel's Soya & Linseed Bread,800g,£2.40,30p/100g,,Bakery
843884,Jacksons Multigrain Brown Bloomer,G,false,87,https://ecom-su-static-prod.wtrecom.com/images/products/3/LN_843884_BP_3.jpg,https://www.waitrose.com/ecom/products/jacksons-multigrain-brown-bloomer/843884-382380-382381,Jacksons Multigrain Brown Bloomer,400g,£1.50,37.5p/100g,,Bakery
018784,Waitrose Mixed Olive Ciabatta,G,false,88,https://ecom-su-static-prod.wtrecom.com/images/products/3/LN_018784_BP_3.jpg,https://www.waitrose.com/ecom/products/waitrose-mixed-olive-ciabatta/018784-9085-9086,Waitrose Mixed Olive Ciabatta,Each,£2.15,£2.15 each,,Bakery
524302,Waitrose 2 Cinnamon Buns,G,false,89,https://ecom-su-static-prod.wtrecom.com/images/products/3/LN_524302_BP_3.jpg,https://www.waitrose.com/ecom/products/waitrose-2-cinnamon-buns/524302-753341-753342,Waitrose 2 Cinnamon Buns,2s,£2.50,£1.25 each,,Bakery
566073,Essential Wholemeal Giant Baps,G,false,90,https://ecom-su-static-prod.wtrecom.com/images/products/3/LN_566073_BP_3.jpg,https://www.waitrose.com/ecom/products/essential-wholemeal-giant-baps/566073-80200-80201,Essential Wholemeal Giant Baps,4s,90p,22.5p each,,Bakery
834403,Fitzgeralds 2 Multiseed Baguettes,G,false,91,https://ecom-su-static-prod.wtrecom.com/images/products/3/LN_834403_BP_3.jpg,https://www.waitrose.com/ecom/products/fitzgeralds-2-multiseed-baguettes/834403-605218-605219,Fitzgeralds 2 Multiseed Baguettes,250g,£2.00,80p/100g,,Bakery
632690,Waitrose Coffee & Walnut Cake,G,true,92,https://ecom-su-static-prod.wtrecom.com/images/products/3/LN_632690_BP_3.jpg,https://www.waitrose.com/ecom/products/waitrose-coffee-walnut-cake/632690-89857-89858,Waitrose Coffee & Walnut Cake,each,£2.96,£2.96 each,20% Off. Was £3.70,Bakery
365632,Bonne Maman 7 Madeleine Cakes,G,false,93,https://ecom-su-static-prod.wtrecom.com/images/products/3/LN_365632_BP_3.jpg,https://www.waitrose.com/ecom/products/bonne-maman-7-madeleine-cakes/365632-51434-51435,Bonne Maman 7 Madeleine Cakes,175g,£3.00,£1.72/100g,,Bakery
656100,Bertinet Bakery Seven Seeds & Grains Sourdough,G,false,94,https://ecom-su-static-prod.wtrecom.com/images/products/3/LN_656100_BP_3.jpg,https://www.waitrose.com/ecom/products/bertinet-bakery-seven-seeds-grains-sourdough/656100-810536-810537,Bertinet Bakery Seven Seeds & Grains Sourdough,500g,£2.20,44p/100g,,Bakery
894034,Irwin's Together Ancient Grain Muffins,G,false,95,https://ecom-su-static-prod.wtrecom.com/images/products/3/LN_894034_BP_3.jpg,https://www.waitrose.com/ecom/products/irwins-together-ancient-grain-muffins/894034-558750-558751,Irwin's Together Ancient Grain Muffins,4s,£1.55,38.8p each,,Bakery
089978,Essential 2 Iced Belgian Buns,G,false,96,https://ecom-su-static-prod.wtrecom.com/images/products/3/LN_089978_BP_3.jpg,https://www.waitrose.com/ecom/products/essential-2-iced-belgian-buns/089978-46398-46399,Essential 2 Iced Belgian Buns,2s,£1.75,87.5p each,,Bakery
838790,Essential 6 Bake at Home Petit Pains,G,false,97,https://ecom-su-static-prod.wtrecom.com/images/products/3/LN_838790_BP_3.jpg,https://www.waitrose.com/ecom/products/essential-6-bake-at-home-petit-pains/838790-746621-746622,Essential 6 Bake at Home Petit Pains,6s,£1.25,20.8p each,,Bakery
888118,Waitrose 8 Seeded Tortilla Wraps,G,false,98,https://ecom-su-static-prod.wtrecom.com/images/products/3/LN_888118_BP_3.jpg,https://www.waitrose.com/ecom/products/waitrose-8-seeded-tortilla-wraps/888118-256005-256006,Waitrose 8 Seeded Tortilla Wraps,8s,£1.50,29.3p/100g,,Bakery
021242,Waitrose Lemon Drizzle Cake,G,true,99,https://ecom-su-static-prod.wtrecom.com/images/products/3/LN_021242_BP_3.jpg,https://www.waitrose.com/ecom/products/waitrose-lemon-drizzle-cake/021242-10341-10342,Waitrose Lemon Drizzle Cake,Each,£2.96,£2.96 each,20% Off. Was £3.70,Bakery
740026,Waitrose 4 Panini,G,false,100,https://ecom-su-static-prod.wtrecom.com/images/products/3/LN_740026_BP_3.jpg,https://www.waitrose.com/ecom/products/waitrose-4-panini/740026-105194-105195,Waitrose 4 Panini,4s,£1.85,46.3p each,,Bakery
065352,White Farmhouse Loaf,G,false,101,https://ecom-su-static-prod.wtrecom.com/images/products/3/LN_065352_BP_3.jpg,https://www.waitrose.com/ecom/products/white-farmhouse-loaf/065352-33119-33120,White Farmhouse Loaf,400g,£1.30,32.5p/100g,,Bakery
055337,Waitrose Plain Ciabatta,G,false,102,https://ecom-su-static-prod.wtrecom.com/images/products/3/LN_055337_BP_3.jpg,https://www.waitrose.com/ecom/products/waitrose-plain-ciabatta/055337-27777-27778,Waitrose Plain Ciabatta,each,£2.00,,,Bakery
599204,Waitrose 6 Large Mixed Rolls,G,false,103,https://ecom-su-static-prod.wtrecom.com/images/products/3/LN_599204_BP_3.jpg,https://www.waitrose.com/ecom/products/waitrose-6-large-mixed-rolls/599204-824246-824246,Waitrose 6 Large Mixed Rolls,6s,£1.75,29.2p each,,Bakery
385029,Waitrose Millionaire Bites,G,true,104,https://ecom-su-static-prod.wtrecom.com/images/products/3/LN_385029_BP_3.jpg,https://www.waitrose.com/ecom/products/waitrose-millionaire-bites/385029-127297-127298,Waitrose Millionaire Bites,288g,£3.50,£1.22/100g,Add 2 for £6,Bakery
054266,Hovis Granary Wholemeal Sliced Bread,G,false,105,https://ecom-su-static-prod.wtrecom.com/images/products/3/LN_054266_BP_3.jpg,https://www.waitrose.com/ecom/products/hovis-granary-wholemeal-sliced-bread/054266-27239-27240,Hovis Granary Wholemeal Sliced Bread,800g,£1.90,23.8p/100g,,Bakery
777243,Waitrose Mini Flapjack Bites,G,true,106,https://ecom-su-static-prod.wtrecom.com/images/products/3/LN_777243_BP_3.jpg,https://www.waitrose.com/ecom/products/waitrose-mini-flapjack-bites/777243-110540-110541,Waitrose Mini Flapjack Bites,260g,£3.50,£1.35/100g,Add 2 for £6,Bakery
448278,Hovis 1886 Premium Hot Dog Rolls,G,true,107,https://ecom-su-static-prod.wtrecom.com/images/products/3/LN_448278_BP_3.jpg,https://www.waitrose.com/ecom/products/hovis-1886-premium-hot-dog-rolls/448278-779901-779902,Hovis 1886 Premium Hot Dog Rolls,4s,£1.70,42.5p each,Add 2 for £3,Bakery
632546,Waitrose Free From Gluten Sliced Seeded Cob,G,false,108,https://ecom-su-static-prod.wtrecom.com/images/products/3/LN_632546_BP_3.jpg,https://www.waitrose.com/ecom/products/waitrose-free-from-gluten-sliced-seeded-cob/632546-678133-678134,Waitrose Free From Gluten Sliced Seeded Cob,375g,£3.10,82.7p/100g,,Bakery
570382,Waitrose Chocolate Mini Rolls,G,true,109,https://ecom-su-static-prod.wtrecom.com/images/products/3/LN_570382_BP_3.jpg,https://www.waitrose.com/ecom/products/waitrose-chocolate-mini-rolls/570382-80790-80791,Waitrose Chocolate Mini Rolls,17s,£3.50,20.6p each,Add 2 for £6,Bakery
055428,Vogel's Original Mixed Grain Bread,G,false,110,https://ecom-su-static-prod.wtrecom.com/images/products/3/LN_055428_BP_3.jpg,https://www.waitrose.com/ecom/products/vogels-original-mixed-grain-bread/055428-27823-27824,Vogel's Original Mixed Grain Bread,800g,£2.40,30p/100g,,Bakery
471515,Cherry Lattice With Almonds,G,false,111,https://ecom-su-static-prod.wtrecom.com/images/products/3/LN_471515_BP_3.jpg,https://www.waitrose.com/ecom/products/cherry-lattice-with-almonds/471515-288357-288358,Cherry Lattice With Almonds,each,£1.40,£1.40 each,,Bakery
398104,Crosta & Mollica Pane Pugliese,G,false,112,https://ecom-su-static-prod.wtrecom.com/images/products/3/LN_398104_BP_3.jpg,https://www.waitrose.com/ecom/products/crosta-mollica-pane-pugliese/398104-131221-131222,Crosta & Mollica Pane Pugliese,400g,£2.40,60p/100g,,Bakery
679391,Fitzgeralds 6 Soft Kids Wraps,G,false,113,https://ecom-su-static-prod.wtrecom.com/images/products/3/LN_679391_BP_3.jpg,https://www.waitrose.com/ecom/products/fitzgeralds-6-soft-kids-wraps/679391-661867-661868,Fitzgeralds 6 Soft Kids Wraps,6s,£1.60,26.7p each,,Bakery
521824,Deli Kitchen Plain Folded Flatbreads,G,false,114,https://ecom-su-static-prod.wtrecom.com/images/products/3/LN_521824_BP_3.jpg,https://www.waitrose.com/ecom/products/deli-kitchen-plain-folded-flatbreads/521824-492967-492968,Deli Kitchen Plain Folded Flatbreads,6s,£1.50,25p each,,Bakery
653720,No.1 Wheat & Rye Sourdough Sliced,G,false,115,https://ecom-su-static-prod.wtrecom.com/images/products/3/LN_653720_BP_3.jpg,https://www.waitrose.com/ecom/products/no1-wheat-rye-sourdough-sliced/653720-373403-373404,No.1 Wheat & Rye Sourdough Sliced,500g,£2.20,44p/100g,,Bakery
714403,Stonebaked Baguette,G,false,116,https://ecom-su-static-prod.wtrecom.com/images/products/3/LN_714403_BP_3.jpg,https://www.waitrose.com/ecom/products/stonebaked-baguette/714403-382108-382109,Stonebaked Baguette,400g,£1.60,40p/100g,,Bakery
057058,Soreen Sliced Malt Loaf,G,true,117,https://ecom-su-static-prod.wtrecom.com/images/products/3/LN_057058_BP_3.jpg,https://www.waitrose.com/ecom/products/soreen-sliced-malt-loaf/057058-28677-28678,Soreen Sliced Malt Loaf,290g,£1.60,55.2p/100g,20% Off. Was £2.00,Bakery
852514,Essential 5 Flapjacks,G,false,118,https://ecom-su-static-prod.wtrecom.com/images/products/3/LN_852514_BP_3.jpg,https://www.waitrose.com/ecom/products/essential-5-flapjacks/852514-721652-721653,Essential 5 Flapjacks,5s,£1.35,84.4p/100g,,Bakery
887033,No.1 Rye and Wheat Dark Sourdough Bread,G,false,119,https://ecom-su-static-prod.wtrecom.com/images/products/3/LN_887033_BP_3.jpg,https://www.waitrose.com/ecom/products/no1-rye-and-wheat-dark-sourdough-bread/887033-526254-526255,No.1 Rye and Wheat Dark Sourdough Bread,500g,£2.70,54p/100g,,Bakery
654238,Jacksons Super Seeded Bloomer,G,false,120,https://ecom-su-static-prod.wtrecom.com/images/products/3/LN_654238_BP_3.jpg,https://www.waitrose.com/ecom/products/jacksons-super-seeded-bloomer/654238-707517-707518,Jacksons Super Seeded Bloomer,800g,£2.00,25p/100g,,Bakery
038389,Irwin's Together 4 Potato Slims,G,false,121,https://ecom-su-static-prod.wtrecom.com/images/products/3/LN_038389_BP_3.jpg,https://www.waitrose.com/ecom/products/irwins-together-4-potato-slims/038389-19143-19144,Irwin's Together 4 Potato Slims,4s,£2.10,87.5p/100g,,Bakery
817717,Essential 4 Blueberry Muffins,G,false,122,https://ecom-su-static-prod.wtrecom.com/images/products/3/LN_817717_BP_3.jpg,https://www.waitrose.com/ecom/products/essential-4-blueberry-muffins/817717-772494-772495,Essential 4 Blueberry Muffins,4s,£1.90,47.5p each,,Bakery
657575,Stonebaked White Boule,G,false,123,https://ecom-su-static-prod.wtrecom.com/images/products/3/LN_657575_BP_3.jpg,https://www.waitrose.com/ecom/products/stonebaked-white-boule/657575-605100-605101,Stonebaked White Boule,400g,£2.30,57.5p/100g,,Bakery
015949,Schneider Brot Rye Bread with Sunflower Seeds,G,false,124,https://ecom-su-static-prod.wtrecom.com/images/products/3/LN_015949_BP_3.jpg,https://www.waitrose.com/ecom/products/schneider-brot-rye-bread-with-sunflower-seeds/015949-7628-7629,Schneider Brot Rye Bread with Sunflower Seeds,500g,£1.50,30p/100g,,Bakery
728889,Essential 5 Brownie Bars,G,false,125,https://ecom-su-static-prod.wtrecom.com/images/products/3/LN_728889_BP_3.jpg,https://www.waitrose.com/ecom/products/essential-5-brownie-bars/728889-414189-414190,Essential 5 Brownie Bars,5s,£1.35,27p each,,Bakery
807541,Crosta & Mollica Wholeblend Flatbreads,G,false,126,https://ecom-su-static-prod.wtrecom.com/images/products/3/LN_807541_BP_3.jpg,https://www.waitrose.com/ecom/products/crosta-mollica-wholeblend-flatbreads/807541-307196-307197,Crosta & Mollica Wholeblend Flatbreads,4s,£2.00,66.7p/100g,,Bakery
722139,Essential Jam Tarts,G,false,127,https://ecom-su-static-prod.wtrecom.com/images/products/3/LN_722139_BP_3.jpg,https://www.waitrose.com/ecom/products/essential-jam-tarts/722139-204959-204960,Essential Jam Tarts,6s,£1.30,21.7p each,,Bakery
890363,Raspberry Jam Doughnut,G,false,128,https://ecom-su-static-prod.wtrecom.com/images/products/3/LN_890363_BP_3.jpg,https://www.waitrose.com/ecom/products/raspberry-jam-doughnut/890363-759537-759538,Raspberry Jam Doughnut,each,80p,80p each,,Bakery
450555,Wildfarmed Seeded Sourdough Bread,G,false,129,https://ecom-su-static-prod.wtrecom.com/images/products/3/LN_450555_BP_3.jpg,https://www.waitrose.com/ecom/products/wildfarmed-seeded-sourdough-bread/450555-825031-825032,Wildfarmed Seeded Sourdough Bread,600g,£4.00,£6.67/kg,,Bakery
890259,White Sourdough Roll,G,false,130,https://ecom-su-static-prod.wtrecom.com/images/products/3/LN_890259_BP_3.jpg,https://www.waitrose.com/ecom/products/white-sourdough-roll/890259-759415-759416,White Sourdough Roll,each,70p,70p each,,Bakery
576069,Soreen The Original Malt Loaf,G,true,131,https://ecom-su-static-prod.wtrecom.com/images/products/3/LN_576069_BP_3.jpg,https://www.waitrose.com/ecom/products/soreen-the-original-malt-loaf/576069-81622-81623,Soreen The Original Malt Loaf,260g,£1.44,55.4p/100g,20% Off. Was £1.80,Bakery
606479,Levantine Table 2 Roasted Garlic Flatbreads,G,false,132,https://ecom-su-static-prod.wtrecom.com/images/products/3/LN_606479_BP_3.jpg,https://www.waitrose.com/ecom/products/levantine-table-2-roasted-garlic-flatbreads/606479-743612-743613,Levantine Table 2 Roasted Garlic Flatbreads,200g,£1.60,80p/100g,,Bakery
766445,Waitrose Buttermilk Pikelets,G,false,133,https://ecom-su-static-prod.wtrecom.com/images/products/3/LN_766445_BP_3.jpg,https://www.waitrose.com/ecom/products/waitrose-buttermilk-pikelets/766445-629383-629384,Waitrose Buttermilk Pikelets,6s,£1.35,22.5p each,,Bakery
681536,Waitrose 4 Multigrain Rolls,G,false,134,https://ecom-su-static-prod.wtrecom.com/images/products/3/LN_681536_BP_3.jpg,https://www.waitrose.com/ecom/products/waitrose-4-multigrain-rolls/681536-778968-778969,Waitrose 4 Multigrain Rolls,4s,£1.20,30p each,,Bakery
066274,Waitrose Carrot Cake,G,true,135,https://ecom-su-static-prod.wtrecom.com/images/products/3/LN_066274_BP_3.jpg,https://www.waitrose.com/ecom/products/waitrose-carrot-cake/066274-33552-33553,Waitrose Carrot Cake,each,£2.96,£2.96 each,20% Off. Was £3.70,Bakery
056202,Real Lancashire Eccles Cakes,G,false,136,https://ecom-su-static-prod.wtrecom.com/images/products/3/LN_056202_BP_3.jpg,https://www.waitrose.com/ecom/products/real-lancashire-eccles-cakes/056202-28181-28182,Real Lancashire Eccles Cakes,4s,£2.50,62.5p each,,Bakery
021521,Irwin's Together Brown Soda Bread,G,false,137,https://ecom-su-static-prod.wtrecom.com/images/products/3/LN_021521_BP_3.jpg,https://www.waitrose.com/ecom/products/irwins-together-brown-soda-bread/021521-10514-10515,Irwin's Together Brown Soda Bread,400g,£2.00,50p/100g,,Bakery
418521,Waitrose 8 Brioche Rolls,G,false,138,https://ecom-su-static-prod.wtrecom.com/images/products/3/LN_418521_BP_3.jpg,https://www.waitrose.com/ecom/products/waitrose-8-brioche-rolls/418521-715224-715225,Waitrose 8 Brioche Rolls,8s,£2.00,25p each,,Bakery
841009,Fitzgeralds Multiseed & Cereal Bagel Slims,G,false,139,https://ecom-su-static-prod.wtrecom.com/images/products/3/LN_841009_BP_3.jpg,https://www.waitrose.com/ecom/products/fitzgeralds-multiseed-cereal-bagel-slims/841009-590433-590434,Fitzgeralds Multiseed & Cereal Bagel Slims,6s,£2.10,35p each,,Bakery
572562,Jackson's Tiger Bloomer,G,true,140,https://ecom-su-static-prod.wtrecom.com/images/products/3/LN_572562_BP_3.jpg,https://www.waitrose.com/ecom/products/jacksons-tiger-bloomer/572562-825095-825096,Jackson's Tiger Bloomer,800g,£1.56,19.5p/100g,20% Off. Was £1.95,Bakery
824840,Soreen 5 Lunchbox Loaves Banana,G,true,141,https://ecom-su-static-prod.wtrecom.com/images/products/3/LN_824840_BP_3.jpg,https://www.waitrose.com/ecom/products/soreen-5-lunchbox-loaves-banana/824840-451922-451923,Soreen 5 Lunchbox Loaves Banana,5s,£1.52,£1.02/100g,20% Off. Was £1.90,Bakery
055009,Schneider Brot German Vollkornbrot 10 Slices,G,false,142,https://ecom-su-static-prod.wtrecom.com/images/products/3/LN_055009_BP_3.jpg,https://www.waitrose.com/ecom/products/schneider-brot-german-vollkornbrot-10-slices/055009-27625-27626,Schneider Brot German Vollkornbrot 10 Slices,500g,£1.45,29p/100g,,Bakery
749634,Old El Paso 8 Super Soft Flour Tortillas,G,false,143,https://ecom-su-static-prod.wtrecom.com/images/products/3/LN_749634_BP_3.jpg,https://www.waitrose.com/ecom/products/old-el-paso-8-super-soft-flour-tortillas/749634-727593-727594,Old El Paso 8 Super Soft Flour Tortillas,326g,£2.00,61.3p/100g,,Bakery
594617,Waitrose Cherry Madeira Cake,G,false,144,https://ecom-su-static-prod.wtrecom.com/images/products/3/LN_594617_BP_3.jpg,https://www.waitrose.com/ecom/products/waitrose-cherry-madeira-cake/594617-373285-373286,Waitrose Cherry Madeira Cake,350g,£2.60,74.3p/100g,,Bakery
812232,New York Bakery Co Wholemeal Bagels,G,false,145,https://ecom-su-static-prod.wtrecom.com/images/products/3/LN_812232_BP_3.jpg,https://www.waitrose.com/ecom/products/new-york-bakery-co-wholemeal-bagels/812232-281945-281946,New York Bakery Co Wholemeal Bagels,5s,£2.00,40p each,,Bakery
522498,Soreen 5 Lunchbox Loaves,G,true,146,https://ecom-su-static-prod.wtrecom.com/images/products/3/LN_522498_BP_3.jpg,https://www.waitrose.com/ecom/products/soreen-5-lunchbox-loaves/522498-451616-451617,Soreen 5 Lunchbox Loaves,150g,£1.52,£1.02/100g,20% Off. Was £1.90,Bakery
608268,Waitrose Fruit Cake,G,true,147,https://ecom-su-static-prod.wtrecom.com/images/products/3/LN_608268_BP_3.jpg,https://www.waitrose.com/ecom/products/waitrose-fruit-cake/608268-246263-246264,Waitrose Fruit Cake,each,£2.96,£2.96 each,20% Off. Was £3.70,Bakery
817933,Crosta & Mollica Piadina Flatbreads,G,false,148,https://ecom-su-static-prod.wtrecom.com/images/products/3/LN_817933_BP_3.jpg,https://www.waitrose.com/ecom/products/crosta-mollica-piadina-flatbreads/817933-198092-198093,Crosta & Mollica Piadina Flatbreads,3s,£2.00,,,Bakery
782540,Wafflemeister Toasting Waffle,G,false,149,https://ecom-su-static-prod.wtrecom.com/images/products/3/LN_782540_BP_3.jpg,https://www.waitrose.com/ecom/products/wafflemeister-toasting-waffle/782540-795222-795223,Wafflemeister Toasting Waffle,4s,£1.95,97.5p/100g,,Bakery
872807,Stonebaked Pain Rustique Roll,G,false,150,https://ecom-su-static-prod.wtrecom.com/images/products/3/LN_872807_BP_3.jpg,https://www.waitrose.com/ecom/products/stonebaked-pain-rustique-roll/872807-805164-805165,Stonebaked Pain Rustique Roll,Each,60p,60p each,,Bakery
605676,Waitrose 2 Lemon & Sultana Danish,G,false,151,https://ecom-su-static-prod.wtrecom.com/images/products/3/LN_605676_BP_3.jpg,https://www.waitrose.com/ecom/products/waitrose-2-lemon-sultana-danish/605676-451696-451697,Waitrose 2 Lemon & Sultana Danish,2s,£2.50,£1.25 each,,Bakery
078498,Croissant,G,false,152,https://ecom-su-static-prod.wtrecom.com/images/products/3/LN_078498_BP_3.jpg,https://www.waitrose.com/ecom/products/croissant/078498-39969-39970,Croissant,each,£1.10,£1.10 each,,Bakery
443063,Stonebaked Grand Rustique,G,false,153,https://ecom-su-static-prod.wtrecom.com/images/products/3/LN_443063_BP_3.jpg,https://www.waitrose.com/ecom/products/stonebaked-grand-rustique/443063-805106-805107,Stonebaked Grand Rustique,each,£1.30,£1.30 each,,Bakery
018594,Waitrose Rich Fruit Cake,G,false,154,https://ecom-su-static-prod.wtrecom.com/images/products/3/LN_018594_BP_3.jpg,https://www.waitrose.com/ecom/products/waitrose-rich-fruit-cake/018594-8979-8980,Waitrose Rich Fruit Cake,each,£2.60,59.6p/100g,,Bakery
519659,No.1 Victoria Sponge,G,false,155,https://ecom-su-static-prod.wtrecom.com/images/products/3/LN_519659_BP_3.jpg,https://www.waitrose.com/ecom/products/no1-victoria-sponge/519659-497788-497789,No.1 Victoria Sponge,each,£6.50,£6.50 each,,Bakery
801540,Waitrose 4 Bramley Apple Pies,G,false,156,https://ecom-su-static-prod.wtrecom.com/images/products/3/LN_801540_BP_3.jpg,https://www.waitrose.com/ecom/products/waitrose-4-bramley-apple-pies/801540-820181-820182,Waitrose 4 Bramley Apple Pies,4s,£2.75,68.8p each,,Bakery
061759,Almond Croissant,G,false,157,https://ecom-su-static-prod.wtrecom.com/images/products/3/LN_061759_BP_3.jpg,https://www.waitrose.com/ecom/products/almond-croissant/061759-31304-31305,Almond Croissant,each,£1.40,£1.40 each,,Bakery
805816,Bertinet Bakery Malted Wheat Sourdough Loaf,G,false,158,https://ecom-su-static-prod.wtrecom.com/images/products/3/LN_805816_BP_3.jpg,https://www.waitrose.com/ecom/products/bertinet-bakery-malted-wheat-sourdough-loaf/805816-595256-595257,Bertinet Bakery Malted Wheat Sourdough Loaf,500g,£2.10,42p/100g,,Bakery
885146,Waitrose Summer 4 Seeded Brioche Burger Buns,G,false,159,https://ecom-su-static-prod.wtrecom.com/images/products/3/LN_885146_BP_3.jpg,https://www.waitrose.com/ecom/products/waitrose-summer-4-seeded-brioche-burger-buns/885146-779373-779374,Waitrose Summer 4 Seeded Brioche Burger Buns,4s,£1.80,45p each,,Bakery
896227,Wildfarmed 4 White Rolls,G,true,160,https://ecom-su-static-prod.wtrecom.com/images/products/3/LN_896227_BP_3.jpg,https://www.waitrose.com/ecom/products/wildfarmed-4-white-rolls/896227-825315-825316,Wildfarmed 4 White Rolls,4s,£2.00,50p each,save 50p. Was £2.50,Bakery
056312,Mr Kipling French Fancies,G,true,161,https://ecom-su-static-prod.wtrecom.com/images/products/3/LN_056312_BP_3.jpg,https://www.waitrose.com/ecom/products/mr-kipling-french-fancies/056312-28259-28260,Mr Kipling French Fancies,8s,£2.36,29.5p each,25% Off. Was £3.15,Bakery
689809,Waitrose Lemon Loaf Cake,G,false,162,https://ecom-su-static-prod.wtrecom.com/images/products/3/LN_689809_BP_3.jpg,https://www.waitrose.com/ecom/products/waitrose-lemon-loaf-cake/689809-568146-568147,Waitrose Lemon Loaf Cake,each,£2.55,£2.55 each,,Bakery
718518,Waitrose American Style Blueberry Pancakes,G,false,163,https://ecom-su-static-prod.wtrecom.com/images/products/3/LN_718518_BP_3.jpg,https://www.waitrose.com/ecom/products/waitrose-american-style-blueberry-pancakes/718518-717545-717546,Waitrose American Style Blueberry Pancakes,4s,£1.80,45p each,,Bakery
890863,Jason's Sourdough White Ciabattin,G,false,164,https://ecom-su-static-prod.wtrecom.com/images/products/3/LN_890863_BP_3.jpg,https://www.waitrose.com/ecom/products/jasons-sourdough-white-ciabattin/890863-789076-789077,Jason's Sourdough White Ciabattin,900g,£3.00,33.3p/100g,,Bakery
671405,Vintage Cheddar Cheese Twist,G,false,165,https://ecom-su-static-prod.wtrecom.com/images/products/3/LN_671405_BP_3.jpg,https://www.waitrose.com/ecom/products/vintage-cheddar-cheese-twist/671405-619917-619918,Vintage Cheddar Cheese Twist,each,£1.25,£1.25 each,,Bakery
612142,Bonne Maman 7 Madeleine Cakes with Milk Chocolate,G,false,166,https://ecom-su-static-prod.wtrecom.com/images/products/3/LN_612142_BP_3.jpg,https://www.waitrose.com/ecom/products/bonne-maman-7-madeleine-cakes-with-milk-chocolate/612142-177274-177275,Bonne Maman 7 Madeleine Cakes with Milk Chocolate,210g,£3.00,£1.43/100g,,Bakery
881221,No.1 Pains Au Chocolat,G,false,167,https://ecom-su-static-prod.wtrecom.com/images/products/3/LN_881221_BP_3.jpg,https://www.waitrose.com/ecom/products/no1-pains-au-chocolat/881221-493353-493354,No.1 Pains Au Chocolat,2s,£2.40,£1.20 each,,Bakery
704582,Waitrose 4 All Butter Cheese Scone,G,true,168,https://ecom-su-static-prod.wtrecom.com/images/products/3/LN_704582_BP_3.jpg,https://www.waitrose.com/ecom/products/waitrose-4-all-butter-cheese-scone/704582-803970-803971,Waitrose 4 All Butter Cheese Scone,4s,£1.60,40p each,20% Off. Was £2.00,Bakery
886048,Waitrose Ginger Loaf Cake,G,false,169,https://ecom-su-static-prod.wtrecom.com/images/products/3/LN_886048_BP_3.jpg,https://www.waitrose.com/ecom/products/waitrose-ginger-loaf-cake/886048-746457-746458,Waitrose Ginger Loaf Cake,each,£2.55,£2.55 each,,Bakery
617004,"Mini Tart Selection, 18 pieces",E,false,170,https://ecom-su-static-prod.wtrecom.com/images/products/3/LN_617004_BP_3.jpg,https://www.waitrose.com/ecom/products/mini-tart-selection-18-pieces/617004-550077-550077,"Mini Tart Selection, 18 pieces",Typical weight 510g,£17.00,,,Bakery
686789,Essential 2 Raspberry Yum Yums,G,false,171,https://ecom-su-static-prod.wtrecom.com/images/products/3/LN_686789_BP_3.jpg,https://www.waitrose.com/ecom/products/essential-2-raspberry-yum-yums/686789-726158-726159,Essential 2 Raspberry Yum Yums,2s,£1.50,75p each,,Bakery
032502,Tan Y Castell Welshcakes,G,false,172,https://ecom-su-static-prod.wtrecom.com/images/products/3/LN_032502_BP_3.jpg,https://www.waitrose.com/ecom/products/tan-y-castell-welshcakes/032502-15877-15878,Tan Y Castell Welshcakes,6s,£1.35,22.5p each,,Bakery
786866,New York Bakery Co Soft Seeded Bagel Thins,G,true,173,https://ecom-su-static-prod.wtrecom.com/images/products/3/LN_786866_BP_3.jpg,https://www.waitrose.com/ecom/products/new-york-bakery-co-soft-seeded-bagel-thins/786866-662033-662034,New York Bakery Co Soft Seeded Bagel Thins,4s,£1.35,33.8p each,Add 2 for £2,Bakery
830973,Wildfarmed Sliced Seeded Bread,G,false,174,https://ecom-su-static-prod.wtrecom.com/images/products/3/LN_830973_BP_3.jpg,https://www.waitrose.com/ecom/products/wildfarmed-sliced-seeded-bread/830973-825265-825266,Wildfarmed Sliced Seeded Bread,550g,£2.80,£5.10/kg,,Bakery
028721,Waitrose Victoria Sandwich Cake,G,true,175,https://ecom-su-static-prod.wtrecom.com/images/products/3/LN_028721_BP_3.jpg,https://www.waitrose.com/ecom/products/waitrose-victoria-sandwich-cake/028721-14000-14001,Waitrose Victoria Sandwich Cake,each,£2.96,£2.96 each,20% Off. Was £3.70,Bakery
841175,Light Rye Boule,G,false,176,https://ecom-su-static-prod.wtrecom.com/images/products/3/LN_841175_BP_3.jpg,https://www.waitrose.com/ecom/products/light-rye-boule/841175-629454-629455,Light Rye Boule,each,£2.30,£2.30 each,,Bakery
065007,Flute,G,false,177,https://ecom-su-static-prod.wtrecom.com/images/products/3/LN_065007_BP_3.jpg,https://www.waitrose.com/ecom/products/flute/065007-32933-32934,Flute,400g,£1.60,40p/100g,,Bakery
455525,Waitrose Mini Brownie Bites,G,true,178,https://ecom-su-static-prod.wtrecom.com/images/products/3/LN_455525_BP_3.jpg,https://www.waitrose.com/ecom/products/waitrose-mini-brownie-bites/455525-127397-127398,Waitrose Mini Brownie Bites,280g,£3.50,£1.25/100g,Add 2 for £6,Bakery
055018,Essential White Medium Sliced Bread,G,false,179,https://ecom-su-static-prod.wtrecom.com/images/products/3/LN_055018_BP_3.jpg,https://www.waitrose.com/ecom/products/essential-white-medium-sliced-bread/055018-27631-27632,Essential White Medium Sliced Bread,800g,75p,9.4p/100g,,Bakery
752039,Waitrose All Butter Welsh Cakes,G,false,180,https://ecom-su-static-prod.wtrecom.com/images/products/3/LN_752039_BP_3.jpg,https://www.waitrose.com/ecom/products/waitrose-all-butter-welsh-cakes/752039-629371-629372,Waitrose All Butter Welsh Cakes,6s,£2.10,35p each,,Bakery
865264,Waitrose Mini Cornflake Cluster Bites,G,true,181,https://ecom-su-static-prod.wtrecom.com/images/products/3/LN_865264_BP_3.jpg,https://www.waitrose.com/ecom/products/waitrose-mini-cornflake-cluster-bites/865264-694040-694041,Waitrose Mini Cornflake Cluster Bites,200g,£3.50,£1.75/100g,Add 2 for £6,Bakery
455552,Malted Mixed Seeds Bloomer,G,false,182,https://ecom-su-static-prod.wtrecom.com/images/products/3/LN_455552_BP_3.jpg,https://www.waitrose.com/ecom/products/malted-mixed-seeds-bloomer/455552-704763-704764,Malted Mixed Seeds Bloomer,each,£2.30,£2.30 each,,Bakery
590190,Irwin's Together Cinnamon & Raisin Loaf,G,false,183,https://ecom-su-static-prod.wtrecom.com/images/products/3/LN_590190_BP_3.jpg,https://www.waitrose.com/ecom/products/irwins-together-cinnamon-raisin-loaf/590190-497870-497871,Irwin's Together Cinnamon & Raisin Loaf,400g,£2.10,52.5p/100g,,Bakery
857711,Wiltshire Bakery Brioche Buns,G,false,184,https://ecom-su-static-prod.wtrecom.com/images/products/3/LN_857711_BP_3.jpg,https://www.waitrose.com/ecom/products/wiltshire-bakery-brioche-buns/857711-804738-804739,Wiltshire Bakery Brioche Buns,2s,£1.35,67.5p each,,Bakery
889447,Waitrose Delicious & Sticky Banana Loaf Cake,G,false,185,https://ecom-su-static-prod.wtrecom.com/images/products/3/LN_889447_BP_3.jpg,https://www.waitrose.com/ecom/products/waitrose-delicious-sticky-banana-loaf-cake/889447-568384-568385,Waitrose Delicious & Sticky Banana Loaf Cake,Each,£2.55,£2.55 each,,Bakery
868074,Stonebaked Malted Mixed Seed Roll,G,false,186,https://ecom-su-static-prod.wtrecom.com/images/products/3/LN_868074_BP_3.jpg,https://www.waitrose.com/ecom/products/stonebaked-malted-mixed-seed-roll/868074-759409-759410,Stonebaked Malted Mixed Seed Roll,each,70p,70p each,,Bakery
790940,Irwin's Together Fruit Loaf,G,false,187,https://ecom-su-static-prod.wtrecom.com/images/products/3/LN_790940_BP_3.jpg,https://www.waitrose.com/ecom/products/irwins-together-fruit-loaf/790940-451874-451875,Irwin's Together Fruit Loaf,400g,£2.35,58.8p/100g,,Bakery
056092,Mr Kipling Mini Battenbergs,G,true,188,https://ecom-su-static-prod.wtrecom.com/images/products/3/LN_056092_BP_3.jpg,https://www.waitrose.com/ecom/products/mr-kipling-mini-battenbergs/056092-28115-28116,Mr Kipling Mini Battenbergs,5s,£2.17,43.4p each,25% Off. Was £2.90,Bakery
456573,Waitrose Free From Gluten Mixed Seed Loaf,G,false,189,https://ecom-su-static-prod.wtrecom.com/images/products/3/LN_456573_BP_3.jpg,https://www.waitrose.com/ecom/products/waitrose-free-from-gluten-mixed-seed-loaf/456573-744927-744928,Waitrose Free From Gluten Mixed Seed Loaf,400g,£2.95,73.8p/100g,,Bakery
820327,GAIL's Seeded Sourdough,G,false,190,https://ecom-su-static-prod.wtrecom.com/images/products/3/LN_820327_BP_3.jpg,https://www.waitrose.com/ecom/products/gails-seeded-sourdough/820327-744449-744450,GAIL's Seeded Sourdough,650g,£4.70,72.3p/100g,,Bakery
652915,No.1 Mixed Olive Bloomer,G,false,191,https://ecom-su-static-prod.wtrecom.com/images/products/3/LN_652915_BP_3.jpg,https://www.waitrose.com/ecom/products/no1-mixed-olive-bloomer/652915-759383-759384,No.1 Mixed Olive Bloomer,each,£3.10,£3.10 each,,Bakery
571319,Cadbury Mini Rolls Milk Chocolate,G,false,192,https://ecom-su-static-prod.wtrecom.com/images/products/3/LN_571319_BP_3.jpg,https://www.waitrose.com/ecom/products/cadbury-mini-rolls-milk-chocolate/571319-349876-349877,Cadbury Mini Rolls Milk Chocolate,10s,£3.95,39.5p each,,Bakery
644304,The Food Doctor Multi-Seed & Cereal Pittas,G,false,193,https://ecom-su-static-prod.wtrecom.com/images/products/3/LN_644304_BP_3.jpg,https://www.waitrose.com/ecom/products/the-food-doctor-multi-seed-cereal-pittas/644304-91457-91458,The Food Doctor Multi-Seed & Cereal Pittas,6x60g,£1.30,36.1p/100g,,Bakery
082910,Essential 6 Iced Finger Buns,G,false,194,https://ecom-su-static-prod.wtrecom.com/images/products/3/LN_082910_BP_3.jpg,https://www.waitrose.com/ecom/products/essential-6-iced-finger-buns/082910-42137-42138,Essential 6 Iced Finger Buns,6s,£1.65,27.5p each,,Bakery
502957,Waitrose Rosemary & Rock Salt Focaccia,G,false,195,https://ecom-su-static-prod.wtrecom.com/images/products/3/LN_502957_BP_3.jpg,https://www.waitrose.com/ecom/products/waitrose-rosemary-rock-salt-focaccia/502957-586486-586487,Waitrose Rosemary & Rock Salt Focaccia,2s,£2.00,£1 each,,Bakery
758398,Bertinet Bakery Rustic Country White Sourdough,G,false,196,https://ecom-su-static-prod.wtrecom.com/images/products/3/LN_758398_BP_3.jpg,https://www.waitrose.com/ecom/products/bertinet-bakery-rustic-country-white-sourdough/758398-810554-810555,Bertinet Bakery Rustic Country White Sourdough,500g,£2.20,44p/100g,,Bakery
879177,Waitrose Free From Gluten Tiger Loaf,G,false,197,https://ecom-su-static-prod.wtrecom.com/images/products/3/LN_879177_BP_3.jpg,https://www.waitrose.com/ecom/products/waitrose-free-from-gluten-tiger-loaf/879177-745647-745648,Waitrose Free From Gluten Tiger Loaf,375g,£3.40,90.7p/100g,,Bakery
529979,Levantine Table Classic Baklava Selection,G,true,198,https://ecom-su-static-prod.wtrecom.com/images/products/3/LN_529979_BP_3.jpg,https://www.waitrose.com/ecom/products/levantine-table-classic-baklava-selection/529979-746461-746462,Levantine Table Classic Baklava Selection,200g,£2.80,£1.40/100g,20% Off. Was £3.60,Bakery
733934,Fitzgeralds Multiseed & Cereal Bagels,G,false,199,https://ecom-su-static-prod.wtrecom.com/images/products/3/LN_733934_BP_3.jpg,https://www.waitrose.com/ecom/products/fitzgeralds-multiseed-cereal-bagels/733934-661955-661956,Fitzgeralds Multiseed & Cereal Bagels,5s,£2.20,44p each,,Bakery
442858,Waitrose Mini Rocky Road Bites,G,true,200,https://ecom-su-static-prod.wtrecom.com/images/products/3/LN_442858_BP_3.jpg,https://www.waitrose.com/ecom/products/waitrose-mini-rocky-road-bites/442858-127379-127380,Waitrose Mini Rocky Road Bites,234g,£3.50,£1.50/100g,Add 2 for £6,Bakery
889292,Essential 4 Double Chocolate Muffins,G,false,201,https://ecom-su-static-prod.wtrecom.com/images/products/3/LN_889292_BP_3.jpg,https://www.waitrose.com/ecom/products/essential-4-double-chocolate-muffins/889292-772511-772512,Essential 4 Double Chocolate Muffins,4s,£1.90,47.5p each,,Bakery
426882,Wheat & Rye Bloomer with Pumpkin Seeds,G,false,202,https://ecom-su-static-prod.wtrecom.com/images/products/3/LN_426882_BP_3.jpg,https://www.waitrose.com/ecom/products/wheat-rye-bloomer-with-pumpkin-seeds/426882-759359-759360,Wheat & Rye Bloomer with Pumpkin Seeds,400g,£2.30,57.5p/100g,,Bakery
870433,Duchy Organic Brown Seeded Bloomer,G,false,203,https://ecom-su-static-prod.wtrecom.com/images/products/3/LN_870433_BP_3.jpg,https://www.waitrose.com/ecom/products/duchy-organic-brown-seeded-bloomer/870433-759411-759412,Duchy Organic Brown Seeded Bloomer,each,£2.30,£2.30 each,,Bakery
523535,Wildfarmed Sliced White Bread,G,false,204,https://ecom-su-static-prod.wtrecom.com/images/products/3/LN_523535_BP_3.jpg,https://www.waitrose.com/ecom/products/wildfarmed-sliced-white-bread/523535-825077-825078,Wildfarmed Sliced White Bread,550g,£2.80,£5.10/kg,,Bakery
725437,No.1 Malt Sourdough Bread with Seeds,G,false,205,https://ecom-su-static-prod.wtrecom.com/images/products/3/LN_725437_BP_3.jpg,https://www.waitrose.com/ecom/products/no1-malt-sourdough-bread-with-seeds/725437-103057-103058,No.1 Malt Sourdough Bread with Seeds,500g,£2.20,44p/100g,,Bakery
400217,JOY Farmhouse Multiseed & Grain,G,false,206,https://ecom-su-static-prod.wtrecom.com/images/products/3/LN_400217_BP_3.jpg,https://www.waitrose.com/ecom/products/joy-farmhouse-multiseed-grain/400217-804634-804635,JOY Farmhouse Multiseed & Grain,700g,£1.30,18.6p/100g,,Bakery
018664,Waitrose Genoa Cake,G,false,207,https://ecom-su-static-prod.wtrecom.com/images/products/3/LN_018664_BP_3.jpg,https://www.waitrose.com/ecom/products/waitrose-genoa-cake/018664-9019-9020,Waitrose Genoa Cake,each,£2.60,,,Bakery
002052,Waitrose Chocolate Cake,G,true,208,https://ecom-su-static-prod.wtrecom.com/images/products/3/LN_002052_BP_3.jpg,https://www.waitrose.com/ecom/products/waitrose-chocolate-cake/002052-538-539,Waitrose Chocolate Cake,each,£2.96,£2.96 each,20% Off. Was £3.70,Bakery
610969,Waitrose Coffee & Walnut Mini Cupcakes,G,true,209,https://ecom-su-static-prod.wtrecom.com/images/products/3/LN_610969_BP_3.jpg,https://www.waitrose.com/ecom/products/waitrose-coffee-walnut-mini-cupcakes/610969-707804-707805,Waitrose Coffee & Walnut Mini Cupcakes,9s,£2.60,28.9p each,20% Off. Was £3.25,Bakery
568174,New York Bakery Co Red Onion & Chives Bagels,G,false,210,https://ecom-su-static-prod.wtrecom.com/images/products/3/LN_568174_BP_3.jpg,https://www.waitrose.com/ecom/products/new-york-bakery-co-red-onion-chives-bagels/568174-80476-80477,New York Bakery Co Red Onion & Chives Bagels,5s,£2.00,40p each,,Bakery
721337,Waitrose Chocolate Cupcakes,G,true,211,https://ecom-su-static-prod.wtrecom.com/images/products/3/LN_721337_BP_3.jpg,https://www.waitrose.com/ecom/products/waitrose-chocolate-cupcakes/721337-382132-382133,Waitrose Chocolate Cupcakes,4s,£2.40,60p each,20% Off. Was £3.00,Bakery
575100,Bertinet Bakery White Sourdough,G,false,212,https://ecom-su-static-prod.wtrecom.com/images/products/3/LN_575100_BP_3.jpg,https://www.waitrose.com/ecom/products/bertinet-bakery-white-sourdough/575100-595150-595151,Bertinet Bakery White Sourdough,500g,£2.10,42p/100g,,Bakery
586961,Crosta & Mollica Focaccia Panini,G,false,213,https://ecom-su-static-prod.wtrecom.com/images/products/3/LN_586961_BP_3.jpg,https://www.waitrose.com/ecom/products/crosta-mollica-focaccia-panini/586961-769623-769624,Crosta & Mollica Focaccia Panini,2x80g,£2.00,£1.25/100g,,Bakery
797213,No.1 Chocolate Indulgent Cake,G,false,214,https://ecom-su-static-prod.wtrecom.com/images/products/3/LN_797213_BP_3.jpg,https://www.waitrose.com/ecom/products/no1-chocolate-indulgent-cake/797213-703334-703335,No.1 Chocolate Indulgent Cake,each,£6.50,£6.50 each,,Bakery
863648,Waitrose 4 Cherry Bakewell Tarts,G,false,215,https://ecom-su-static-prod.wtrecom.com/images/products/3/LN_863648_BP_3.jpg,https://www.waitrose.com/ecom/products/waitrose-4-cherry-bakewell-tarts/863648-820183-820184,Waitrose 4 Cherry Bakewell Tarts,4s,£2.75,68.8p each,,Bakery
816633,Three Cheese Bloomer,G,false,216,https://ecom-su-static-prod.wtrecom.com/images/products/3/LN_816633_BP_3.jpg,https://www.waitrose.com/ecom/products/three-cheese-bloomer/816633-724087-724088,Three Cheese Bloomer,each,£2.30,£2.30 each,,Bakery
595021,Waitrose Spiced Apple Hot Cross Buns,G,false,217,https://ecom-su-static-prod.wtrecom.com/images/products/3/LN_595021_BP_3.jpg,https://www.waitrose.com/ecom/products/waitrose-spiced-apple-hot-cross-buns/595021-794946-794947,Waitrose Spiced Apple Hot Cross Buns,4s,£1.95,48.8p each,,Bakery
804791,Waitrose Multi-Seeded Farmhouse,G,false,218,https://ecom-su-static-prod.wtrecom.com/images/products/3/LN_804791_BP_3.jpg,https://www.waitrose.com/ecom/products/waitrose-multi-seeded-farmhouse/804791-653673-653674,Waitrose Multi-Seeded Farmhouse,400g,£1.15,28.8p/100g,,Bakery
809054,Bonne Maman 7 Madeleines with Lemon,G,false,219,https://ecom-su-static-prod.wtrecom.com/images/products/3/LN_809054_BP_3.jpg,https://www.waitrose.com/ecom/products/bonne-maman-7-madeleines-with-lemon/809054-693934-693935,Bonne Maman 7 Madeleines with Lemon,175g,£3.00,£1.72/100g,,Bakery
723724,Apple Crumble Danish,G,false,220,https://ecom-su-static-prod.wtrecom.com/images/products/3/LN_723724_BP_3.jpg,https://www.waitrose.com/ecom/products/apple-crumble-danish/723724-445049-445050,Apple Crumble Danish,each,£1.50,,,Bakery
819911,Chocolate & Hazelnut Croissant,G,false,221,https://ecom-su-static-prod.wtrecom.com/images/products/3/LN_819911_BP_3.jpg,https://www.waitrose.com/ecom/products/chocolate-hazelnut-croissant/819911-804728-804729,Chocolate & Hazelnut Croissant,each,£1.10,£1.10 each,,Bakery
874936,"Fournier & Belle Choc, Hazelnut Filled Crêpes",G,false,222,https://ecom-su-static-prod.wtrecom.com/images/products/3/LN_874936_BP_3.jpg,https://www.waitrose.com/ecom/products/fournier-belle-choc-hazelnut-filled-crepes/874936-679771-679772,"Fournier & Belle Choc, Hazelnut Filled Crêpes",192g,£2.00,£1.05/100g,,Bakery
483329,Duchy Organic Wholemeal Bloomer,G,false,223,https://ecom-su-static-prod.wtrecom.com/images/products/3/LN_483329_BP_3.jpg,https://www.waitrose.com/ecom/products/duchy-organic-wholemeal-bloomer/483329-759361-759362,Duchy Organic Wholemeal Bloomer,400g,£2.30,57.5p/100g,,Bakery
464022,Waitrose Raspberry Swiss Roll,G,false,224,https://ecom-su-static-prod.wtrecom.com/images/products/3/LN_464022_BP_3.jpg,https://www.waitrose.com/ecom/products/waitrose-raspberry-swiss-roll/464022-707768-707769,Waitrose Raspberry Swiss Roll,each,£1.90,£1.90 each,,Bakery
884168,Deli Kitchen Seeded Folded Flatbreads,G,false,225,https://ecom-su-static-prod.wtrecom.com/images/products/3/LN_884168_BP_3.jpg,https://www.waitrose.com/ecom/products/deli-kitchen-seeded-folded-flatbreads/884168-493355-493356,Deli Kitchen Seeded Folded Flatbreads,6s,£1.50,25p each,,Bakery
716878,Schär Gluten Free Wholesome Seeded Loaf,G,false,226,https://ecom-su-static-prod.wtrecom.com/images/products/3/LN_716878_BP_3.jpg,https://www.waitrose.com/ecom/products/schar-gluten-free-wholesome-seeded-loaf/716878-485817-485818,Schär Gluten Free Wholesome Seeded Loaf,300g,£3.15,£1.05/100g,,Bakery
760188,Waitrose 4 Wholemeal Seeded Rolls,G,false,227,https://ecom-su-static-prod.wtrecom.com/images/products/3/LN_760188_BP_3.jpg,https://www.waitrose.com/ecom/products/waitrose-4-wholemeal-seeded-rolls/760188-824257-824258,Waitrose 4 Wholemeal Seeded Rolls,4s,£1.85,46.3p each,,Bakery
841477,Hovis 1886 Granary Sliced Bread,G,true,228,https://ecom-su-static-prod.wtrecom.com/images/products/3/LN_841477_BP_3.jpg,https://www.waitrose.com/ecom/products/hovis-1886-granary-sliced-bread/841477-746623-746624,Hovis 1886 Granary Sliced Bread,450g,£1.50,33.3p/100g,save 30p. Was £1.80,Bakery
822142,Essential Bake at Home Brown Baguettes,G,false,229,https://ecom-su-static-prod.wtrecom.com/images/products/3/LN_822142_BP_3.jpg,https://www.waitrose.com/ecom/products/essential-bake-at-home-brown-baguettes/822142-746619-746620,Essential Bake at Home Brown Baguettes,2s,£1.25,62.5p each,,Bakery
559508,Jacksons Bloomin' Both,G,false,230,https://ecom-su-static-prod.wtrecom.com/images/products/3/LN_559508_BP_3.jpg,https://www.waitrose.com/ecom/products/jacksons-bloomin-both/559508-779242-779243,Jacksons Bloomin' Both,800g,£1.75,21.9p/100g,,Bakery
428433,Livlife Seriously Seeded Sliced Bread,G,false,231,https://ecom-su-static-prod.wtrecom.com/images/products/3/LN_428433_BP_3.jpg,https://www.waitrose.com/ecom/products/livlife-seriously-seeded-sliced-bread/428433-815596-815597,Livlife Seriously Seeded Sliced Bread,500g,£2.00,40p/100g,,Bakery
528559,No.1 Lemon & Lime Drizzle Cake,G,false,232,https://ecom-su-static-prod.wtrecom.com/images/products/3/LN_528559_BP_3.jpg,https://www.waitrose.com/ecom/products/no1-lemon-lime-drizzle-cake/528559-497798-497799,No.1 Lemon & Lime Drizzle Cake,each,£6.50,£6.50 each,,Bakery
779409,Wafflemeister Belgian Waffles,G,false,233,https://ecom-su-static-prod.wtrecom.com/images/products/3/LN_779409_BP_3.jpg,https://www.waitrose.com/ecom/products/wafflemeister-belgian-waffles/779409-794104-794105,Wafflemeister Belgian Waffles,5s,£2.25,90p/100g,,Bakery
836840,The Heart of Nature Pure Grain Bread,G,false,234,https://ecom-su-static-prod.wtrecom.com/images/products/3/LN_836840_BP_3.jpg,https://www.waitrose.com/ecom/products/the-heart-of-nature-pure-grain-bread/836840-558656-558657,The Heart of Nature Pure Grain Bread,500g,£3.65,73p/100g,,Bakery
849023,Crosta & Mollica Mini Piadina,G,false,235,https://ecom-su-static-prod.wtrecom.com/images/products/3/LN_849023_BP_3.jpg,https://www.waitrose.com/ecom/products/crosta-mollica-mini-piadina/849023-605234-605235,Crosta & Mollica Mini Piadina,100g,£1.10,£1.10/100g,,Bakery
861971,Essential Iced Fairy Cakes,G,false,236,https://ecom-su-static-prod.wtrecom.com/images/products/3/LN_861971_BP_3.jpg,https://www.waitrose.com/ecom/products/essential-iced-fairy-cakes/861971-205173-205174,Essential Iced Fairy Cakes,6s,£2.20,36.7p each,,Bakery
605379,Waitrose Multigrain Farmhouse,G,false,237,https://ecom-su-static-prod.wtrecom.com/images/products/3/LN_605379_BP_3.jpg,https://www.waitrose.com/ecom/products/waitrose-multigrain-farmhouse/605379-653526-653527,Waitrose Multigrain Farmhouse,400g,£1.15,28.8p/100g,,Bakery
634694,Genius Gluten Free Brioche Burger Buns,G,true,238,https://ecom-su-static-prod.wtrecom.com/images/products/3/LN_634694_BP_3.jpg,https://www.waitrose.com/ecom/products/genius-gluten-free-brioche-burger-buns/634694-701974-701975,Genius Gluten Free Brioche Burger Buns,2x70g,£1.65,£1.18/100g,save 30p. Was £1.95,Bakery
459471,Fibre One 90 Calorie Chocolate Fudge Brownies,G,false,239,https://ecom-su-static-prod.wtrecom.com/images/products/3/LN_459471_BP_3.jpg,https://www.waitrose.com/ecom/products/fibre-one-90-calorie-chocolate-fudge-brownies/459471-491921-491922,Fibre One 90 Calorie Chocolate Fudge Brownies,5x24g,£3.00,£2.50/100g,,Bakery
699236,Waitrose Mini Cupcake Collection,G,true,240,https://ecom-su-static-prod.wtrecom.com/images/products/3/LN_699236_BP_3.jpg,https://www.waitrose.com/ecom/products/waitrose-mini-cupcake-collection/699236-769038-769039,Waitrose Mini Cupcake Collection,9s,£2.60,28.9p each,20% Off. Was £3.25,Bakery
840025,Mixed Seed Baguette,G,false,241,https://ecom-su-static-prod.wtrecom.com/images/products/3/LN_840025_BP_3.jpg,https://www.waitrose.com/ecom/products/mixed-seed-baguette/840025-438236-438237,Mixed Seed Baguette,400g,£1.70,42.5p/100g,,Bakery
415033,Rustique Wholemeal Roll,G,false,242,https://ecom-su-static-prod.wtrecom.com/images/products/3/LN_415033_BP_3.jpg,https://www.waitrose.com/ecom/products/rustique-wholemeal-roll/415033-759355-759356,Rustique Wholemeal Roll,each,60p,60p each,,Bakery
527601,Granary® Loaf,G,false,243,https://ecom-su-static-prod.wtrecom.com/images/products/3/LN_527601_BP_3.jpg,https://www.waitrose.com/ecom/products/granary-loaf/527601-373183-373184,Granary® Loaf,800g,£2.00,25p/100g,,Bakery
806886,Jacksons Multiseed Bloomer,G,false,244,https://ecom-su-static-prod.wtrecom.com/images/products/3/LN_806886_BP_3.jpg,https://www.waitrose.com/ecom/products/jacksons-multiseed-bloomer/806886-409522-409523,Jacksons Multiseed Bloomer,400g,£1.50,37.5p/100g,,Bakery
724908,Wildfarmed White Sourdough Bread,G,false,245,https://ecom-su-static-prod.wtrecom.com/images/products/3/LN_724908_BP_3.jpg,https://www.waitrose.com/ecom/products/wildfarmed-white-sourdough-bread/724908-825199-825200,Wildfarmed White Sourdough Bread,600g,£4.00,£6.67/kg,,Bakery
872615,Mr Kipling Viennese Whirls,G,true,246,https://ecom-su-static-prod.wtrecom.com/images/products/3/LN_872615_BP_3.jpg,https://www.waitrose.com/ecom/products/mr-kipling-viennese-whirls/872615-819516-819517,Mr Kipling Viennese Whirls,6s,£1.98,33p each,25% Off. Was £2.65,Bakery
886123,Pagen Gifflar Cinnamon Rolls,G,false,247,https://ecom-su-static-prod.wtrecom.com/images/products/3/LN_886123_BP_3.jpg,https://www.waitrose.com/ecom/products/pagen-gifflar-cinnamon-rolls/886123-781010-781011,Pagen Gifflar Cinnamon Rolls,260g,£2.20,84.6p/100g,,Bakery
373645,Genius Gluten Free Triple Seeded Farmhouse Loaf,G,false,248,https://ecom-su-static-prod.wtrecom.com/images/products/3/LN_373645_BP_3.jpg,https://www.waitrose.com/ecom/products/genius-gluten-free-triple-seeded-farmhouse-loaf/373645-143390-143391,Genius Gluten Free Triple Seeded Farmhouse Loaf,430g,£2.90,67.4p/100g,,Bakery
036591,Lemon & Sultana Danish,G,false,249,https://ecom-su-static-prod.wtrecom.com/images/products/3/LN_036591_BP_3.jpg,https://www.waitrose.com/ecom/products/lemon-sultana-danish/036591-18336-18337,Lemon & Sultana Danish,each,£1.50,£1.50 each,,Bakery
526740,Fitzgeralds 4 Bake at Home Stonebaked Rustic Rolls,G,false,250,https://ecom-su-static-prod.wtrecom.com/images/products/3/LN_526740_BP_3.jpg,https://www.waitrose.com/ecom/products/fitzgeralds-4-bake-at-home-stonebaked-rustic-rolls/526740-817354-817355,Fitzgeralds 4 Bake at Home Stonebaked Rustic Rolls,4s,£2.10,52.5p each,,Bakery
404247,Morello Cherry & Almond Tart,G,false,251,https://ecom-su-static-prod.wtrecom.com/images/products/3/LN_404247_BP_3.jpg,https://www.waitrose.com/ecom/products/morello-cherry-almond-tart/404247-414206-414207,Morello Cherry & Almond Tart,each,£1.75,£1.75 each,,Bakery
762939,Waitrose Lemon & Lime Cupcakes,G,false,252,https://ecom-su-static-prod.wtrecom.com/images/products/3/LN_762939_BP_3.jpg,https://www.waitrose.com/ecom/products/waitrose-lemon-lime-cupcakes/762939-693882-693883,Waitrose Lemon & Lime Cupcakes,4s,£3.00,75p each,,Bakery
898863,Waitrose St Clements Hot Cross Buns,G,false,253,https://ecom-su-static-prod.wtrecom.com/images/products/3/LN_898863_BP_3.jpg,https://www.waitrose.com/ecom/products/waitrose-st-clements-hot-cross-buns/898863-679805-679806,Waitrose St Clements Hot Cross Buns,4s,£1.95,48.8p each,,Bakery
884377,Duchy Organic Sourdough Baguette,G,false,254,https://ecom-su-static-prod.wtrecom.com/images/products/3/LN_884377_BP_3.jpg,https://www.waitrose.com/ecom/products/duchy-organic-sourdough-baguette/884377-744412-744413,Duchy Organic Sourdough Baguette,each,£2.00,£2 each,,Bakery
883538,Hovis 1886 Cheese Topped Rolls,G,false,255,https://ecom-su-static-prod.wtrecom.com/images/products/3/LN_883538_BP_3.jpg,https://www.waitrose.com/ecom/products/hovis-1886-cheese-topped-rolls/883538-748454-748455,Hovis 1886 Cheese Topped Rolls,4s,£1.70,42.5p each,,Bakery
542225,Fitzgeralds Poppy Seed Bagels,G,false,256,https://ecom-su-static-prod.wtrecom.com/images/products/3/LN_542225_BP_3.jpg,https://www.waitrose.com/ecom/products/fitzgeralds-poppy-seed-bagels/542225-661653-661654,Fitzgeralds Poppy Seed Bagels,5s,£2.20,44p each,,Bakery
770979,GAIL's San Francisco Sourdough,G,false,257,https://ecom-su-static-prod.wtrecom.com/images/products/3/LN_770979_BP_3.jpg,https://www.waitrose.com/ecom/products/gails-san-francisco-sourdough/770979-744440-744441,GAIL's San Francisco Sourdough,650g,£4.90,75.4p/100g,,Bakery
570724,Bonne Maman 7 Petit Fruit Cakes,G,false,258,https://ecom-su-static-prod.wtrecom.com/images/products/3/LN_570724_BP_3.jpg,https://www.waitrose.com/ecom/products/bonne-maman-7-petit-fruit-cakes/570724-409112-409113,Bonne Maman 7 Petit Fruit Cakes,210g,£3.00,£1.43/100g,,Bakery
463637,Butterscotch & Pecan Yum Yum,G,false,259,https://ecom-su-static-prod.wtrecom.com/images/products/3/LN_463637_BP_3.jpg,https://www.waitrose.com/ecom/products/butterscotch-pecan-yum-yum/463637-769944-769945,Butterscotch & Pecan Yum Yum,each,£1.50,£1.50 each,,Bakery
438046,Old El Paso 6 Gluten Free Tortillas,G,false,260,https://ecom-su-static-prod.wtrecom.com/images/products/3/LN_438046_BP_3.jpg,https://www.waitrose.com/ecom/products/old-el-paso-6-gluten-free-tortillas/438046-721831-721832,Old El Paso 6 Gluten Free Tortillas,216g,£3.15,£1.46/100g,,Bakery
579950,Waitrose 2 Juicy Blueberry Muffins,G,false,261,https://ecom-su-static-prod.wtrecom.com/images/products/3/LN_579950_BP_3.jpg,https://www.waitrose.com/ecom/products/waitrose-2-juicy-blueberry-muffins/579950-767811-767812,Waitrose 2 Juicy Blueberry Muffins,2s,£2.15,£1.08 each,,Bakery
740027,Hovis 1886 Premium Fruited Teacakes,G,false,262,https://ecom-su-static-prod.wtrecom.com/images/products/3/LN_740027_BP_3.jpg,https://www.waitrose.com/ecom/products/hovis-1886-premium-fruited-teacakes/740027-785324-785325,Hovis 1886 Premium Fruited Teacakes,4s,£1.80,45p each,,Bakery
685957,Stonebaked Pave with Buckwheat Sourdough,G,false,263,https://ecom-su-static-prod.wtrecom.com/images/products/3/LN_685957_BP_3.jpg,https://www.waitrose.com/ecom/products/stonebaked-pave-with-buckwheat-sourdough/685957-759389-759390,Stonebaked Pave with Buckwheat Sourdough,each,£2.30,£2.30 each,,Bakery
984304,Leckford Farmhouse Loaf,G,false,264,https://ecom-su-static-prod.wtrecom.com/images/products/3/LN_984304_BP_3.jpg,https://www.waitrose.com/ecom/products/leckford-farmhouse-loaf/984304-825393-825394,Leckford Farmhouse Loaf,400g,£2.50,£6.25/kg,,Bakery
884126,Waitrose Golden & Buttery Madeira Loaf Cake,G,false,265,https://ecom-su-static-prod.wtrecom.com/images/products/3/LN_884126_BP_3.jpg,https://www.waitrose.com/ecom/products/waitrose-golden-buttery-madeira-loaf-cake/884126-568374-568375,Waitrose Golden & Buttery Madeira Loaf Cake,each,£2.55,£2.55 each,,Bakery
752595,Deli Kitchen 4 Sliced Foccacia,G,false,266,https://ecom-su-static-prod.wtrecom.com/images/products/3/LN_752595_BP_3.jpg,https://www.waitrose.com/ecom/products/deli-kitchen-4-sliced-foccacia/752595-825211-825212,Deli Kitchen 4 Sliced Foccacia,4s,£1.75,43.8p each,,Bakery
885726,Old El Paso Super Soft Large Flour Tortillas,G,false,267,https://ecom-su-static-prod.wtrecom.com/images/products/3/LN_885726_BP_3.jpg,https://www.waitrose.com/ecom/products/old-el-paso-super-soft-large-flour-tortillas/885726-727925-727926,Old El Paso Super Soft Large Flour Tortillas,350g,£2.25,64.3p/100g,,Bakery
809902,Jason's Sourdough Grains & Seeds Ciabattin,G,false,268,https://ecom-su-static-prod.wtrecom.com/images/products/3/LN_809902_BP_3.jpg,https://www.waitrose.com/ecom/products/jasons-sourdough-grains-seeds-ciabattin/809902-804722-804723,Jason's Sourdough Grains & Seeds Ciabattin,900g,£3.10,34.4p/100g,,Bakery
558833,Waitrose Lemon Swiss Roll,G,false,269,https://ecom-su-static-prod.wtrecom.com/images/products/3/LN_558833_BP_3.jpg,https://www.waitrose.com/ecom/products/waitrose-lemon-swiss-roll/558833-707792-707793,Waitrose Lemon Swiss Roll,each,£1.90,£1.90 each,,Bakery
608247,Lemon Drizzle Yum Yum,G,false,270,https://ecom-su-static-prod.wtrecom.com/images/products/3/LN_608247_BP_3.jpg,https://www.waitrose.com/ecom/products/lemon-drizzle-yum-yum/608247-759475-759476,Lemon Drizzle Yum Yum,each,£1.50,£1.50 each,,Bakery
785215,Essential Plain Fairy Cakes,G,false,271,https://ecom-su-static-prod.wtrecom.com/images/products/3/LN_785215_BP_3.jpg,https://www.waitrose.com/ecom/products/essential-plain-fairy-cakes/785215-382236-382237,Essential Plain Fairy Cakes,12s,£1.30,10.8p each,,Bakery
886497,Schär Gluten Free Wholesome White Loaf,G,false,272,https://ecom-su-static-prod.wtrecom.com/images/products/3/LN_886497_BP_3.jpg,https://www.waitrose.com/ecom/products/schar-gluten-free-wholesome-white-loaf/886497-485873-485874,Schär Gluten Free Wholesome White Loaf,300g,£3.15,£1.05/100g,,Bakery
465209,New York Bakery Gluten Free Original Bagels,G,false,273,https://ecom-su-static-prod.wtrecom.com/images/products/3/LN_465209_BP_3.jpg,https://www.waitrose.com/ecom/products/new-york-bakery-gluten-free-original-bagels/465209-721873-721874,New York Bakery Gluten Free Original Bagels,4s,£3.25,81.3p each,,Bakery
426896,Wiltshire Bakery Sourdough,G,false,274,https://ecom-su-static-prod.wtrecom.com/images/products/3/LN_426896_BP_3.jpg,https://www.waitrose.com/ecom/products/wiltshire-bakery-sourdough/426896-800996-800997,Wiltshire Bakery Sourdough,500g,£2.00,,,Bakery
672444,Iced Cinnamon Bun,G,false,275,https://ecom-su-static-prod.wtrecom.com/images/products/3/LN_672444_BP_3.jpg,https://www.waitrose.com/ecom/products/iced-cinnamon-bun/672444-770286-770287,Iced Cinnamon Bun,Each,£1.40,£1.40 each,,Bakery
850536,Waitrose Free From Gluten Cherry Bakewells,G,false,276,https://ecom-su-static-prod.wtrecom.com/images/products/3/LN_850536_BP_3.jpg,https://www.waitrose.com/ecom/products/waitrose-free-from-gluten-cherry-bakewells/850536-678557-678558,Waitrose Free From Gluten Cherry Bakewells,205g,£2.50,£1.22/100g,,Bakery
684311,Mr Kipling 8 Angel Slices,G,true,277,https://ecom-su-static-prod.wtrecom.com/images/products/3/LN_684311_BP_3.jpg,https://www.waitrose.com/ecom/products/mr-kipling-8-angel-slices/684311-421409-421410,Mr Kipling 8 Angel Slices,8s,£2.96,37p each,25% Off. Was £3.95,Bakery
615783,Genius Gluten Free Crumpets,G,false,278,https://ecom-su-static-prod.wtrecom.com/images/products/3/LN_615783_BP_3.jpg,https://www.waitrose.com/ecom/products/genius-gluten-free-crumpets/615783-722169-722170,Genius Gluten Free Crumpets,4s,£2.50,62.5p each,,Bakery
491594,Schär Gluten Free Vitality Loaf,G,false,279,https://ecom-su-static-prod.wtrecom.com/images/products/3/LN_491594_BP_3.jpg,https://www.waitrose.com/ecom/products/schar-gluten-free-vitality-loaf/491594-600574-600575,Schär Gluten Free Vitality Loaf,350g,£3.15,90p/100g,,Bakery
400196,No.1 Sicilian Lemon Tart,E,false,280,https://ecom-su-static-prod.wtrecom.com/images/products/3/LN_400196_BP_3.jpg,https://www.waitrose.com/ecom/products/no1-sicilian-lemon-tart/400196-502547-502548,No.1 Sicilian Lemon Tart,Typical weight 910g,£12.50,£1.38/100g,,Bakery
848814,Bonne Maman Chocolate Sweet Hearts,G,false,281,https://ecom-su-static-prod.wtrecom.com/images/products/3/LN_848814_BP_3.jpg,https://www.waitrose.com/ecom/products/bonne-maman-chocolate-sweet-hearts/848814-777013-777014,Bonne Maman Chocolate Sweet Hearts,175g,£3.00,£1.72/100g,,Bakery
071471,Pains aux Raisins,G,false,282,https://ecom-su-static-prod.wtrecom.com/images/products/3/LN_071471_BP_3.jpg,https://www.waitrose.com/ecom/products/pains-aux-raisins/071471-36256-36257,Pains aux Raisins,each,£1.10,£1.10 each,,Bakery
708320,Waitrose Chocolate Swiss Roll,G,false,283,https://ecom-su-static-prod.wtrecom.com/images/products/3/LN_708320_BP_3.jpg,https://www.waitrose.com/ecom/products/waitrose-chocolate-swiss-roll/708320-707816-707817,Waitrose Chocolate Swiss Roll,each,£1.90,£1.90 each,,Bakery
644162,Schär Gluten Free Brown Ciabatta Rolls,G,false,284,https://ecom-su-static-prod.wtrecom.com/images/products/3/LN_644162_BP_3.jpg,https://www.waitrose.com/ecom/products/schar-gluten-free-brown-ciabatta-rolls/644162-91445-91446,Schär Gluten Free Brown Ciabatta Rolls,4x50g,£2.50,£1.25/100g,,Bakery
762088,Waitrose 4 Belgian Milk Chocolate Cookies,G,false,285,https://ecom-su-static-prod.wtrecom.com/images/products/3/LN_762088_BP_3.jpg,https://www.waitrose.com/ecom/products/waitrose-4-belgian-milk-chocolate-cookies/762088-815532-815533,Waitrose 4 Belgian Milk Chocolate Cookies,,£2.00,,,Bakery
700565,Stonebaked Paysan Rustique Roll,G,false,286,https://ecom-su-static-prod.wtrecom.com/images/products/3/LN_700565_BP_3.jpg,https://www.waitrose.com/ecom/products/stonebaked-paysan-rustique-roll/700565-805130-805131,Stonebaked Paysan Rustique Roll,each,60p,60p each,,Bakery
581885,Hovis 1886 Rustic White Bloomer,G,false,287,https://ecom-su-static-prod.wtrecom.com/images/products/3/LN_581885_BP_3.jpg,https://www.waitrose.com/ecom/products/hovis-1886-rustic-white-bloomer/581885-815508-815509,Hovis 1886 Rustic White Bloomer,550g,£1.95,35.5p/100g,,Bakery
804654,Bonne Maman Petits Muffins Vanilla,G,false,288,https://ecom-su-static-prod.wtrecom.com/images/products/3/LN_804654_BP_3.jpg,https://www.waitrose.com/ecom/products/bonne-maman-petits-muffins-vanilla/804654-726755-726756,Bonne Maman Petits Muffins Vanilla,235g,£3.00,£1.28/100g,,Bakery
843953,Mrs Crimble's Gluten Free Big Choc Macaroons,G,false,289,https://ecom-su-static-prod.wtrecom.com/images/products/3/LN_843953_BP_3.jpg,https://www.waitrose.com/ecom/products/mrs-crimbles-gluten-free-big-choc-macaroons/843953-769646-769647,Mrs Crimble's Gluten Free Big Choc Macaroons,6s,£1.80,92.3p/100g,,Bakery
847993,GAIL's Dark Sourdough,G,false,290,https://ecom-su-static-prod.wtrecom.com/images/products/3/LN_847993_BP_3.jpg,https://www.waitrose.com/ecom/products/gails-dark-sourdough/847993-744422-744423,GAIL's Dark Sourdough,650g,£4.60,70.8p/100g,,Bakery
755626,Stonebaked Grand Pain,G,false,291,https://ecom-su-static-prod.wtrecom.com/images/products/3/LN_755626_BP_3.jpg,https://www.waitrose.com/ecom/products/stonebaked-grand-pain/755626-759393-759394,Stonebaked Grand Pain,600g,£2.60,43.3p/100g,,Bakery
628564,Lazy Day Gluten Free & Vegan Dark Chocolate Tiffin,G,false,292,https://ecom-su-static-prod.wtrecom.com/images/products/3/LN_628564_BP_3.jpg,https://www.waitrose.com/ecom/products/lazy-day-gluten-free-vegan-dark-chocolate-tiffin/628564-89230-89231,Lazy Day Gluten Free & Vegan Dark Chocolate Tiffin,150g,£2.65,£1.77/100g,,Bakery
677813,Waitrose 5 Lemon Drizzle Cake Slices,G,false,293,https://ecom-su-static-prod.wtrecom.com/images/products/3/LN_677813_BP_3.jpg,https://www.waitrose.com/ecom/products/waitrose-5-lemon-drizzle-cake-slices/677813-820177-820178,Waitrose 5 Lemon Drizzle Cake Slices,5s,£2.50,50p each,,Bakery
515492,Waitrose Millionaire's Shortbread,G,false,294,https://ecom-su-static-prod.wtrecom.com/images/products/3/LN_515492_BP_3.jpg,https://www.waitrose.com/ecom/products/waitrose-millionaires-shortbread/515492-720087-720088,Waitrose Millionaire's Shortbread,4s,£3.15,78.8p each,,Bakery
053578,Pain au Chocolat,G,false,295,https://ecom-su-static-prod.wtrecom.com/images/products/3/LN_053578_BP_3.jpg,https://www.waitrose.com/ecom/products/pain-au-chocolat/053578-26833-26834,Pain au Chocolat,each,£1.10,£1.10 each,,Bakery
583030,GAIL's Mixed Olive Sourdough,G,false,296,https://ecom-su-static-prod.wtrecom.com/images/products/3/LN_583030_BP_3.jpg,https://www.waitrose.com/ecom/products/gails-mixed-olive-sourdough/583030-82643-82644,GAIL's Mixed Olive Sourdough,280g,£4.00,£1.43/100g,,Bakery
587483,Waitrose Free From Gluten Sourdough,G,false,297,https://ecom-su-static-prod.wtrecom.com/images/products/3/LN_587483_BP_3.jpg,https://www.waitrose.com/ecom/products/waitrose-free-from-gluten-sourdough/587483-678049-678050,Waitrose Free From Gluten Sourdough,375g,£3.50,93.3p/100g,,Bakery
573961,Waitrose 4 Triple Belgian Chocolate Cookies,G,false,298,https://ecom-su-static-prod.wtrecom.com/images/products/3/LN_573961_BP_3.jpg,https://www.waitrose.com/ecom/products/waitrose-4-triple-belgian-chocolate-cookies/573961-815506-815507,Waitrose 4 Triple Belgian Chocolate Cookies,4s,£2.00,50p each,,Bakery
726104,Waitrose All Butter Cinnamon Knots,G,false,299,https://ecom-su-static-prod.wtrecom.com/images/products/3/LN_726104_BP_3.jpg,https://www.waitrose.com/ecom/products/waitrose-all-butter-cinnamon-knots/726104-826764-826765,Waitrose All Butter Cinnamon Knots,150g,£2.00,£1.34/100g,,Bakery
733213,Waitrose Free From Gluten Seeded Rolls,G,false,300,https://ecom-su-static-prod.wtrecom.com/images/products/3/LN_733213_BP_3.jpg,https://www.waitrose.com/ecom/products/waitrose-free-from-gluten-seeded-rolls/733213-678321-678322,Waitrose Free From Gluten Seeded Rolls,4s,£3.00,75p each,,Bakery
499319,Waitrose Free From Gluten Soft White Rolls,G,false,301,https://ecom-su-static-prod.wtrecom.com/images/products/3/LN_499319_BP_3.jpg,https://www.waitrose.com/ecom/products/waitrose-free-from-gluten-soft-white-rolls/499319-677903-677904,Waitrose Free From Gluten Soft White Rolls,4s,£3.00,75p each,,Bakery
872586,No.1 Coffee & Caramel Cake,G,false,302,https://ecom-su-static-prod.wtrecom.com/images/products/3/LN_872586_BP_3.jpg,https://www.waitrose.com/ecom/products/no1-coffee-caramel-cake/872586-703629-703630,No.1 Coffee & Caramel Cake,Each,£6.50,£6.50 each,,Bakery
877636,GAIL's White Sourdough,G,false,303,https://ecom-su-static-prod.wtrecom.com/images/products/3/LN_877636_BP_3.jpg,https://www.waitrose.com/ecom/products/gails-white-sourdough/877636-744453-744454,GAIL's White Sourdough,650g,£4.60,70.8p/100g,,Bakery
404904,Waitrose 4 White Chocolate & Sicilian Lemon Cookies,G,false,304,https://ecom-su-static-prod.wtrecom.com/images/products/3/LN_404904_BP_3.jpg,https://www.waitrose.com/ecom/products/waitrose-4-white-chocolate-sicilian-lemon-cookies/404904-815474-815475,Waitrose 4 White Chocolate & Sicilian Lemon Cookies,,£2.00,,,Bakery
787860,Waitrose Free From Gluten Farmhouse Loaf,G,false,305,https://ecom-su-static-prod.wtrecom.com/images/products/3/LN_787860_BP_3.jpg,https://www.waitrose.com/ecom/products/waitrose-free-from-gluten-farmhouse-loaf/787860-745415-745416,Waitrose Free From Gluten Farmhouse Loaf,400g,£2.95,73.8p/100g,,Bakery
884488,Genius Gluten Free Soft Brown Farmhouse Loaf,G,false,306,https://ecom-su-static-prod.wtrecom.com/images/products/3/LN_884488_BP_3.jpg,https://www.waitrose.com/ecom/products/genius-gluten-free-soft-brown-farmhouse-loaf/884488-144364-144365,Genius Gluten Free Soft Brown Farmhouse Loaf,430g,£2.90,67.4p/100g,,Bakery
576887,Mrs Crimble's Gluten Free 6 Classic Madeleines,G,false,307,https://ecom-su-static-prod.wtrecom.com/images/products/3/LN_576887_BP_3.jpg,https://www.waitrose.com/ecom/products/mrs-crimbles-gluten-free-6-classic-madeleines/576887-600668-600669,Mrs Crimble's Gluten Free 6 Classic Madeleines,6s,£2.95,£1.64/100g,,Bakery
705475,BFree Gluten Free Stone Baked Pitta,G,false,308,https://ecom-su-static-prod.wtrecom.com/images/products/3/LN_705475_BP_3.jpg,https://www.waitrose.com/ecom/products/bfree-gluten-free-stone-baked-pitta/705475-499408-499409,BFree Gluten Free Stone Baked Pitta,4x55g,£2.90,£1.32/100g,,Bakery
409247,Thomas Fudges Dark Chocolate Florentines,G,false,309,https://ecom-su-static-prod.wtrecom.com/images/products/3/LN_409247_BP_3.jpg,https://www.waitrose.com/ecom/products/thomas-fudges-dark-chocolate-florentines/409247-823022-823023,Thomas Fudges Dark Chocolate Florentines,117g,£3.25,£2.78/100g,,Bakery
459318,Schär Gluten Free White Ciabatta Rolls,G,false,310,https://ecom-su-static-prod.wtrecom.com/images/products/3/LN_459318_BP_3.jpg,https://www.waitrose.com/ecom/products/schar-gluten-free-white-ciabatta-rolls/459318-64735-64736,Schär Gluten Free White Ciabatta Rolls,4x50g,£2.50,£1.25/100g,,Bakery
586791,Blueberry Muffin,G,false,311,https://ecom-su-static-prod.wtrecom.com/images/products/3/LN_586791_BP_3.jpg,https://www.waitrose.com/ecom/products/blueberry-muffin/586791-766567-766568,Blueberry Muffin,each,£1.30,£1.30 each,,Bakery
604336,No.1 Salted Caramel & Chocolate Tart,E,false,312,https://ecom-su-static-prod.wtrecom.com/images/products/3/LN_604336_BP_3.jpg,https://www.waitrose.com/ecom/products/no1-salted-caramel-chocolate-tart/604336-502747-502748,No.1 Salted Caramel & Chocolate Tart,Typical weight 945g,£12.50,£12.50 each,,Bakery
414464,Genius Gluten Free Soft White Farmhouse Loaf,G,false,313,https://ecom-su-static-prod.wtrecom.com/images/products/3/LN_414464_BP_3.jpg,https://www.waitrose.com/ecom/products/genius-gluten-free-soft-white-farmhouse-loaf/414464-143476-143477,Genius Gluten Free Soft White Farmhouse Loaf,430g,£2.90,67.4p/100g,,Bakery
458652,Waitrose Seeded Crumpets,G,false,314,https://ecom-su-static-prod.wtrecom.com/images/products/3/LN_458652_BP_3.jpg,https://www.waitrose.com/ecom/products/waitrose-seeded-crumpets/458652-713153-713154,Waitrose Seeded Crumpets,6s,£1.50,25p each,,Bakery
593661,8 Floral Cupcakes,E,false,315,https://ecom-su-static-prod.wtrecom.com/images/products/3/LN_593661_BP_3.jpg,https://www.waitrose.com/ecom/products/8-floral-cupcakes/593661-776574-776575,8 Floral Cupcakes,8s,£15.00,£1.88 each,,Bakery
555397,Fiona Cairns Golden Sponge Pink Boutique Cake,G,false,316,https://ecom-su-static-prod.wtrecom.com/images/products/3/LN_555397_BP_3.jpg,https://www.waitrose.com/ecom/products/fiona-cairns-golden-sponge-pink-boutique-cake/555397-769621-769622,Fiona Cairns Golden Sponge Pink Boutique Cake,Each,£16.50,£16.50 each,,Bakery
627056,Levantine Table 4 Almond & Orange Cupcakes,G,false,317,https://ecom-su-static-prod.wtrecom.com/images/products/3/LN_627056_BP_3.jpg,https://www.waitrose.com/ecom/products/levantine-table-4-almond-orange-cupcakes/627056-746445-746446,Levantine Table 4 Almond & Orange Cupcakes,4s,£3.25,81.3p each,,Bakery
657631,BFree Gluten Free Wholegrain Pitta Breads,G,false,318,https://ecom-su-static-prod.wtrecom.com/images/products/3/LN_657631_BP_3.jpg,https://www.waitrose.com/ecom/products/bfree-gluten-free-wholegrain-pitta-breads/657631-695118-695119,BFree Gluten Free Wholegrain Pitta Breads,4x55g,£2.90,£1.32/100g,,Bakery
866287,Waitrose Free From Gluten Hot Cross Buns,G,false,319,https://ecom-su-static-prod.wtrecom.com/images/products/3/LN_866287_BP_3.jpg,https://www.waitrose.com/ecom/products/waitrose-free-from-gluten-hot-cross-buns/866287-751739-751740,Waitrose Free From Gluten Hot Cross Buns,260g,£2.40,92.3p/100g,,Bakery
427411,Lazy Day Gluten Free & Vegan Millionaire Shortbread,G,false,320,https://ecom-su-static-prod.wtrecom.com/images/products/3/LN_427411_BP_3.jpg,https://www.waitrose.com/ecom/products/lazy-day-gluten-free-vegan-millionaire-shortbread/427411-450332-450333,Lazy Day Gluten Free & Vegan Millionaire Shortbread,150g,£2.65,£1.77/100g,,Bakery
465070,Hovis Seed Sensations Malted Wholegrain Loaf,G,false,321,https://ecom-su-static-prod.wtrecom.com/images/products/3/LN_465070_BP_3.jpg,https://www.waitrose.com/ecom/products/hovis-seed-sensations-malted-wholegrain-loaf/465070-825051-825052,Hovis Seed Sensations Malted Wholegrain Loaf,800g,£1.90,£2.38/kg,,Bakery
690721,Waitrose Caterpillar Cake,G,false,322,https://ecom-su-static-prod.wtrecom.com/images/products/3/LN_690721_BP_3.jpg,https://www.waitrose.com/ecom/products/waitrose-caterpillar-cake/690721-421411-421412,Waitrose Caterpillar Cake,Each,£8.50,£8.50 each,,Bakery
615029,Lemon Muffin,G,false,323,https://ecom-su-static-prod.wtrecom.com/images/products/3/LN_615029_BP_3.jpg,https://www.waitrose.com/ecom/products/lemon-muffin/615029-766571-766572,Lemon Muffin,each,£1.30,£1.30 each,,Bakery
470439,Waitrose 5 Fruit Cake Slices,G,false,324,https://ecom-su-static-prod.wtrecom.com/images/products/3/LN_470439_BP_3.jpg,https://www.waitrose.com/ecom/products/waitrose-5-fruit-cake-slices/470439-813496-813497,Waitrose 5 Fruit Cake Slices,5s,£2.50,50p each,,Bakery
870150,Waitrose 2 Triple Chocolate Muffins,G,false,325,https://ecom-su-static-prod.wtrecom.com/images/products/3/LN_870150_BP_3.jpg,https://www.waitrose.com/ecom/products/waitrose-2-triple-chocolate-muffins/870150-772506-772507,Waitrose 2 Triple Chocolate Muffins,2s,£2.15,£1.08 each,,Bakery
409792,Waitrose Multi Seed Malted Bread Mix,G,false,326,https://ecom-su-static-prod.wtrecom.com/images/products/3/LN_409792_BP_3.jpg,https://www.waitrose.com/ecom/products/waitrose-multi-seed-malted-bread-mix/409792-762254-762255,Waitrose Multi Seed Malted Bread Mix,500g,£1.35,£2.70/kg,,Bakery
839403,Waitrose Free From Gluten Sandwich Thins,G,false,327,https://ecom-su-static-prod.wtrecom.com/images/products/3/LN_839403_BP_3.jpg,https://www.waitrose.com/ecom/products/waitrose-free-from-gluten-sandwich-thins/839403-678535-678536,Waitrose Free From Gluten Sandwich Thins,4s,£2.50,62.5p each,,Bakery
868925,Waitrose Pizza Mix with Semolina,G,false,328,https://ecom-su-static-prod.wtrecom.com/images/products/3/LN_868925_BP_3.jpg,https://www.waitrose.com/ecom/products/waitrose-pizza-mix-with-semolina/868925-762602-762603,Waitrose Pizza Mix with Semolina,500g,£1.50,£3/kg,,Bakery
817957,Waitrose White Bread Mix,G,false,329,https://ecom-su-static-prod.wtrecom.com/images/products/3/LN_817957_BP_3.jpg,https://www.waitrose.com/ecom/products/waitrose-white-bread-mix/817957-762546-762547,Waitrose White Bread Mix,500g,£1.00,£2/kg,,Bakery
774424,Jammie Dodgers Apple & Blackcurrant Burst,G,false,330,https://ecom-su-static-prod.wtrecom.com/images/products/3/LN_774424_BP_3.jpg,https://www.waitrose.com/ecom/products/jammie-dodgers-apple-blackcurrant-burst/774424-823084-823085,Jammie Dodgers Apple & Blackcurrant Burst,140g,90p,64.3p/100g,,Bakery
766619,Fibre One Milk Chocolate Popcorn Bars,G,false,331,https://ecom-su-static-prod.wtrecom.com/images/products/3/LN_766619_BP_3.jpg,https://www.waitrose.com/ecom/products/fibre-one-milk-chocolate-popcorn-bars/766619-667213-667214,Fibre One Milk Chocolate Popcorn Bars,4x21g,£1.85,£2.21/100g,,Bakery
892867,Waitrose 5 Ginger Cake Slices,G,false,332,https://ecom-su-static-prod.wtrecom.com/images/products/3/LN_892867_BP_3.jpg,https://www.waitrose.com/ecom/products/waitrose-5-ginger-cake-slices/892867-813562-813563,Waitrose 5 Ginger Cake Slices,5s,£2.50,50p each,,Bakery
608656,Waitrose Free From Gluten Chocolate Slices,G,false,333,https://ecom-su-static-prod.wtrecom.com/images/products/3/LN_608656_BP_3.jpg,https://www.waitrose.com/ecom/products/waitrose-free-from-gluten-chocolate-slices/608656-678091-678092,Waitrose Free From Gluten Chocolate Slices,220g,£3.15,£1.44/100g,,Bakery
435149,Fiona Cairns Raspberry Cupcake,G,false,334,https://ecom-su-static-prod.wtrecom.com/images/products/3/LN_435149_BP_3.jpg,https://www.waitrose.com/ecom/products/fiona-cairns-raspberry-cupcake/435149-811538-811539,Fiona Cairns Raspberry Cupcake,each,£2.00,£2 each,,Bakery
795705,Bonne Maman Marbled Sweet Hearts,G,false,335,https://ecom-su-static-prod.wtrecom.com/images/products/3/LN_795705_BP_3.jpg,https://www.waitrose.com/ecom/products/bonne-maman-marbled-sweet-hearts/795705-777005-777006,Bonne Maman Marbled Sweet Hearts,175g,£3.00,£1.72/100g,,Bakery
686358,No.1 Carrot & Passionfruit Cake,G,false,336,https://ecom-su-static-prod.wtrecom.com/images/products/3/LN_686358_BP_3.jpg,https://www.waitrose.com/ecom/products/no1-carrot-passionfruit-cake/686358-497982-497983,No.1 Carrot & Passionfruit Cake,Each,£6.50,£6.50 each,,Bakery
658357,Fondant Topped Vanilla Cupcake,G,false,337,https://ecom-su-static-prod.wtrecom.com/images/products/3/LN_658357_BP_3.jpg,https://www.waitrose.com/ecom/products/fondant-topped-vanilla-cupcake/658357-783758-783759,Fondant Topped Vanilla Cupcake,each,£1.00,£1 each,,Bakery
433164,JOY Farmhouse Soft White,G,false,338,https://ecom-su-static-prod.wtrecom.com/images/products/3/LN_433164_BP_3.jpg,https://www.waitrose.com/ecom/products/joy-farmhouse-soft-white/433164-804644-804645,JOY Farmhouse Soft White,700g,£1.30,18.6p/100g,,Bakery
589720,Thomas Fudges Milk Chocolate Florentines,G,false,339,https://ecom-su-static-prod.wtrecom.com/images/products/3/LN_589720_BP_3.jpg,https://www.waitrose.com/ecom/products/thomas-fudges-milk-chocolate-florentines/589720-823058-823059,Thomas Fudges Milk Chocolate Florentines,117g,£3.25,£2.78/100g,,Bakery
014193,Fiona Cairns 4 Buttercream Topped Cupcakes,G,false,340,https://ecom-su-static-prod.wtrecom.com/images/products/3/LN_014193_BP_3.jpg,https://www.waitrose.com/ecom/products/fiona-cairns-4-buttercream-topped-cupcakes/014193-6830-6831,Fiona Cairns 4 Buttercream Topped Cupcakes,4s,£7.00,£1.75 each,,Bakery
432429,Crosta & Mollica Panettone Classico,G,false,341,https://ecom-su-static-prod.wtrecom.com/images/products/3/LN_432429_BP_3.jpg,https://www.waitrose.com/ecom/products/crosta-mollica-panettone-classico/432429-772454-772455,Crosta & Mollica Panettone Classico,100g,£1.55,£1.55/100g,,Bakery
715202,Mrs Crimble's Gluten Free Big Coconut Macaroons,G,false,342,https://ecom-su-static-prod.wtrecom.com/images/products/3/LN_715202_BP_3.jpg,https://www.waitrose.com/ecom/products/mrs-crimbles-gluten-free-big-coconut-macaroons/715202-769533-769534,Mrs Crimble's Gluten Free Big Coconut Macaroons,6s,£1.60,,,Bakery
438406,OGGS Victoria Sponge Cakes,G,false,343,https://ecom-su-static-prod.wtrecom.com/images/products/3/LN_438406_BP_3.jpg,https://www.waitrose.com/ecom/products/oggs-victoria-sponge-cakes/438406-693621-693622,OGGS Victoria Sponge Cakes,4x46g,£4.15,£2.26/100g,,Bakery
554099,"Waitrose 4 Apple, Oat & Raisin Cookies",G,false,344,https://ecom-su-static-prod.wtrecom.com/images/products/3/LN_554099_BP_3.jpg,https://www.waitrose.com/ecom/products/waitrose-4-apple-oat-raisin-cookies/554099-815498-815499,"Waitrose 4 Apple, Oat & Raisin Cookies",,£2.00,,,Bakery
763043,Fiona Cairns Chocolate Cupcake,G,false,345,https://ecom-su-static-prod.wtrecom.com/images/products/3/LN_763043_BP_3.jpg,https://www.waitrose.com/ecom/products/fiona-cairns-chocolate-cupcake/763043-811676-811677,Fiona Cairns Chocolate Cupcake,each,£2.00,£2 each,,Bakery
445834,Waitrose Double Chocolate Brownies,G,false,346,https://ecom-su-static-prod.wtrecom.com/images/products/3/LN_445834_BP_3.jpg,https://www.waitrose.com/ecom/products/waitrose-double-chocolate-brownies/445834-720085-720086,Waitrose Double Chocolate Brownies,4s,£3.15,78.8p each,,Bakery
699639,BFree Gluten Free Tiger Rolls,G,true,347,https://ecom-su-static-prod.wtrecom.com/images/products/3/LN_699639_BP_3.jpg,https://www.waitrose.com/ecom/products/bfree-gluten-free-tiger-rolls/699639-791167-791168,BFree Gluten Free Tiger Rolls,240g,£2.50,£1.05/100g,save 90p. Was £3.40,Bakery
809562,OGGS Mini Vanilla Cupcakes,G,false,348,https://ecom-su-static-prod.wtrecom.com/images/products/3/LN_809562_BP_3.jpg,https://www.waitrose.com/ecom/products/oggs-mini-vanilla-cupcakes/809562-769642-769643,OGGS Mini Vanilla Cupcakes,9s,£4.15,46.1p each,,Bakery
953053,Bonne Maman 7 Chocolate Cakes,G,false,349,https://ecom-su-static-prod.wtrecom.com/images/products/3/LN_953053_BP_3.jpg,https://www.waitrose.com/ecom/products/bonne-maman-7-chocolate-cakes/953053-826884-826885,Bonne Maman 7 Chocolate Cakes,7x30g,£3.00,£1.43/100g,,Bakery
487223,Waitrose Gluten Free Lemon Drizzle Cake,G,false,350,https://ecom-su-static-prod.wtrecom.com/images/products/3/LN_487223_BP_3.jpg,https://www.waitrose.com/ecom/products/waitrose-gluten-free-lemon-drizzle-cake/487223-812423-812424,Waitrose Gluten Free Lemon Drizzle Cake,each,£3.95,,,Bakery
461711,Chocolate & Caramel Muffin,G,false,351,https://ecom-su-static-prod.wtrecom.com/images/products/3/LN_461711_BP_3.jpg,https://www.waitrose.com/ecom/products/chocolate-caramel-muffin/461711-766554-766555,Chocolate & Caramel Muffin,each,£1.30,£1.30 each,,Bakery
480964,GAIL's Potato & Rosemary Sourdough,G,false,352,https://ecom-su-static-prod.wtrecom.com/images/products/3/LN_480964_BP_3.jpg,https://www.waitrose.com/ecom/products/gails-potato-rosemary-sourdough/480964-744424-744425,GAIL's Potato & Rosemary Sourdough,650g,£5.10,78.5p/100g,,Bakery
896759,Waitrose Happy Birthday Cake,G,false,353,https://ecom-su-static-prod.wtrecom.com/images/products/3/LN_896759_BP_3.jpg,https://www.waitrose.com/ecom/products/waitrose-happy-birthday-cake/896759-414193-414194,Waitrose Happy Birthday Cake,1.185kg,£14.00,0.1p/100g,,Bakery
037300,Fiona Cairns 6 Seasonal Fairy Cakes,G,false,354,https://ecom-su-static-prod.wtrecom.com/images/products/3/LN_037300_BP_3.jpg,https://www.waitrose.com/ecom/products/fiona-cairns-6-seasonal-fairy-cakes/037300-18696-18697,Fiona Cairns 6 Seasonal Fairy Cakes,6s,£7.00,£1.17 each,,Bakery
835818,Thomas Fudges Salted Caramel Florentines,G,false,355,https://ecom-su-static-prod.wtrecom.com/images/products/3/LN_835818_BP_3.jpg,https://www.waitrose.com/ecom/products/thomas-fudges-salted-caramel-florentines/835818-823094-823095,Thomas Fudges Salted Caramel Florentines,117g,£3.25,£2.78/100g,,Bakery
462753,Waitrose 5 Carrot Cake Slices,G,false,356,https://ecom-su-static-prod.wtrecom.com/images/products/3/LN_462753_BP_3.jpg,https://www.waitrose.com/ecom/products/waitrose-5-carrot-cake-slices/462753-826856-826857,Waitrose 5 Carrot Cake Slices,5s,£2.50,50p each,,Bakery
412267,Wafflemeister Belgian Waffle Chocolate Coated,G,false,357,https://ecom-su-static-prod.wtrecom.com/images/products/3/LN_412267_BP_3.jpg,https://www.waitrose.com/ecom/products/wafflemeister-belgian-waffle-chocolate-coated/412267-795210-795211,Wafflemeister Belgian Waffle Chocolate Coated,5s,£2.25,81.8p/100g,,Bakery
431968,Genius Gluten Free Soft White Rolls,G,true,358,https://ecom-su-static-prod.wtrecom.com/images/products/3/LN_431968_BP_3.jpg,https://www.waitrose.com/ecom/products/genius-gluten-free-soft-white-rolls/431968-791017-791018,Genius Gluten Free Soft White Rolls,280g,£1.90,67.9p/100g,save 30p. Was £2.20,Bakery
818801,Millionaires Shortbread,G,false,359,https://ecom-su-static-prod.wtrecom.com/images/products/3/LN_818801_BP_3.jpg,https://www.waitrose.com/ecom/products/millionaires-shortbread/818801-789030-789031,Millionaires Shortbread,each,£1.50,£1.50 each,,Bakery
465848,Jason's Sourdough Malted Ciabattin,G,true,360,https://ecom-su-static-prod.wtrecom.com/images/products/3/LN_465848_BP_3.jpg,https://www.waitrose.com/ecom/products/jasons-sourdough-malted-ciabattin/465848-804654-804655,Jason's Sourdough Malted Ciabattin,580g,£1.88,32.4p/100g,20% Off. Was £2.35,Bakery
815776,Loaded Chocolate Drip Cake,E,false,361,https://ecom-su-static-prod.wtrecom.com/images/products/3/LN_815776_BP_3.jpg,https://www.waitrose.com/ecom/products/loaded-chocolate-drip-cake/815776-743508-743509,Loaded Chocolate Drip Cake,each,£32.00,£32 each,,Bakery
743450,"Lemon, Raspberry & Rose Triple Layer Cake",E,false,362,https://ecom-su-static-prod.wtrecom.com/images/products/3/LN_743450_BP_3.jpg,https://www.waitrose.com/ecom/products/lemon-raspberry-rose-triple-layer-cake/743450-719315-719316,"Lemon, Raspberry & Rose Triple Layer Cake",each,£26.00,£26 each,,Bakery
031577,Florentine,G,false,363,https://ecom-su-static-prod.wtrecom.com/images/products/3/LN_031577_BP_3.jpg,https://www.waitrose.com/ecom/products/florentine/031577-15379-15380,Florentine,each,£1.20,£1.20 each,,Bakery
867314,Waitrose Free From Gluten Carrot Cake Slices,G,false,364,https://ecom-su-static-prod.wtrecom.com/images/products/3/LN_867314_BP_3.jpg,https://www.waitrose.com/ecom/products/waitrose-free-from-gluten-carrot-cake-slices/867314-769587-769588,Waitrose Free From Gluten Carrot Cake Slices,118g,£2.20,£1.87/100g,,Bakery
039595,Tregroes Toffee Waffles,G,false,365,https://ecom-su-static-prod.wtrecom.com/images/products/3/LN_039595_BP_3.jpg,https://www.waitrose.com/ecom/products/tregroes-toffee-waffles/039595-19624-19625,Tregroes Toffee Waffles,8s,£2.00,25p each,,Bakery
418566,Seeded Sourdough Bread,G,false,366,https://ecom-su-static-prod.wtrecom.com/images/products/3/LN_418566_BP_3.jpg,https://www.waitrose.com/ecom/products/seeded-sourdough-bread/418566-804638-804639,Seeded Sourdough Bread,500g,£2.25,45p/100g,,Bakery
573760,Original Biscuit Bakers Iced Gingerbread Alan the Avocado,G,false,367,https://ecom-su-static-prod.wtrecom.com/images/products/3/LN_573760_BP_3.jpg,https://www.waitrose.com/ecom/products/original-biscuit-bakers-iced-gingerbread-alan-the-avocado/573760-691022-691023,Original Biscuit Bakers Iced Gingerbread Alan the Avocado,75g,£1.75,£2.34/100g,,Bakery
384837,Cadbury Chocolate Orange Mini Rolls,G,false,368,https://ecom-su-static-prod.wtrecom.com/images/products/3/LN_384837_BP_3.jpg,https://www.waitrose.com/ecom/products/cadbury-chocolate-orange-mini-rolls/384837-826846-826847,Cadbury Chocolate Orange Mini Rolls,5s,£2.50,50p each,,Bakery
705438,Undecorated Golden Sponge Cake,E,false,369,https://ecom-su-static-prod.wtrecom.com/images/products/3/LN_705438_BP_3.jpg,https://www.waitrose.com/ecom/products/undecorated-golden-sponge-cake/705438-100161-100162,Undecorated Golden Sponge Cake,each,£23.00,£23 each,,Bakery
761471,Waitrose Free From Gluten Fruited Scones,G,false,370,https://ecom-su-static-prod.wtrecom.com/images/products/3/LN_761471_BP_3.jpg,https://www.waitrose.com/ecom/products/waitrose-free-from-gluten-fruited-scones/761471-769541-769542,Waitrose Free From Gluten Fruited Scones,140g,£2.60,£1.86/100g,,Bakery
570116,Bonne Maman 17 Petites Madeleines,G,false,371,https://ecom-su-static-prod.wtrecom.com/images/products/3/LN_570116_BP_3.jpg,https://www.waitrose.com/ecom/products/bonne-maman-17-petites-madeleines/570116-813522-813523,Bonne Maman 17 Petites Madeleines,235g,£3.00,£1.28/100g,,Bakery
691861,Waitrose 4 Double Chocolate & Brazilian Orange Cookies,G,false,372,https://ecom-su-static-prod.wtrecom.com/images/products/3/LN_691861_BP_3.jpg,https://www.waitrose.com/ecom/products/waitrose-4-double-chocolate-brazilian-orange-cookies/691861-824466-824467,Waitrose 4 Double Chocolate & Brazilian Orange Cookies,4's,£2.00,50p each,,Bakery
492013,Fiona Cairns 6 Tea Time Fairy Cakes,G,false,373,https://ecom-su-static-prod.wtrecom.com/images/products/3/LN_492013_BP_3.jpg,https://www.waitrose.com/ecom/products/fiona-cairns-6-tea-time-fairy-cakes/492013-349800-349801,Fiona Cairns 6 Tea Time Fairy Cakes,6s,£7.00,£1.17 each,,Bakery
572876,8 Party Cupcakes,E,false,374,https://ecom-su-static-prod.wtrecom.com/images/products/3/LN_572876_BP_3.jpg,https://www.waitrose.com/ecom/products/8-party-cupcakes/572876-743480-743481,8 Party Cupcakes,8s,£15.00,£1.88 each,,Bakery
697479,BFree Gluten Free Sweet Potato Wraps,G,false,375,https://ecom-su-static-prod.wtrecom.com/images/products/3/LN_697479_BP_3.jpg,https://www.waitrose.com/ecom/products/bfree-gluten-free-sweet-potato-wraps/697479-600764-600765,BFree Gluten Free Sweet Potato Wraps,6x42g,£3.95,£1.57/100g,,Bakery
528619,12 Undecorated Cupcakes,E,false,376,https://ecom-su-static-prod.wtrecom.com/images/products/3/LN_528619_BP_3.jpg,https://www.waitrose.com/ecom/products/12-undecorated-cupcakes/528619-74752-74753,12 Undecorated Cupcakes,12s,£12.00,£1 each,,Bakery
872561,Schar Gluten Free Foldable Flatbread,G,false,377,https://ecom-su-static-prod.wtrecom.com/images/products/3/LN_872561_BP_3.jpg,https://www.waitrose.com/ecom/products/schar-gluten-free-foldable-flatbread/872561-812590-812591,Schar Gluten Free Foldable Flatbread,225g,£2.65,£1.18/100g,,Bakery
844152,Chocolate Triple Layer Star Cake,E,false,378,https://ecom-su-static-prod.wtrecom.com/images/products/3/LN_844152_BP_3.jpg,https://www.waitrose.com/ecom/products/chocolate-triple-layer-star-cake/844152-743520-743521,Chocolate Triple Layer Star Cake,each,£28.00,£28 each,,Bakery
340318,Mrs Crimble's 6 Caramel Macaroons,G,false,379,https://ecom-su-static-prod.wtrecom.com/images/products/3/LN_340318_BP_3.jpg,https://www.waitrose.com/ecom/products/mrs-crimbles-6-caramel-macaroons/340318-826720-826721,Mrs Crimble's 6 Caramel Macaroons,180g,£1.70,94.4p/100g,,Bakery
412406,Waitrose Wholemeal Bread Mix,G,false,380,https://ecom-su-static-prod.wtrecom.com/images/products/3/LN_412406_BP_3.jpg,https://www.waitrose.com/ecom/products/waitrose-wholemeal-bread-mix/412406-762258-762259,Waitrose Wholemeal Bread Mix,500g,£1.35,£2.70/kg,,Bakery
465611,Fiona Cairns Salted Caramel Cupcake,G,false,381,https://ecom-su-static-prod.wtrecom.com/images/products/3/LN_465611_BP_3.jpg,https://www.waitrose.com/ecom/products/fiona-cairns-salted-caramel-cupcake/465611-811548-811549,Fiona Cairns Salted Caramel Cupcake,each,£2.00,£2 each,,Bakery
681996,Bonne Maman 10 Mini Marble Cakes,G,false,382,https://ecom-su-static-prod.wtrecom.com/images/products/3/LN_681996_BP_3.jpg,https://www.waitrose.com/ecom/products/bonne-maman-10-mini-marble-cakes/681996-813538-813539,Bonne Maman 10 Mini Marble Cakes,300g,£4.00,£1.34/100g,,Bakery
792970,Waitrose Free From Milk & Gluten Free Chocolate Orange Brownie Tarts,G,false,383,https://ecom-su-static-prod.wtrecom.com/images/products/3/LN_792970_BP_3.jpg,https://www.waitrose.com/ecom/products/waitrose-free-from-milk-gluten-free-chocolate-orange-brownie-tarts/792970-791207-791208,Waitrose Free From Milk & Gluten Free Chocolate Orange Brownie Tarts,170g,£3.15,£1.86/100g,,Bakery
661840,Victoria Sponge Triple Layer Cake,E,false,384,https://ecom-su-static-prod.wtrecom.com/images/products/3/LN_661840_BP_3.jpg,https://www.waitrose.com/ecom/products/victoria-sponge-triple-layer-cake/661840-776582-776583,Victoria Sponge Triple Layer Cake,each,£26.00,,,Bakery
681665,Waitrose Hand Finished Chocolate Cake,G,false,385,https://ecom-su-static-prod.wtrecom.com/images/products/3/LN_681665_BP_3.jpg,https://www.waitrose.com/ecom/products/waitrose-hand-finished-chocolate-cake/681665-414185-414186,Waitrose Hand Finished Chocolate Cake,752g,£10.00,£1.33/100g,,Bakery
056597,All Butter Shortbread,G,false,386,https://ecom-su-static-prod.wtrecom.com/images/products/3/LN_056597_BP_3.jpg,https://www.waitrose.com/ecom/products/all-butter-shortbread/056597-28405-28406,All Butter Shortbread,each,£1.20,£1.20 each,,Bakery
877849,Fibre One Triple Choc Cake Bars,G,false,387,https://ecom-su-static-prod.wtrecom.com/images/products/3/LN_877849_BP_3.jpg,https://www.waitrose.com/ecom/products/fibre-one-triple-choc-cake-bars/877849-684471-684472,Fibre One Triple Choc Cake Bars,4x25g,£1.70,£1.70/100g,,Bakery
483202,Undecorated Chocolate Cake,E,false,388,https://ecom-su-static-prod.wtrecom.com/images/products/3/LN_483202_BP_3.jpg,https://www.waitrose.com/ecom/products/undecorated-chocolate-cake/483202-68215-68216,Undecorated Chocolate Cake,each,£23.00,£23 each,,Bakery
868211,Iced Gingerbread Millie the Unicorn,G,false,389,https://ecom-su-static-prod.wtrecom.com/images/products/3/LN_868211_BP_3.jpg,https://www.waitrose.com/ecom/products/iced-gingerbread-millie-the-unicorn/868211-745926-745927,Iced Gingerbread Millie the Unicorn,Each,£1.75,£1.75 each,,Bakery
886015,Waitrose Floral Celebration Cake,G,false,390,https://ecom-su-static-prod.wtrecom.com/images/products/3/LN_886015_BP_3.jpg,https://www.waitrose.com/ecom/products/waitrose-floral-celebration-cake/886015-719135-719136,Waitrose Floral Celebration Cake,each,£15.00,£15 each,,Bakery
783469,St Michel Choco Donut,G,false,391,https://ecom-su-static-prod.wtrecom.com/images/products/3/LN_783469_BP_3.jpg,https://www.waitrose.com/ecom/products/st-michel-choco-donut/783469-788998-788999,St Michel Choco Donut,6x30g,£2.10,£1.17/100g,,Bakery
504261,BFree Gluten Free Multigrain Wraps,G,false,392,https://ecom-su-static-prod.wtrecom.com/images/products/3/LN_504261_BP_3.jpg,https://www.waitrose.com/ecom/products/bfree-gluten-free-multigrain-wraps/504261-721965-721966,BFree Gluten Free Multigrain Wraps,252g,£3.75,£1.49/100g,,Bakery
845158,No.1 Ciabatta with Extra Virgin Oil,G,false,393,https://ecom-su-static-prod.wtrecom.com/images/products/3/LN_845158_BP_3.jpg,https://www.waitrose.com/ecom/products/no1-ciabatta-with-extra-virgin-oil/845158-759405-759406,No.1 Ciabatta with Extra Virgin Oil,350g,£2.60,74.3p/100g,,Bakery
758320,Pagen Gifflar Raspberry & Vanilla Rolls,G,false,394,https://ecom-su-static-prod.wtrecom.com/images/products/3/LN_758320_BP_3.jpg,https://www.waitrose.com/ecom/products/pagen-gifflar-raspberry-vanilla-rolls/758320-826868-826869,Pagen Gifflar Raspberry & Vanilla Rolls,260g,£2.20,84.6p/100g,,Bakery
725480,Waitrose Gluten Free Belgian Chocolate Cake,G,false,395,https://ecom-su-static-prod.wtrecom.com/images/products/3/LN_725480_BP_3.jpg,https://www.waitrose.com/ecom/products/waitrose-gluten-free-belgian-chocolate-cake/725480-812513-812514,Waitrose Gluten Free Belgian Chocolate Cake,each,£3.95,,,Bakery
803684,Fiona Cairns 6 Chocolate Fairy Cakes,G,false,396,https://ecom-su-static-prod.wtrecom.com/images/products/3/LN_803684_BP_3.jpg,https://www.waitrose.com/ecom/products/fiona-cairns-6-chocolate-fairy-cakes/803684-280781-280782,Fiona Cairns 6 Chocolate Fairy Cakes,6s,£7.00,£1.17 each,,Bakery
820657,Genius Gluten Free Tiger Bloomer,G,false,397,https://ecom-su-static-prod.wtrecom.com/images/products/3/LN_820657_BP_3.jpg,https://www.waitrose.com/ecom/products/genius-gluten-free-tiger-bloomer/820657-798782-798783,Genius Gluten Free Tiger Bloomer,400g,£3.45,86.3p/100g,,Bakery
661134,Genius Gluten Free Pancakes,G,false,398,https://ecom-su-static-prod.wtrecom.com/images/products/3/LN_661134_BP_3.jpg,https://www.waitrose.com/ecom/products/genius-gluten-free-pancakes/661134-450560-450561,Genius Gluten Free Pancakes,6s,£2.50,41.7p each,,Bakery
682550,12 Woodland Friends Cupcakes,E,false,399,https://ecom-su-static-prod.wtrecom.com/images/products/3/LN_682550_BP_3.jpg,https://www.waitrose.com/ecom/products/12-woodland-friends-cupcakes/682550-414991-414992,12 Woodland Friends Cupcakes,12s,£16.00,£1.34 each,,Bakery
674279,Dinosaur Cake,E,false,400,https://ecom-su-static-prod.wtrecom.com/images/products/3/LN_674279_BP_3.jpg,https://www.waitrose.com/ecom/products/dinosaur-cake/674279-743490-743491,Dinosaur Cake,each,£45.00,£45 each,,Bakery
593183,PlantLiving: Vegan Chocolate Celebration Cake,G,false,401,https://ecom-su-static-prod.wtrecom.com/images/products/3/LN_593183_BP_3.jpg,https://www.waitrose.com/ecom/products/plantliving-vegan-chocolate-celebration-cake/593183-769116-769117,PlantLiving: Vegan Chocolate Celebration Cake,each,£10.00,£10 each,,Bakery
559129,Bacheldr Rustic Crunch Bread Mix,G,false,402,https://ecom-su-static-prod.wtrecom.com/images/products/3/LN_559129_BP_3.jpg,https://www.waitrose.com/ecom/products/bacheldr-rustic-crunch-bread-mix/559129-220498-220499,Bacheldr Rustic Crunch Bread Mix,500g,£1.50,£3/kg,,Bakery
482407,St Michel Tam Tam Mini Cakes,G,false,403,https://ecom-su-static-prod.wtrecom.com/images/products/3/LN_482407_BP_3.jpg,https://www.waitrose.com/ecom/products/st-michel-tam-tam-mini-cakes/482407-783730-783731,St Michel Tam Tam Mini Cakes,10x27.5g,£2.20,80p/100g,,Bakery
013362,Cohens Bakery Challa,G,false,404,https://ecom-su-static-prod.wtrecom.com/images/products/3/LN_013362_BP_3.jpg,https://www.waitrose.com/ecom/products/cohens-bakery-challa/013362-6497-6498,Cohens Bakery Challa,400g,£2.75,68.8p/100g,,Bakery
793542,Hovis 1886 Rustic Seeded Bloomer,G,false,405,https://ecom-su-static-prod.wtrecom.com/images/products/3/LN_793542_BP_3.jpg,https://www.waitrose.com/ecom/products/hovis-1886-rustic-seeded-bloomer/793542-815544-815545,Hovis 1886 Rustic Seeded Bloomer,550g,£1.95,35.5p/100g,,Bakery
943174,Waitrose Ready To Bake 5 All Butter Almond Croissants,G,true,406,https://ecom-su-static-prod.wtrecom.com/images/products/3/LN_943174_BP_3.jpg,https://www.waitrose.com/ecom/products/waitrose-ready-to-bake-5-all-butter-almond-croissants/943174-827549-827550,Waitrose Ready To Bake 5 All Butter Almond Croissants,450g,£3.60,£8/kg,Introductory Offer.Will be £4.50,Bakery
899136,Schär Gluten Free Waffles,G,false,407,https://ecom-su-static-prod.wtrecom.com/images/products/3/LN_899136_BP_3.jpg,https://www.waitrose.com/ecom/products/schar-gluten-free-waffles/899136-745691-745692,Schär Gluten Free Waffles,100g,£2.50,£2.50/100g,,Bakery
897129,Golden Celebration Cake,E,false,408,https://ecom-su-static-prod.wtrecom.com/images/products/3/LN_897129_BP_3.jpg,https://www.waitrose.com/ecom/products/golden-celebration-cake/897129-743530-743531,Golden Celebration Cake,each,£40.00,£40 each,,Bakery
882281,Two Tier Balloon & Stars Parcel Cake,E,false,409,https://ecom-su-static-prod.wtrecom.com/images/products/3/LN_882281_BP_3.jpg,https://www.waitrose.com/ecom/products/two-tier-balloon-stars-parcel-cake/882281-743528-743529,Two Tier Balloon & Stars Parcel Cake,each,£35.00,£35 each,,Bakery
877504,Studio Bakery Chocolate Fudge Brownie,G,false,410,https://ecom-su-static-prod.wtrecom.com/images/products/3/LN_877504_BP_3.jpg,https://www.waitrose.com/ecom/products/studio-bakery-chocolate-fudge-brownie/877504-783792-783793,Studio Bakery Chocolate Fudge Brownie,4s,£4.00,£1 each,,Bakery
876509,Genius Gluten Free Spicy Fruit Loaf,G,false,411,https://ecom-su-static-prod.wtrecom.com/images/products/3/LN_876509_BP_3.jpg,https://www.waitrose.com/ecom/products/genius-gluten-free-spicy-fruit-loaf/876509-144342-144343,Genius Gluten Free Spicy Fruit Loaf,400g,£3.15,78.8p/100g,,Bakery
874927,Carrot Triple Layer Cake,E,false,412,https://ecom-su-static-prod.wtrecom.com/images/products/3/LN_874927_BP_3.jpg,https://www.waitrose.com/ecom/products/carrot-triple-layer-cake/874927-743526-743527,Carrot Triple Layer Cake,each,£26.00,£26 each,,Bakery
869277,GAIL's Gluten Free Sourdough,G,false,413,https://ecom-su-static-prod.wtrecom.com/images/products/3/LN_869277_BP_3.jpg,https://www.waitrose.com/ecom/products/gails-gluten-free-sourdough/869277-807251-807252,GAIL's Gluten Free Sourdough,350g,£4.70,£1.35/100g,,Bakery
862696,Studio Bakery Caramelised Biscuit Rocky Road,G,false,414,https://ecom-su-static-prod.wtrecom.com/images/products/3/LN_862696_BP_3.jpg,https://www.waitrose.com/ecom/products/studio-bakery-caramelised-biscuit-rocky-road/862696-783786-783787,Studio Bakery Caramelised Biscuit Rocky Road,4s,£4.00,£1 each,,Bakery
861921,Waitrose Chocolate Traybake,G,false,415,https://ecom-su-static-prod.wtrecom.com/images/products/3/LN_861921_BP_3.jpg,https://www.waitrose.com/ecom/products/waitrose-chocolate-traybake/861921-772504-772505,Waitrose Chocolate Traybake,751g,£8.50,£1.14/100g,,Bakery
854553,Waitrose Chocolate Brownie,G,true,416,https://ecom-su-static-prod.wtrecom.com/images/products/3/LN_854553_BP_3.jpg,https://www.waitrose.com/ecom/products/waitrose-chocolate-brownie/854553-369209-369210,Waitrose Chocolate Brownie,58g,£1.10,£1.90/100g,"£5 Food to Go Meal Deal: Add 1 Main, 1 Snack and 1 Drink",Bakery
852743,GAIL's Challah Loaf,G,false,417,https://ecom-su-static-prod.wtrecom.com/images/products/3/LN_852743_BP_3.jpg,https://www.waitrose.com/ecom/products/gails-challah-loaf/852743-825293-825294,GAIL's Challah Loaf,610g,£5.30,86.9p/100g,,Bakery
845880,Red Celebration Cake,E,false,418,https://ecom-su-static-prod.wtrecom.com/images/products/3/LN_845880_BP_3.jpg,https://www.waitrose.com/ecom/products/red-celebration-cake/845880-743522-743523,Red Celebration Cake,each,£40.00,,,Bakery
840321,Space Galaxy Cake,E,false,419,https://ecom-su-static-prod.wtrecom.com/images/products/3/LN_840321_BP_3.jpg,https://www.waitrose.com/ecom/products/space-galaxy-cake/840321-776588-776589,Space Galaxy Cake,Each,£40.00,,,Bakery
839301,GAIL's Rosemary & Sea Salt Focaccia,G,false,420,https://ecom-su-static-prod.wtrecom.com/images/products/3/LN_839301_BP_3.jpg,https://www.waitrose.com/ecom/products/gails-rosemary-sea-salt-focaccia/839301-813080-813081,GAIL's Rosemary & Sea Salt Focaccia,320g,£3.80,£1.19/100g,,Bakery
838848,Gingerbread Man,G,false,421,https://ecom-su-static-prod.wtrecom.com/images/products/3/LN_838848_BP_3.jpg,https://www.waitrose.com/ecom/products/gingerbread-man/838848-486757-486758,Gingerbread Man,each,£1.20,£1.20 each,,Bakery
838230,Train Cake,E,false,422,https://ecom-su-static-prod.wtrecom.com/images/products/3/LN_838230_BP_3.jpg,https://www.waitrose.com/ecom/products/train-cake/838230-743518-743519,Train Cake,each,£35.00,,,Bakery
835138,Tea Party Cake,E,false,423,https://ecom-su-static-prod.wtrecom.com/images/products/3/LN_835138_BP_3.jpg,https://www.waitrose.com/ecom/products/tea-party-cake/835138-743516-743517,Tea Party Cake,each,£30.00,£30 each,,Bakery
826173,12 Toadstool & Dragonfly Cupcakes,E,false,424,https://ecom-su-static-prod.wtrecom.com/images/products/3/LN_826173_BP_3.jpg,https://www.waitrose.com/ecom/products/12-toadstool-dragonfly-cupcakes/826173-743510-743511,12 Toadstool & Dragonfly Cupcakes,12s,£16.00,£1.34 each,,Bakery
804502,Waitrose White Chocolate & Raspberry Cake,G,false,425,https://ecom-su-static-prod.wtrecom.com/images/products/3/LN_804502_BP_3.jpg,https://www.waitrose.com/ecom/products/waitrose-white-chocolate-raspberry-cake/804502-568248-568249,Waitrose White Chocolate & Raspberry Cake,909g,£16.00,£17.61/kg,,Bakery
802052,Pizza Express Garlic & Mozzarella Flatbread,G,true,426,https://ecom-su-static-prod.wtrecom.com/images/products/3/LN_802052_BP_3.jpg,https://www.waitrose.com/ecom/products/pizza-express-garlic-mozzarella-flatbread/802052-813900-813901,Pizza Express Garlic & Mozzarella Flatbread,185g,£1.87,£1.02/100g,25% Off. Was £2.50,Bakery
801947,Triple Layer Cappuccino Cake,E,false,427,https://ecom-su-static-prod.wtrecom.com/images/products/3/LN_801947_BP_3.jpg,https://www.waitrose.com/ecom/products/triple-layer-cappuccino-cake/801947-776586-776587,Triple Layer Cappuccino Cake,each,£26.00,,,Bakery
783979,Iced Penelope Panda Cookie,G,false,428,https://ecom-su-static-prod.wtrecom.com/images/products/3/LN_783979_BP_3.jpg,https://www.waitrose.com/ecom/products/iced-penelope-panda-cookie/783979-817036-817037,Iced Penelope Panda Cookie,75g,£1.75,£2.34/100g,,Bakery
760975,Lemon Triple Layer Cake,E,false,429,https://ecom-su-static-prod.wtrecom.com/images/products/3/LN_760975_BP_3.jpg,https://www.waitrose.com/ecom/products/lemon-triple-layer-cake/760975-743506-743507,Lemon Triple Layer Cake,each,£26.00,£26 each,,Bakery
757972,Butterfly Cake,E,false,430,https://ecom-su-static-prod.wtrecom.com/images/products/3/LN_757972_BP_3.jpg,https://www.waitrose.com/ecom/products/butterfly-cake/757972-743504-743505,Butterfly Cake,each,£35.00,,,Bakery
755327,Waitrose Free From Gluten Danish Swirl,G,false,431,https://ecom-su-static-prod.wtrecom.com/images/products/3/LN_755327_BP_3.jpg,https://www.waitrose.com/ecom/products/waitrose-free-from-gluten-danish-swirl/755327-768539-768540,Waitrose Free From Gluten Danish Swirl,2s,£2.95,£1.48 each,,Bakery
754557,12 Dinosaur Cupcakes,E,false,432,https://ecom-su-static-prod.wtrecom.com/images/products/3/LN_754557_BP_3.jpg,https://www.waitrose.com/ecom/products/12-dinosaur-cupcakes/754557-743502-743503,12 Dinosaur Cupcakes,12s,£16.00,£1.34 each,,Bakery
743808,Fiona Cairns Lemon Daisy Cake,G,false,433,https://ecom-su-static-prod.wtrecom.com/images/products/3/LN_743808_BP_3.jpg,https://www.waitrose.com/ecom/products/fiona-cairns-lemon-daisy-cake/743808-813544-813545,Fiona Cairns Lemon Daisy Cake,900g,£16.50,£1.84/100g,,Bakery
740929,24 Chocolate Party Cakes,E,false,434,https://ecom-su-static-prod.wtrecom.com/images/products/3/LN_740929_BP_3.jpg,https://www.waitrose.com/ecom/products/24-chocolate-party-cakes/740929-105332-105333,24 Chocolate Party Cakes,24s,£28.00,£1.17 each,,Bakery
721638,Silver Celebration Cake,E,false,435,https://ecom-su-static-prod.wtrecom.com/images/products/3/LN_721638_BP_3.jpg,https://www.waitrose.com/ecom/products/silver-celebration-cake/721638-743500-743501,Silver Celebration Cake,each,£40.00,£40 each,,Bakery
684222,OGGS Chocolate Fudge Cakes,G,false,436,https://ecom-su-static-prod.wtrecom.com/images/products/3/LN_684222_BP_3.jpg,https://www.waitrose.com/ecom/products/oggs-chocolate-fudge-cakes/684222-693822-693823,OGGS Chocolate Fudge Cakes,4x46g,£4.15,£2.26/100g,,Bakery
678372,Two Tier Chocolate Parcel Cake,E,false,437,https://ecom-su-static-prod.wtrecom.com/images/products/3/LN_678372_BP_3.jpg,https://www.waitrose.com/ecom/products/two-tier-chocolate-parcel-cake/678372-796912-796913,Two Tier Chocolate Parcel Cake,each,£35.00,£35 each,,Bakery
677478,Crosta & Mollica Apricot Crostata 4 Tartlets,G,false,438,https://ecom-su-static-prod.wtrecom.com/images/products/3/LN_677478_BP_3.jpg,https://www.waitrose.com/ecom/products/crosta-mollica-apricot-crostata-4-tartlets/677478-806181-806182,Crosta & Mollica Apricot Crostata 4 Tartlets,160g,£3.50,£2.19/100g,,Bakery
677023,Golf Cake,E,false,439,https://ecom-su-static-prod.wtrecom.com/images/products/3/LN_677023_BP_3.jpg,https://www.waitrose.com/ecom/products/golf-cake/677023-706069-706070,Golf Cake,each,£35.00,,,Bakery
675921,Studio Bakery Sea Salted Caramel Millionaire,G,false,440,https://ecom-su-static-prod.wtrecom.com/images/products/3/LN_675921_BP_3.jpg,https://www.waitrose.com/ecom/products/studio-bakery-sea-salted-caramel-millionaire/675921-783760-783761,Studio Bakery Sea Salted Caramel Millionaire,4s,£4.00,£1 each,,Bakery
657106,Waitrose Neapolitan Celebration Cake,G,false,441,https://ecom-su-static-prod.wtrecom.com/images/products/3/LN_657106_BP_3.jpg,https://www.waitrose.com/ecom/products/waitrose-neapolitan-celebration-cake/657106-719325-719326,Waitrose Neapolitan Celebration Cake,each,£16.00,£16 each,,Bakery
656820,Fibre One Strawberry Cheesecake Bars,G,false,442,https://ecom-su-static-prod.wtrecom.com/images/products/3/LN_656820_BP_3.jpg,https://www.waitrose.com/ecom/products/fibre-one-strawberry-cheesecake-bars/656820-786210-786211,Fibre One Strawberry Cheesecake Bars,4x25g,£1.70,£1.70/100g,,Bakery
646398,8 Chocolate Stars Cupcakes,E,false,443,https://ecom-su-static-prod.wtrecom.com/images/products/3/LN_646398_BP_3.jpg,https://www.waitrose.com/ecom/products/8-chocolate-stars-cupcakes/646398-776580-776581,8 Chocolate Stars Cupcakes,8s,£15.00,£1.88 each,,Bakery
646340,Waitrose Happy the Hedgehog Cake,G,false,444,https://ecom-su-static-prod.wtrecom.com/images/products/3/LN_646340_BP_3.jpg,https://www.waitrose.com/ecom/products/waitrose-happy-the-hedgehog-cake/646340-788942-788943,Waitrose Happy the Hedgehog Cake,744g,£14.00,£1.89/100g,,Bakery
641263,Lazy Day Gluten Free & Vegan Salted Caramel Crispies,G,false,445,https://ecom-su-static-prod.wtrecom.com/images/products/3/LN_641263_BP_3.jpg,https://www.waitrose.com/ecom/products/lazy-day-gluten-free-vegan-salted-caramel-crispies/641263-791135-791136,Lazy Day Gluten Free & Vegan Salted Caramel Crispies,150g,£2.65,£1.77/100g,,Bakery
637931,Chocolate Salted Caramel Triple Layer Cake,E,false,446,https://ecom-su-static-prod.wtrecom.com/images/products/3/LN_637931_BP_3.jpg,https://www.waitrose.com/ecom/products/chocolate-salted-caramel-triple-layer-cake/637931-295425-295426,Chocolate Salted Caramel Triple Layer Cake,each,£26.00,£26 each,,Bakery
635643,Galaxy Ripple Chocolate Cake,G,false,447,https://ecom-su-static-prod.wtrecom.com/images/products/3/LN_635643_BP_3.jpg,https://www.waitrose.com/ecom/products/galaxy-ripple-chocolate-cake/635643-819475-819476,Galaxy Ripple Chocolate Cake,each,£14.00,£14 each,,Bakery
635499,Waitrose Millionaire's Shortbread,G,true,448,https://ecom-su-static-prod.wtrecom.com/images/products/3/LN_635499_BP_3.jpg,https://www.waitrose.com/ecom/products/waitrose-millionaires-shortbread/635499-581348-581349,Waitrose Millionaire's Shortbread,61g,£1.10,£1.81/100g,"£5 Food to Go Meal Deal: Add 1 Main, 1 Snack and 1 Drink",Bakery
613457,Digger Cake,E,false,449,https://ecom-su-static-prod.wtrecom.com/images/products/3/LN_613457_BP_3.jpg,https://www.waitrose.com/ecom/products/digger-cake/613457-776578-776579,Digger Cake,Each,£35.00,,,Bakery
605453,Safari Cake,E,false,450,https://ecom-su-static-prod.wtrecom.com/images/products/3/LN_605453_BP_3.jpg,https://www.waitrose.com/ecom/products/safari-cake/605453-776576-776577,Safari Cake,Each,£35.00,,,Bakery
603785,Waitrose Decorate Your Own Cake,G,false,451,https://ecom-su-static-prod.wtrecom.com/images/products/3/LN_603785_BP_3.jpg,https://www.waitrose.com/ecom/products/waitrose-decorate-your-own-cake/603785-713661-713662,Waitrose Decorate Your Own Cake,890g,£10.00,£11.24/kg,,Bakery
583108,Just Love Gluten Free Confetti Cake,G,false,452,https://ecom-su-static-prod.wtrecom.com/images/products/3/LN_583108_BP_3.jpg,https://www.waitrose.com/ecom/products/just-love-gluten-free-confetti-cake/583108-820171-820172,Just Love Gluten Free Confetti Cake,each,£16.00,£16 each,,Bakery
564980,Golden Triple Layer Star Cake,E,false,453,https://ecom-su-static-prod.wtrecom.com/images/products/3/LN_564980_BP_3.jpg,https://www.waitrose.com/ecom/products/golden-triple-layer-star-cake/564980-743478-743479,Golden Triple Layer Star Cake,each,£28.00,£28 each,,Bakery
564251,Waitrose Millionaire Layer Cake,G,false,454,https://ecom-su-static-prod.wtrecom.com/images/products/3/LN_564251_BP_3.jpg,https://www.waitrose.com/ecom/products/waitrose-millionaire-layer-cake/564251-713531-713532,Waitrose Millionaire Layer Cake,Each,£16.00,£16 each,,Bakery
564233,GAIL's 2 Challah Knots,G,false,455,https://ecom-su-static-prod.wtrecom.com/images/products/3/LN_564233_BP_3.jpg,https://www.waitrose.com/ecom/products/gails-2-challah-knots/564233-813072-813073,GAIL's 2 Challah Knots,2x110g,£2.30,£1.05/100g,,Bakery
555687,Lovemore Gluten Free Muffins Double Chocolate,G,false,456,https://ecom-su-static-prod.wtrecom.com/images/products/3/LN_555687_BP_3.jpg,https://www.waitrose.com/ecom/products/lovemore-gluten-free-muffins-double-chocolate/555687-450450-450451,Lovemore Gluten Free Muffins Double Chocolate,2s,£2.50,£1.25 each,,Bakery
554793,Studio Bakery Scrumdiddly umptious Tiffin,G,false,457,https://ecom-su-static-prod.wtrecom.com/images/products/3/LN_554793_BP_3.jpg,https://www.waitrose.com/ecom/products/studio-bakery-scrumdiddly-umptious-tiffin/554793-783742-783743,Studio Bakery Scrumdiddly umptious Tiffin,4s,£4.00,£1 each,,Bakery
551255,Fiona Cairns 4 Pink Buttercream Cupcakes,G,false,458,https://ecom-su-static-prod.wtrecom.com/images/products/3/LN_551255_BP_3.jpg,https://www.waitrose.com/ecom/products/fiona-cairns-4-pink-buttercream-cupcakes/551255-752445-752446,Fiona Cairns 4 Pink Buttercream Cupcakes,4s,£7.00,£1.75 each,,Bakery
547776,Fiona Cairn Golden Sponge Happy Birthday Cake,G,false,459,https://ecom-su-static-prod.wtrecom.com/images/products/3/LN_547776_BP_3.jpg,https://www.waitrose.com/ecom/products/fiona-cairn-golden-sponge-happy-birthday-cake/547776-769619-769620,Fiona Cairn Golden Sponge Happy Birthday Cake,Each,£16.50,£16.50 each,,Bakery
545715,12 Cherry Blossom Cupcakes,E,false,460,https://ecom-su-static-prod.wtrecom.com/images/products/3/LN_545715_BP_3.jpg,https://www.waitrose.com/ecom/products/12-cherry-blossom-cupcakes/545715-743474-743475,12 Cherry Blossom Cupcakes,12s,£15.00,£1.25 each,,Bakery
544360,Waitrose Chocolate Checkerboard Party Cake,G,false,461,https://ecom-su-static-prod.wtrecom.com/images/products/3/LN_544360_BP_3.jpg,https://www.waitrose.com/ecom/products/waitrose-chocolate-checkerboard-party-cake/544360-788902-788903,Waitrose Chocolate Checkerboard Party Cake,920g,£16.00,£1.74/100g,,Bakery
540291,OGGS 2 Mega Caramel Cupcakes,G,false,462,https://ecom-su-static-prod.wtrecom.com/images/products/3/LN_540291_BP_3.jpg,https://www.waitrose.com/ecom/products/oggs-2-mega-caramel-cupcakes/540291-819463-819464,OGGS 2 Mega Caramel Cupcakes,2s,£2.35,£1.18 each,,Bakery
534256,Irwins Together Cranberry & Orange Super Seeded Loaf,G,false,463,https://ecom-su-static-prod.wtrecom.com/images/products/3/LN_534256_BP_3.jpg,https://www.waitrose.com/ecom/products/irwins-together-cranberry-orange-super-seeded-loaf/534256-810524-810525,Irwins Together Cranberry & Orange Super Seeded Loaf,400g,£2.10,52.5p/100g,,Bakery
533000,Fiona Cairns Mini Chocolate Confetti Cake,G,false,464,https://ecom-su-static-prod.wtrecom.com/images/products/3/LN_533000_BP_3.jpg,https://www.waitrose.com/ecom/products/fiona-cairns-mini-chocolate-confetti-cake/533000-813510-813511,Fiona Cairns Mini Chocolate Confetti Cake,each,£8.00,£8 each,,Bakery
521538,Waitrose Chocolate Birthday Cake Cubes,G,false,465,https://ecom-su-static-prod.wtrecom.com/images/products/3/LN_521538_BP_3.jpg,https://www.waitrose.com/ecom/products/waitrose-chocolate-birthday-cake-cubes/521538-788900-788901,Waitrose Chocolate Birthday Cake Cubes,652g,£14.00,£2.15/100g,,Bakery
517639,8 Unicorn Cupcakes,E,false,466,https://ecom-su-static-prod.wtrecom.com/images/products/3/LN_517639_BP_3.jpg,https://www.waitrose.com/ecom/products/8-unicorn-cupcakes/517639-743468-743469,8 Unicorn Cupcakes,8s,£15.00,£1.88 each,,Bakery
495617,St Michel Choco Muffin,G,false,467,https://ecom-su-static-prod.wtrecom.com/images/products/3/LN_495617_BP_3.jpg,https://www.waitrose.com/ecom/products/st-michel-choco-muffin/495617-783732-783733,St Michel Choco Muffin,6x30g,£2.10,£1.17/100g,,Bakery
493234,Two Tier Floral Parcel Cake,E,false,468,https://ecom-su-static-prod.wtrecom.com/images/products/3/LN_493234_BP_3.jpg,https://www.waitrose.com/ecom/products/two-tier-floral-parcel-cake/493234-743466-743467,Two Tier Floral Parcel Cake,each,£35.00,£35 each,,Bakery
477830,Congratulations Cake,E,false,469,https://ecom-su-static-prod.wtrecom.com/images/products/3/LN_477830_BP_3.jpg,https://www.waitrose.com/ecom/products/congratulations-cake/477830-743464-743465,Congratulations Cake,each,£40.00,£40 each,,Bakery
470763,Salted Caramel & Pecan Brownie,G,false,470,https://ecom-su-static-prod.wtrecom.com/images/products/3/LN_470763_BP_3.jpg,https://www.waitrose.com/ecom/products/salted-caramel-pecan-brownie/470763-788880-788881,Salted Caramel & Pecan Brownie,each,£1.50,£1.50 each,,Bakery
468365,Loaded Raspberry Ripple Cake,E,false,471,https://ecom-su-static-prod.wtrecom.com/images/products/3/LN_468365_BP_3.jpg,https://www.waitrose.com/ecom/products/loaded-raspberry-ripple-cake/468365-743462-743463,Loaded Raspberry Ripple Cake,each,£32.00,£32 each,,Bakery
454827,GAIL's Baguette,G,false,472,https://ecom-su-static-prod.wtrecom.com/images/products/3/LN_454827_BP_3.jpg,https://www.waitrose.com/ecom/products/gails-baguette/454827-785874-785875,GAIL's Baguette,245g,£2.60,£1.07/100g,,Bakery
447994,GAIL's English Muffins,G,false,473,https://ecom-su-static-prod.wtrecom.com/images/products/3/LN_447994_BP_3.jpg,https://www.waitrose.com/ecom/products/gails-english-muffins/447994-785872-785873,GAIL's English Muffins,400g,£2.10,52.5p/100g,,Bakery
445022,White Chocolate & Lemon Tart,G,false,474,https://ecom-su-static-prod.wtrecom.com/images/products/3/LN_445022_BP_3.jpg,https://www.waitrose.com/ecom/products/white-chocolate-lemon-tart/445022-810518-810519,White Chocolate & Lemon Tart,each,£1.75,£1.75 each,,Bakery
439360,Studio Bakery Traybake Selection Box,G,false,475,https://ecom-su-static-prod.wtrecom.com/images/products/3/LN_439360_BP_3.jpg,https://www.waitrose.com/ecom/products/studio-bakery-traybake-selection-box/439360-804648-804649,Studio Bakery Traybake Selection Box,6s,£7.00,£1.17 each,,Bakery
437168,PlantLiving: Vanilla Traybake,G,false,476,https://ecom-su-static-prod.wtrecom.com/images/products/3/LN_437168_BP_3.jpg,https://www.waitrose.com/ecom/products/plantliving-vanilla-traybake/437168-769070-769071,PlantLiving: Vanilla Traybake,426g,£5.50,£1.30/100g,,Bakery
434415,St Michel Choco Waffle,G,false,477,https://ecom-su-static-prod.wtrecom.com/images/products/3/LN_434415_BP_3.jpg,https://www.waitrose.com/ecom/products/st-michel-choco-waffle/434415-783728-783729,St Michel Choco Waffle,6x30g,£2.10,£1.17/100g,,Bakery
415105,Iced Noah Narwhal Cookie,G,false,478,https://ecom-su-static-prod.wtrecom.com/images/products/3/LN_415105_BP_3.jpg,https://www.waitrose.com/ecom/products/iced-noah-narwhal-cookie/415105-824436-824437,Iced Noah Narwhal Cookie,50g,£1.75,£3.50/100g,,Bakery
407900,Fibre One Doughnuts Chocolate,G,false,479,https://ecom-su-static-prod.wtrecom.com/images/products/3/LN_407900_BP_3.jpg,https://www.waitrose.com/ecom/products/fibre-one-doughnuts-chocolate/407900-786022-786023,Fibre One Doughnuts Chocolate,4x23g,£3.00,£3.27/100g,,Bakery
404411,Waitrose Daisy Cake,G,false,480,https://ecom-su-static-prod.wtrecom.com/images/products/3/LN_404411_BP_3.jpg,https://www.waitrose.com/ecom/products/waitrose-daisy-cake/404411-567898-567899,Waitrose Daisy Cake,634g,£10.00,£1.58/100g,,Bakery
384230,Galaxy Chocolate Cake Bars,G,false,481,https://ecom-su-static-prod.wtrecom.com/images/products/3/LN_384230_BP_3.jpg,https://www.waitrose.com/ecom/products/galaxy-chocolate-cake-bars/384230-826844-826845,Galaxy Chocolate Cake Bars,5s,£2.25,45p each,,Bakery
376437,25cm Football Cake,E,false,482,https://ecom-su-static-prod.wtrecom.com/images/products/3/LN_376437_BP_3.jpg,https://www.waitrose.com/ecom/products/25cm-football-cake/376437-168474-168475,25cm Football Cake,each,£30.00,£30 each,,Bakery
374515,Waitrose Ready To Bake 4 All Butter Cinnamon Swirls,G,true,483,https://ecom-su-static-prod.wtrecom.com/images/products/3/LN_374515_BP_3.jpg,https://www.waitrose.com/ecom/products/waitrose-ready-to-bake-4-all-butter-cinnamon-swirls/374515-827450-827451,Waitrose Ready To Bake 4 All Butter Cinnamon Swirls,360g,£2.60,£7.23/kg,Introductory Offer.Will be £3.30,Bakery
297903,Dr. Oetker Old School Cake Mix Vanilla,G,false,484,https://ecom-su-static-prod.wtrecom.com/images/products/3/LN_297903_BP_3.jpg,https://www.waitrose.com/ecom/products/dr-oetker-old-school-cake-mix-vanilla/297903-827106-827107,Dr. Oetker Old School Cake Mix Vanilla,436g,£3.00,£6.89/kg,,Bakery
077133,Cohens Bakery Buckingham Rye Bread,G,false,485,https://ecom-su-static-prod.wtrecom.com/images/products/3/LN_077133_BP_3.jpg,https://www.waitrose.com/ecom/products/cohens-bakery-buckingham-rye-bread/077133-39207-39208,Cohens Bakery Buckingham Rye Bread,400g,£2.10,52.5p/100g,,Bakery
