data-product-id,data-product-name,data-product-type,data-product-on-offer,data-product-index,image-url,product-page,product-name,product-size,item-price,price-per-unit,offer-description,category
021062,Hendrick's Gin,G,false,150,https://ecom-su-static-prod.wtrecom.com/images/products/3/LN_021062_BP_3.jpg,https://www.waitrose.com/ecom/products/hendricks-gin/021062-10253-10254,Hendrick's Gin,70cl,£32.50,£46.43/litre,,"Beer, Wine & Spirits"
659339,Tanqueray London Dry Gin,G,false,2,https://ecom-su-static-prod.wtrecom.com/images/products/3/LN_659339_BP_3.jpg,https://www.waitrose.com/ecom/products/tanqueray-london-dry-gin/659339-755995-755996,Tanqueray London Dry Gin,1L,£30.00,£30/litre,,"Beer, Wine & Spirits"
398823,No.3 London Dry Gin,G,false,503,https://ecom-su-static-prod.wtrecom.com/images/products/3/LN_398823_BP_3.jpg,https://www.waitrose.com/ecom/products/no3-london-dry-gin/398823-136771-136772,No.3 London Dry Gin,700ml,£39.00,£55.72/litre,,"Beer, Wine & Spirits"
611725,San Leo Prosecco DOC,W,false,4,https://ecom-su-static-prod.wtrecom.com/images/products/3/LN_611725_BP_3.jpg,https://www.waitrose.com/ecom/products/san-leo-prosecco-doc/611725-86791-86792,San Leo Prosecco DOC,75cl,£9.99,£9.99/75cl,,"Beer, Wine & Spirits"
012015,"The Ned Sauvignon Blanc Marlborough, New Zealand",W,true,5,https://ecom-su-static-prod.wtrecom.com/images/products/3/LN_012015_BP_3.jpg,https://www.waitrose.com/ecom/products/the-ned-sauvignon-blanc-marlborough-new-zealand/012015-5940-5941,"The Ned Sauvignon Blanc Marlborough, New Zealand",75cl,£11.99,£11.99/75cl,Buyers Choice,"Beer, Wine & Spirits"
401407,Esprit de Buganay Côtes de Provence Rosé,W,false,6,https://ecom-su-static-prod.wtrecom.com/images/products/3/LN_401407_BP_3.jpg,https://www.waitrose.com/ecom/products/esprit-de-buganay-cotes-de-provence-rose/401407-56480-56481,Esprit de Buganay Côtes de Provence Rosé,75cl,£14.99,£14.99/75cl,,"Beer, Wine & Spirits"
607989,Terre Di Faiano Primitivo Organic Puglia,W,false,7,https://ecom-su-static-prod.wtrecom.com/images/products/3/LN_607989_BP_3.jpg,https://www.waitrose.com/ecom/products/terre-di-faiano-primitivo-organic-puglia/607989-348541-348542,Terre Di Faiano Primitivo Organic Puglia,75cl,£10.99,£10.99/75cl,,"Beer, Wine & Spirits"
670297,Le Bijou Rosé De Sophie Valrose Coteaux De Béziers,W,true,8,https://ecom-su-static-prod.wtrecom.com/images/products/3/LN_670297_BP_3.jpg,https://www.waitrose.com/ecom/products/le-bijou-rose-de-sophie-valrose-coteaux-de-beziers/670297-343262-343263,Le Bijou Rosé De Sophie Valrose Coteaux De Béziers,75cl,£10.99,£10.99/75cl,Buyers Choice,"Beer, Wine & Spirits"
718427,Waitrose Prosecco,W,false,9,https://ecom-su-static-prod.wtrecom.com/images/products/3/LN_718427_BP_3.jpg,https://www.waitrose.com/ecom/products/waitrose-prosecco/718427-224720-224721,Waitrose Prosecco,75cl,£7.99,£7.99/75cl,,"Beer, Wine & Spirits"
520727,The Whale Caller Shiraz Cabernet Sauvignon South Africa,W,false,10,https://ecom-su-static-prod.wtrecom.com/images/products/3/LN_520727_BP_3.jpg,https://www.waitrose.com/ecom/products/the-whale-caller-shiraz-cabernet-sauvignon-south-africa/520727-73649-73650,The Whale Caller Shiraz Cabernet Sauvignon South Africa,75cl,£6.99,£6.99/75cl,,"Beer, Wine & Spirits"
099828,Porcupine Ridge Sauvignon Blanc,W,false,11,https://ecom-su-static-prod.wtrecom.com/images/products/3/LN_099828_BP_3.jpg,https://www.waitrose.com/ecom/products/porcupine-ridge-sauvignon-blanc/099828-51003-51004,Porcupine Ridge Sauvignon Blanc,75cl,£8.99,£8.99/75cl,,"Beer, Wine & Spirits"
432946,"Alta Italia Pinot Grigio Trentino, Italy",W,false,12,https://ecom-su-static-prod.wtrecom.com/images/products/3/LN_432946_BP_3.jpg,https://www.waitrose.com/ecom/products/alta-italia-pinot-grigio-trentino-italy/432946-212420-212421,"Alta Italia Pinot Grigio Trentino, Italy",75cl,£9.99,£9.99/75cl,,"Beer, Wine & Spirits"
083601,Brancott Estate Sauvignon Blanc White Wine,W,true,13,https://ecom-su-static-prod.wtrecom.com/images/products/3/LN_083601_BP_3.jpg,https://www.waitrose.com/ecom/products/brancott-estate-sauvignon-blanc-white-wine/083601-42441-42442,Brancott Estate Sauvignon Blanc White Wine,75cl,£10.49,£10.49/75cl,Buyers Choice,"Beer, Wine & Spirits"
036048,"Italia Pinot Grigio Rosé Pavia, Italy",W,false,14,https://ecom-su-static-prod.wtrecom.com/images/products/3/LN_036048_BP_3.jpg,https://www.waitrose.com/ecom/products/italia-pinot-grigio-rose-pavia-italy/036048-18106-18107,"Italia Pinot Grigio Rosé Pavia, Italy",75cl,£8.99,£8.99/75cl,,"Beer, Wine & Spirits"
562833,Mirabeau En Provence Classic Rosé France,W,true,15,https://ecom-su-static-prod.wtrecom.com/images/products/3/LN_562833_BP_3.jpg,https://www.waitrose.com/ecom/products/mirabeau-en-provence-classic-rose-france/562833-136381-136382,Mirabeau En Provence Classic Rosé France,75cl,£13.99,£13.99/75cl,Buyers Choice,"Beer, Wine & Spirits"
041389,Canaletto Pinot Grigio,W,false,16,https://ecom-su-static-prod.wtrecom.com/images/products/3/LN_041389_BP_3.jpg,https://www.waitrose.com/ecom/products/canaletto-pinot-grigio/041389-20482-20483,Canaletto Pinot Grigio,75cl,£8.99,£8.99/75cl,,"Beer, Wine & Spirits"
821331,Erdinger Weissbräu Alcohol Free Wheat Beer,G,false,17,https://ecom-su-static-prod.wtrecom.com/images/products/3/LN_821331_BP_3.jpg,https://www.waitrose.com/ecom/products/erdinger-weissbrau-alcohol-free-wheat-beer/821331-281019-281020,Erdinger Weissbräu Alcohol Free Wheat Beer,50cl,£1.75,£3.50/litre,,"Beer, Wine & Spirits"
871301,Norton Colección Malbec,W,false,18,https://ecom-su-static-prod.wtrecom.com/images/products/3/LN_871301_BP_3.jpg,https://www.waitrose.com/ecom/products/norton-coleccion-malbec/871301-585749-585750,Norton Colección Malbec,75cl,£9.99,£9.99/75cl,,"Beer, Wine & Spirits"
083926,Cuvée Royale Brut NV Crémant De Limoux,W,false,19,https://ecom-su-static-prod.wtrecom.com/images/products/3/LN_083926_BP_3.jpg,https://www.waitrose.com/ecom/products/cuvee-royale-brut-nv-cremant-de-limoux/083926-42628-42629,Cuvée Royale Brut NV Crémant De Limoux,75cl,£13.99,£13.99/75cl,,"Beer, Wine & Spirits"
615942,Peroni Nastro Azzurro Lager Multipack Bottle,G,false,20,https://ecom-su-static-prod.wtrecom.com/images/products/3/LN_615942_BP_3.jpg,https://www.waitrose.com/ecom/products/peroni-nastro-azzurro-lager-multipack-bottle/615942-87387-87388,Peroni Nastro Azzurro Lager Multipack Bottle,12x330ml,£18.00,£4.55/litre,,"Beer, Wine & Spirits"
422040,Yellow Tail Shiraz,W,false,21,https://ecom-su-static-prod.wtrecom.com/images/products/3/LN_422040_BP_3.jpg,https://www.waitrose.com/ecom/products/yellow-tail-shiraz/422040-222330-222331,Yellow Tail Shiraz,75cl,£7.99,£7.99/75cl,,"Beer, Wine & Spirits"
899512,La Vieille Ferme Rosé,W,true,22,https://ecom-su-static-prod.wtrecom.com/images/products/3/LN_899512_BP_3.jpg,https://www.waitrose.com/ecom/products/la-vieille-ferme-rose/899512-580400-580401,La Vieille Ferme Rosé,75cl,£7.50,£7.50/75cl,save £1.00. Was £8.50,"Beer, Wine & Spirits"
036920,Waitrose Low Alcohol Cider,G,false,23,https://ecom-su-static-prod.wtrecom.com/images/products/3/LN_036920_BP_3.jpg,https://www.waitrose.com/ecom/products/waitrose-low-alcohol-cider/036920-18483-18484,Waitrose Low Alcohol Cider,500ml,£1.30,£2.60/litre,,"Beer, Wine & Spirits"
018265,Oxford Landing Sauvignon Blanc S. Australia,W,false,24,https://ecom-su-static-prod.wtrecom.com/images/products/3/LN_018265_BP_3.jpg,https://www.waitrose.com/ecom/products/oxford-landing-sauvignon-blanc-s-australia/018265-8852-8853,Oxford Landing Sauvignon Blanc S. Australia,75cl,£7.49,£7.49/75cl,,"Beer, Wine & Spirits"
083835,Veuve Clicquot Yellow Label Brut Champagne,W,false,25,https://ecom-su-static-prod.wtrecom.com/images/products/3/LN_083835_BP_3.jpg,https://www.waitrose.com/ecom/products/veuve-clicquot-yellow-label-brut-champagne/083835-42570-42571,Veuve Clicquot Yellow Label Brut Champagne,75cl,£47.99,£47.99/75cl,,"Beer, Wine & Spirits"
873242,Paul Mas Réserve Languedoc Blanc,W,false,26,https://ecom-su-static-prod.wtrecom.com/images/products/3/LN_873242_BP_3.jpg,https://www.waitrose.com/ecom/products/paul-mas-reserve-languedoc-blanc/873242-593973-593974,Paul Mas Réserve Languedoc Blanc,75cl,£9.99,£9.99/75cl,,"Beer, Wine & Spirits"
523008,Oxford Landing Chardonnay,W,false,27,https://ecom-su-static-prod.wtrecom.com/images/products/3/LN_523008_BP_3.jpg,https://www.waitrose.com/ecom/products/oxford-landing-chardonnay/523008-658185-658186,Oxford Landing Chardonnay,75cl,£7.49,£7.49/75cl,,"Beer, Wine & Spirits"
462497,"Waitrose Pinot Grigio Veneto, Italy",W,false,28,https://ecom-su-static-prod.wtrecom.com/images/products/3/LN_462497_BP_3.jpg,https://www.waitrose.com/ecom/products/waitrose-pinot-grigio-veneto-italy/462497-222666-222667,"Waitrose Pinot Grigio Veneto, Italy",75cl,£7.99,£7.99/75cl,,"Beer, Wine & Spirits"
069789,Villa Maria Private Bin Sauvignon Blanc,W,false,29,https://ecom-su-static-prod.wtrecom.com/images/products/3/LN_069789_BP_3.jpg,https://www.waitrose.com/ecom/products/villa-maria-private-bin-sauvignon-blanc/069789-35379-35380,Villa Maria Private Bin Sauvignon Blanc,75cl,£10.99,£10.99/75cl,,"Beer, Wine & Spirits"
428116,Luis Felipe Edwards Bin Series Malbec,W,true,30,https://ecom-su-static-prod.wtrecom.com/images/products/3/LN_428116_BP_3.jpg,https://www.waitrose.com/ecom/products/luis-felipe-edwards-bin-series-malbec/428116-633320-633321,Luis Felipe Edwards Bin Series Malbec,75cl,£6.49,£6.49/75cl,save £2.50. Was £8.99,"Beer, Wine & Spirits"
033097,Yalumba Organic Viognier South Australia,W,false,31,https://ecom-su-static-prod.wtrecom.com/images/products/3/LN_033097_BP_3.jpg,https://www.waitrose.com/ecom/products/yalumba-organic-viognier-south-australia/033097-16303-16304,Yalumba Organic Viognier South Australia,75cl,£10.99,£10.99/75cl,,"Beer, Wine & Spirits"
881673,St Austell Proper Job Cornwall,G,true,32,https://ecom-su-static-prod.wtrecom.com/images/products/3/LN_881673_BP_3.jpg,https://www.waitrose.com/ecom/products/st-austell-proper-job-cornwall/881673-175572-175573,St Austell Proper Job Cornwall,500ml,£2.20,£4.40/litre,Add 3 for £5.50,"Beer, Wine & Spirits"
822385,Wither Hills Sauvignon Blanc,W,true,33,https://ecom-su-static-prod.wtrecom.com/images/products/3/LN_822385_BP_3.jpg,https://www.waitrose.com/ecom/products/wither-hills-sauvignon-blanc/822385-696378-696379,Wither Hills Sauvignon Blanc,75cl,£11.99,£11.99/75cl,Buyers Choice,"Beer, Wine & Spirits"
759487,Yellowtail Chardonnay,W,false,34,https://ecom-su-static-prod.wtrecom.com/images/products/3/LN_759487_BP_3.jpg,https://www.waitrose.com/ecom/products/yellowtail-chardonnay/759487-759164-759165,Yellowtail Chardonnay,75cl,£7.99,£7.99/75cl,,"Beer, Wine & Spirits"
443083,Codorniu 1872 Brut Organic Cava,W,true,35,https://ecom-su-static-prod.wtrecom.com/images/products/3/LN_443083_BP_3.jpg,https://www.waitrose.com/ecom/products/codorniu-1872-brut-organic-cava/443083-805745-805746,Codorniu 1872 Brut Organic Cava,75cl,£7.99,£10.66/litre,save £3.00. Was £10.99,"Beer, Wine & Spirits"
801722,Luis Felipe Edwards Bin Series Sauvignon Blanc,W,false,36,https://ecom-su-static-prod.wtrecom.com/images/products/3/LN_801722_BP_3.jpg,https://www.waitrose.com/ecom/products/luis-felipe-edwards-bin-series-sauvignon-blanc/801722-353874-353875,Luis Felipe Edwards Bin Series Sauvignon Blanc,75cl,£8.99,£8.99/75cl,,"Beer, Wine & Spirits"
062207,Pimm's No.1 & Lemonade Premix Can,G,true,37,https://ecom-su-static-prod.wtrecom.com/images/products/3/LN_062207_BP_3.jpg,https://www.waitrose.com/ecom/products/pimms-no1-lemonade-premix-can/062207-31547-31548,Pimm's No.1 & Lemonade Premix Can,250ml,£2.30,£9.20/litre,Mix & Match Add 4 for 3 Cheapest Item Free,"Beer, Wine & Spirits"
062202,Waitrose London Dry Gin,G,false,38,https://ecom-su-static-prod.wtrecom.com/images/products/3/LN_062202_BP_3.jpg,https://www.waitrose.com/ecom/products/waitrose-london-dry-gin/062202-31541-31542,Waitrose London Dry Gin,1L,£19.00,£19/litre,,"Beer, Wine & Spirits"
792063,The Doctors Sauvignon Blanc,W,true,39,https://ecom-su-static-prod.wtrecom.com/images/products/3/LN_792063_BP_3.jpg,https://www.waitrose.com/ecom/products/the-doctors-sauvignon-blanc/792063-213556-213557,The Doctors Sauvignon Blanc,75cl,£9.99,£9.99/75cl,Buyers Choice,"Beer, Wine & Spirits"
083834,Bollinger Special Cuvée Brut NV,W,true,40,https://ecom-su-static-prod.wtrecom.com/images/products/3/LN_083834_BP_3.jpg,https://www.waitrose.com/ecom/products/bollinger-special-cuvee-brut-nv/083834-42568-42569,Bollinger Special Cuvée Brut NV,75cl,£42.99,£42.99/75cl,save £15.00. Was £57.99,"Beer, Wine & Spirits"
688058,Heineken 0.0% Alcohol Free Lager Beer Can 6PK,G,false,41,https://ecom-su-static-prod.wtrecom.com/images/products/3/LN_688058_BP_3.jpg,https://www.waitrose.com/ecom/products/heineken-00-alcohol-free-lager-beer-can-6pk/688058-662866-662867,Heineken 0.0% Alcohol Free Lager Beer Can 6PK,6x330ml,£5.50,27.8p/100ml,,"Beer, Wine & Spirits"
853146,San Miguel Lager Cans,G,false,42,https://ecom-su-static-prod.wtrecom.com/images/products/3/LN_853146_BP_3.jpg,https://www.waitrose.com/ecom/products/san-miguel-lager-cans/853146-692682-692683,San Miguel Lager Cans,10x440ml,£13.00,£2.96/litre,,"Beer, Wine & Spirits"
501215,The Whale Caller Sauvignon/Colombard Western Cape,W,true,43,https://ecom-su-static-prod.wtrecom.com/images/products/3/LN_501215_BP_3.jpg,https://www.waitrose.com/ecom/products/the-whale-caller-sauvignon-colombard-western-cape/501215-70833-70834,The Whale Caller Sauvignon/Colombard Western Cape,75cl,£5.99,£5.99/75cl,save £1.00. Was £6.99,"Beer, Wine & Spirits"
515096,Adnams Ghost Ship 0.5% Low Alcohol Beer,G,false,44,https://ecom-su-static-prod.wtrecom.com/images/products/3/LN_515096_BP_3.jpg,https://www.waitrose.com/ecom/products/adnams-ghost-ship-05-low-alcohol-beer/515096-682890-682891,Adnams Ghost Ship 0.5% Low Alcohol Beer,500ml,£1.60,£3.20/litre,,"Beer, Wine & Spirits"
749054,Corona Extra,G,false,45,https://ecom-su-static-prod.wtrecom.com/images/products/3/LN_749054_BP_3.jpg,https://www.waitrose.com/ecom/products/corona-extra/749054-106536-106537,Corona Extra,12x330ml,£16.50,£4.17/litre,,"Beer, Wine & Spirits"
428937,Laurent Miquel Vendanges Nocturnes Cinsault Syrah Rosé,W,false,46,https://ecom-su-static-prod.wtrecom.com/images/products/3/LN_428937_BP_3.jpg,https://www.waitrose.com/ecom/products/laurent-miquel-vendanges-nocturnes-cinsault-syrah-rose/428937-128692-128693,Laurent Miquel Vendanges Nocturnes Cinsault Syrah Rosé,75cl,£9.99,£9.99/75cl,,"Beer, Wine & Spirits"
800181,Canaletto Montepulciano d'Abruzzo,W,false,47,https://ecom-su-static-prod.wtrecom.com/images/products/3/LN_800181_BP_3.jpg,https://www.waitrose.com/ecom/products/canaletto-montepulciano-dabruzzo/800181-336304-336305,Canaletto Montepulciano d'Abruzzo,75cl,£8.99,£8.99/75cl,,"Beer, Wine & Spirits"
058266,Timothy Taylor's Landlord Yorkshire,G,false,48,https://ecom-su-static-prod.wtrecom.com/images/products/3/LN_058266_BP_3.jpg,https://www.waitrose.com/ecom/products/timothy-taylors-landlord-yorkshire/058266-29275-29276,Timothy Taylor's Landlord Yorkshire,500ml,£2.35,£4.70/litre,,"Beer, Wine & Spirits"
821340,Montgravet Cinsault Rosé,W,false,49,https://ecom-su-static-prod.wtrecom.com/images/products/3/LN_821340_BP_3.jpg,https://www.waitrose.com/ecom/products/montgravet-cinsault-rose/821340-309208-309209,Montgravet Cinsault Rosé,75cl,£6.49,£6.49/75cl,,"Beer, Wine & Spirits"
609859,"Esprit de Puisseguin Puisseguin Saint-Émilion, France",W,false,50,https://ecom-su-static-prod.wtrecom.com/images/products/3/LN_609859_BP_3.jpg,https://www.waitrose.com/ecom/products/esprit-de-puisseguin-puisseguin-saint-emilion-france/609859-86514-86515,"Esprit de Puisseguin Puisseguin Saint-Émilion, France",75cl,£13.99,£13.99/75cl,,"Beer, Wine & Spirits"
694875,"Cowrie Bay Sauvignon Blanc Marlborough, New Zealand",W,false,51,https://ecom-su-static-prod.wtrecom.com/images/products/3/LN_694875_BP_3.jpg,https://www.waitrose.com/ecom/products/cowrie-bay-sauvignon-blanc-marlborough-new-zealand/694875-98663-98664,"Cowrie Bay Sauvignon Blanc Marlborough, New Zealand",75cl,£7.99,£7.99/75cl,,"Beer, Wine & Spirits"
062019,The Famous Grouse Blended Scotch Whisky,G,true,52,https://ecom-su-static-prod.wtrecom.com/images/products/3/LN_062019_BP_3.jpg,https://www.waitrose.com/ecom/products/the-famous-grouse-blended-scotch-whisky/062019-31419-31420,The Famous Grouse Blended Scotch Whisky,70cl,£15.00,£21.43/litre,save £3.00. Was £18.00,"Beer, Wine & Spirits"
615958,Luis Felipe Edwards Bin Series Merlot,W,false,53,https://ecom-su-static-prod.wtrecom.com/images/products/3/LN_615958_BP_3.jpg,https://www.waitrose.com/ecom/products/luis-felipe-edwards-bin-series-merlot/615958-353770-353771,Luis Felipe Edwards Bin Series Merlot,75cl,£8.99,£8.99/75cl,,"Beer, Wine & Spirits"
448775,"La Gioiosa et Amorosa Rosea NV Brut Veneto, Italy",W,true,54,https://ecom-su-static-prod.wtrecom.com/images/products/3/LN_448775_BP_3.jpg,https://www.waitrose.com/ecom/products/la-gioiosa-et-amorosa-rosea-nv-brut-veneto-italy/448775-589061-589062,"La Gioiosa et Amorosa Rosea NV Brut Veneto, Italy",75cl,£7.99,£7.99/75cl,save £2.00. Was £9.99,"Beer, Wine & Spirits"
892279,Birra Moretti Premium Lager Beer Can 10PK,G,false,55,https://ecom-su-static-prod.wtrecom.com/images/products/3/LN_892279_BP_3.jpg,https://www.waitrose.com/ecom/products/birra-moretti-premium-lager-beer-can-10pk/892279-792982-792983,Birra Moretti Premium Lager Beer Can 10PK,10x330ml,£13.15,£3.99/litre,,"Beer, Wine & Spirits"
073080,Classic Côtes Du Rhône,W,false,56,https://ecom-su-static-prod.wtrecom.com/images/products/3/LN_073080_BP_3.jpg,https://www.waitrose.com/ecom/products/classic-cotes-du-rhone/073080-37088-37089,Classic Côtes Du Rhône,75cl,£6.99,£6.99/75cl,,"Beer, Wine & Spirits"
736508,Solini Pinot Grigio Colline Pescaresi,W,false,57,https://ecom-su-static-prod.wtrecom.com/images/products/3/LN_736508_BP_3.jpg,https://www.waitrose.com/ecom/products/solini-pinot-grigio-colline-pescaresi/736508-648186-648187,Solini Pinot Grigio Colline Pescaresi,75cl,£6.49,£6.49/75cl,,"Beer, Wine & Spirits"
013372,"Good Ordinary Claret Bordeaux, France",W,false,58,https://ecom-su-static-prod.wtrecom.com/images/products/3/LN_013372_BP_3.jpg,https://www.waitrose.com/ecom/products/good-ordinary-claret-bordeaux-france/013372-6503-6504,"Good Ordinary Claret Bordeaux, France",75cl,£6.49,£6.49/75cl,,"Beer, Wine & Spirits"
415796,Estrella Damm,G,false,59,https://ecom-su-static-prod.wtrecom.com/images/products/3/LN_415796_BP_3.jpg,https://www.waitrose.com/ecom/products/estrella-damm/415796-692532-692533,Estrella Damm,12x330ml,£16.50,£4.17/litre,,"Beer, Wine & Spirits"
406440,Beronia Rioja Crianza,W,false,60,https://ecom-su-static-prod.wtrecom.com/images/products/3/LN_406440_BP_3.jpg,https://www.waitrose.com/ecom/products/beronia-rioja-crianza/406440-118792-118793,Beronia Rioja Crianza,75cl,£12.99,£12.99/75cl,,"Beer, Wine & Spirits"
799709,Forte Alto Pinot Grigio,W,true,61,https://ecom-su-static-prod.wtrecom.com/images/products/3/LN_799709_BP_3.jpg,https://www.waitrose.com/ecom/products/forte-alto-pinot-grigio/799709-113776-113777,Forte Alto Pinot Grigio,75cl,£7.99,£7.99/75cl,save £2.00. Was £9.99,"Beer, Wine & Spirits"
032705,Campo Viejo Rioja Tempranillo Red Wine,W,false,62,https://ecom-su-static-prod.wtrecom.com/images/products/3/LN_032705_BP_3.jpg,https://www.waitrose.com/ecom/products/campo-viejo-rioja-tempranillo-red-wine/032705-15995-15996,Campo Viejo Rioja Tempranillo Red Wine,75cl,£8.79,£8.79/75cl,,"Beer, Wine & Spirits"
823068,Whispering Angel,W,true,63,https://ecom-su-static-prod.wtrecom.com/images/products/3/LN_823068_BP_3.jpg,https://www.waitrose.com/ecom/products/whispering-angel/823068-413581-413582,Whispering Angel,75cl,£17.99,£17.99/75cl,save £3.51. Was £21.99,"Beer, Wine & Spirits"
091026,Bombay Sapphire London Dry Gin,G,false,64,https://ecom-su-static-prod.wtrecom.com/images/products/3/LN_091026_BP_3.jpg,https://www.waitrose.com/ecom/products/bombay-sapphire-london-dry-gin/091026-46869-46870,Bombay Sapphire London Dry Gin,70cl,£24.25,£34.65/litre,,"Beer, Wine & Spirits"
861010,Côtes de Gascogne Les Collines de Luza Sauvignon Blanc,W,false,65,https://ecom-su-static-prod.wtrecom.com/images/products/3/LN_861010_BP_3.jpg,https://www.waitrose.com/ecom/products/cotes-de-gascogne-les-collines-de-luza-sauvignon-blanc/861010-585741-585742,Côtes de Gascogne Les Collines de Luza Sauvignon Blanc,75cl,£8.99,£8.99/75cl,,"Beer, Wine & Spirits"
735376,Waitrose White Burgundy France,W,false,66,https://ecom-su-static-prod.wtrecom.com/images/products/3/LN_735376_BP_3.jpg,https://www.waitrose.com/ecom/products/waitrose-white-burgundy-france/735376-224818-224819,Waitrose White Burgundy France,75cl,£11.99,£11.99/75cl,,"Beer, Wine & Spirits"
567429,"La Monetta Gavi Piedmont, Italy",W,false,67,https://ecom-su-static-prod.wtrecom.com/images/products/3/LN_567429_BP_3.jpg,https://www.waitrose.com/ecom/products/la-monetta-gavi-piedmont-italy/567429-80375-80376,"La Monetta Gavi Piedmont, Italy",75cl,£13.99,£13.99/75cl,,"Beer, Wine & Spirits"
477347,Madame Parmentier Pinot Noir,W,false,68,https://ecom-su-static-prod.wtrecom.com/images/products/3/LN_477347_BP_3.jpg,https://www.waitrose.com/ecom/products/madame-parmentier-pinot-noir/477347-593743-593744,Madame Parmentier Pinot Noir,75cl,£9.99,£9.99/75cl,,"Beer, Wine & Spirits"
475874,Peroni Nastro Azzurro 0.0% Alcohol Free Lager Bottle,G,true,69,https://ecom-su-static-prod.wtrecom.com/images/products/3/LN_475874_BP_3.jpg,https://www.waitrose.com/ecom/products/peroni-nastro-azzurro-00-alcohol-free-lager-bottle/475874-692558-692559,Peroni Nastro Azzurro 0.0% Alcohol Free Lager Bottle,4x330ml,£4.50,£3.41/litre,save 75p. Was £5.25,"Beer, Wine & Spirits"
410204,Le Rosé de Balthazar,W,true,70,https://ecom-su-static-prod.wtrecom.com/images/products/3/LN_410204_BP_3.jpg,https://www.waitrose.com/ecom/products/le-rose-de-balthazar/410204-662414-662415,Le Rosé de Balthazar,75cl,£8.99,£8.99/75cl,Buyers Choice,"Beer, Wine & Spirits"
060279,Budweiser Budvar Original Lager,G,false,71,https://ecom-su-static-prod.wtrecom.com/images/products/3/LN_060279_BP_3.jpg,https://www.waitrose.com/ecom/products/budweiser-budvar-original-lager/060279-30462-30463,Budweiser Budvar Original Lager,500ml,£2.50,£5/litre,,"Beer, Wine & Spirits"
369052,Blason Du Rhône Côtes Du Rhône Villages,W,false,72,https://ecom-su-static-prod.wtrecom.com/images/products/3/LN_369052_BP_3.jpg,https://www.waitrose.com/ecom/products/blason-du-rhone-cotes-du-rhone-villages/369052-276272-276273,Blason Du Rhône Côtes Du Rhône Villages,75cl,£10.99,£10.99/75cl,,"Beer, Wine & Spirits"
046682,Laurent-Perrier Cuvée Rosé Brut,W,true,73,https://ecom-su-static-prod.wtrecom.com/images/products/3/LN_046682_BP_3.jpg,https://www.waitrose.com/ecom/products/laurent-perrier-cuvee-rose-brut/046682-23043-23044,Laurent-Perrier Cuvée Rosé Brut,75cl,£59.99,£59.99/75cl,save £20.00. Was £79.99,"Beer, Wine & Spirits"
036825,Nyetimber Classic Cuvée,W,true,74,https://ecom-su-static-prod.wtrecom.com/images/products/3/LN_036825_BP_3.jpg,https://www.waitrose.com/ecom/products/nyetimber-classic-cuvee/036825-18441-18442,Nyetimber Classic Cuvée,75cl,£39.99,£39.99/75cl,Buyers Choice,"Beer, Wine & Spirits"
083809,Moët & Chandon Champagne Brut Impérial NV,W,false,75,https://ecom-su-static-prod.wtrecom.com/images/products/3/LN_083809_BP_3.jpg,https://www.waitrose.com/ecom/products/moet-chandon-champagne-brut-imperial-nv/083809-42548-42549,Moët & Chandon Champagne Brut Impérial NV,75cl,£43.99,£43.99/75cl,,"Beer, Wine & Spirits"
024499,St. Austell Tribute Cornwall,G,true,76,https://ecom-su-static-prod.wtrecom.com/images/products/3/LN_024499_BP_3.jpg,https://www.waitrose.com/ecom/products/st-austell-tribute-cornwall/024499-11876-11877,St. Austell Tribute Cornwall,500ml,£2.20,£4.40/litre,Add 3 for £5.50,"Beer, Wine & Spirits"
010986,Cuvée Chasseur South of France,W,false,77,https://ecom-su-static-prod.wtrecom.com/images/products/3/LN_010986_BP_3.jpg,https://www.waitrose.com/ecom/products/cuvee-chasseur-south-of-france/010986-5436-5437,Cuvée Chasseur South of France,75cl,£6.79,£6.79/75cl,,"Beer, Wine & Spirits"
083122,Cave de Lugny Chardonnay Mâcon-Villages,W,true,78,https://ecom-su-static-prod.wtrecom.com/images/products/3/LN_083122_BP_3.jpg,https://www.waitrose.com/ecom/products/cave-de-lugny-chardonnay-macon-villages/083122-42239-42240,Cave de Lugny Chardonnay Mâcon-Villages,75cl,£11.99,£11.99/75cl,save £2.00. Was £13.99,"Beer, Wine & Spirits"
470055,Barefoot Merlot,W,true,79,https://ecom-su-static-prod.wtrecom.com/images/products/3/LN_470055_BP_3.jpg,https://www.waitrose.com/ecom/products/barefoot-merlot/470055-141116-141117,Barefoot Merlot,75cl,£6.99,£6.99/75cl,save £1.00. Was £7.99,"Beer, Wine & Spirits"
857469,Sharp's Doom Bar,G,false,80,https://ecom-su-static-prod.wtrecom.com/images/products/3/LN_857469_BP_3.jpg,https://www.waitrose.com/ecom/products/sharps-doom-bar/857469-692686-692687,Sharp's Doom Bar,4x500ml,£6.50,£3.25/litre,,"Beer, Wine & Spirits"
574124,Freixenet Italian Rosé,W,false,81,https://ecom-su-static-prod.wtrecom.com/images/products/3/LN_574124_BP_3.jpg,https://www.waitrose.com/ecom/products/freixenet-italian-rose/574124-682962-682963,Freixenet Italian Rosé,75cl,£11.99,£11.99/75cl,,"Beer, Wine & Spirits"
477575,Badger Fursty Ferret Ale,G,true,82,https://ecom-su-static-prod.wtrecom.com/images/products/3/LN_477575_BP_3.jpg,https://www.waitrose.com/ecom/products/badger-fursty-ferret-ale/477575-67376-67377,Badger Fursty Ferret Ale,500ml,£2.25,£4.50/litre,Add 4 for £7,"Beer, Wine & Spirits"
082219,Cuvée Pêcheur Igp South of France,W,false,83,https://ecom-su-static-prod.wtrecom.com/images/products/3/LN_082219_BP_3.jpg,https://www.waitrose.com/ecom/products/cuvee-pecheur-igp-south-of-france/082219-41833-41834,Cuvée Pêcheur Igp South of France,75cl,£6.79,£6.79/75cl,,"Beer, Wine & Spirits"
536883,Waitrose Vinho Verde,W,true,84,https://ecom-su-static-prod.wtrecom.com/images/products/3/LN_536883_BP_3.jpg,https://www.waitrose.com/ecom/products/waitrose-vinho-verde/536883-756755-756756,Waitrose Vinho Verde,75cl,£6.99,£6.99/75cl,Buyers Choice,"Beer, Wine & Spirits"
062412,Waitrose Vodka,G,false,85,https://ecom-su-static-prod.wtrecom.com/images/products/3/LN_062412_BP_3.jpg,https://www.waitrose.com/ecom/products/waitrose-vodka/062412-31697-31698,Waitrose Vodka,1L,£19.00,£19/litre,,"Beer, Wine & Spirits"
529783,Nozeco Sparkling White,G,false,86,https://ecom-su-static-prod.wtrecom.com/images/products/3/LN_529783_BP_3.jpg,https://www.waitrose.com/ecom/products/nozeco-sparkling-white/529783-805717-805718,Nozeco Sparkling White,75cl,£3.50,£3.50/75cl,,"Beer, Wine & Spirits"
478214,Adnams Ghost Ship England,G,true,87,https://ecom-su-static-prod.wtrecom.com/images/products/3/LN_478214_BP_3.jpg,https://www.waitrose.com/ecom/products/adnams-ghost-ship-england/478214-304668-304669,Adnams Ghost Ship England,500ml,£2.15,£4.30/litre,Add 3 for £5,"Beer, Wine & Spirits"
002841,Old Speckled Hen,G,true,88,https://ecom-su-static-prod.wtrecom.com/images/products/3/LN_002841_BP_3.jpg,https://www.waitrose.com/ecom/products/old-speckled-hen/002841-1026-1027,Old Speckled Hen,4x500ml,£4.65,£2.33/litre,save £1.00. Was £5.65,"Beer, Wine & Spirits"
845341,Guinness Draught 0.0 Alcohol Free Stout Beer Cans,G,false,89,https://ecom-su-static-prod.wtrecom.com/images/products/3/LN_845341_BP_3.jpg,https://www.waitrose.com/ecom/products/guinness-draught-00-alcohol-free-stout-beer-cans/845341-744073-744074,Guinness Draught 0.0 Alcohol Free Stout Beer Cans,4x440ml,£5.00,£2.85/litre,,"Beer, Wine & Spirits"
613952,Peroni Nastro Azzurro 0.0% Alcohol Free Lager,G,false,90,https://ecom-su-static-prod.wtrecom.com/images/products/3/LN_613952_BP_3.jpg,https://www.waitrose.com/ecom/products/peroni-nastro-azzurro-00-alcohol-free-lager/613952-731619-731620,Peroni Nastro Azzurro 0.0% Alcohol Free Lager,12x330ml,£13.50,£3.41/litre,,"Beer, Wine & Spirits"
807863,Brewdog Punk IPA Alcohol Free,G,false,91,https://ecom-su-static-prod.wtrecom.com/images/products/3/LN_807863_BP_3.jpg,https://www.waitrose.com/ecom/products/brewdog-punk-ipa-alcohol-free/807863-728518-728519,Brewdog Punk IPA Alcohol Free,4x330ml,£5.50,£4.17/litre,,"Beer, Wine & Spirits"
806942,Waitrose Pinot Noir,W,true,92,https://ecom-su-static-prod.wtrecom.com/images/products/3/LN_806942_BP_3.jpg,https://www.waitrose.com/ecom/products/waitrose-pinot-noir/806942-278305-278306,Waitrose Pinot Noir,75cl,£6.99,£6.99/75cl,Buyers Choice,"Beer, Wine & Spirits"
597881,San Miguel Alcohol-Free Lager Bottles,G,false,93,https://ecom-su-static-prod.wtrecom.com/images/products/3/LN_597881_BP_3.jpg,https://www.waitrose.com/ecom/products/san-miguel-alcohol-free-lager-bottles/597881-489053-489054,San Miguel Alcohol-Free Lager Bottles,4x330ml,£4.25,£3.22/litre,,"Beer, Wine & Spirits"
603980,Mirabeau Pure Rosé Provence,W,true,94,https://ecom-su-static-prod.wtrecom.com/images/products/3/LN_603980_BP_3.jpg,https://www.waitrose.com/ecom/products/mirabeau-pure-rose-provence/603980-413442-413443,Mirabeau Pure Rosé Provence,75cl,£12.99,£12.99/75cl,save £4.00. Was £16.99,"Beer, Wine & Spirits"
044719,Henney's Dry Cider Herefordshire,G,true,95,https://ecom-su-static-prod.wtrecom.com/images/products/3/LN_044719_BP_3.jpg,https://www.waitrose.com/ecom/products/henneys-dry-cider-herefordshire/044719-22058-22059,Henney's Dry Cider Herefordshire,500ml,£2.50,£5/litre,Add 3 for £6,"Beer, Wine & Spirits"
594743,Grant Burge Shiraz,W,false,96,https://ecom-su-static-prod.wtrecom.com/images/products/3/LN_594743_BP_3.jpg,https://www.waitrose.com/ecom/products/grant-burge-shiraz/594743-511820-511821,Grant Burge Shiraz,75cl,£9.99,£9.99/75cl,,"Beer, Wine & Spirits"
013831,Badger Brewery Golden Champion Ale,G,true,97,https://ecom-su-static-prod.wtrecom.com/images/products/3/LN_013831_BP_3.jpg,https://www.waitrose.com/ecom/products/badger-brewery-golden-champion-ale/013831-6703-6704,Badger Brewery Golden Champion Ale,500ml,£2.25,£4.50/litre,Add 4 for £7,"Beer, Wine & Spirits"
060307,Guinness Original Extra Stout Beer Bottle,G,false,98,https://ecom-su-static-prod.wtrecom.com/images/products/3/LN_060307_BP_3.jpg,https://www.waitrose.com/ecom/products/guinness-original-extra-stout-beer-bottle/060307-30486-30487,Guinness Original Extra Stout Beer Bottle,500ml,£2.50,£5/litre,,"Beer, Wine & Spirits"
697187,La Cerisa Rosa Pinot Grigio Rosé,W,true,99,https://ecom-su-static-prod.wtrecom.com/images/products/3/LN_697187_BP_3.jpg,https://www.waitrose.com/ecom/products/la-cerisa-rosa-pinot-grigio-rose/697187-511882-511883,La Cerisa Rosa Pinot Grigio Rosé,75cl,£7.49,£7.49/75cl,save £1.50. Was £8.99,"Beer, Wine & Spirits"
629391,Brewdog Punk IPA,G,false,100,https://ecom-su-static-prod.wtrecom.com/images/products/3/LN_629391_BP_3.jpg,https://www.waitrose.com/ecom/products/brewdog-punk-ipa/629391-731631-731632,Brewdog Punk IPA,12x330ml,£17.00,£4.30/litre,,"Beer, Wine & Spirits"
016248,Aspall Premier Cru Sparkling Cyder Suffolk,G,true,101,https://ecom-su-static-prod.wtrecom.com/images/products/3/LN_016248_BP_3.jpg,https://www.waitrose.com/ecom/products/aspall-premier-cru-sparkling-cyder-suffolk/016248-7778-7779,Aspall Premier Cru Sparkling Cyder Suffolk,500ml,£2.85,£5.70/litre,Add 3 for £6.50,"Beer, Wine & Spirits"
084866,Fuller's London Pride Amber Ale Can Multipack,G,false,102,https://ecom-su-static-prod.wtrecom.com/images/products/3/LN_084866_BP_3.jpg,https://www.waitrose.com/ecom/products/fullers-london-pride-amber-ale-can-multipack/084866-43035-43036,Fuller's London Pride Amber Ale Can Multipack,4x500ml,£6.50,£3.25/litre,,"Beer, Wine & Spirits"
062215,Pimm's Original No.1 Cup Gin Based Liqueur,G,true,103,https://ecom-su-static-prod.wtrecom.com/images/products/3/LN_062215_BP_3.jpg,https://www.waitrose.com/ecom/products/pimms-original-no1-cup-gin-based-liqueur/062215-31551-31552,Pimm's Original No.1 Cup Gin Based Liqueur,70cl,£12.00,£17.15/litre,save £6.00. Was £18.00,"Beer, Wine & Spirits"
597041,Paul Mas Reserve Languedoc Rouge,W,true,104,https://ecom-su-static-prod.wtrecom.com/images/products/3/LN_597041_BP_3.jpg,https://www.waitrose.com/ecom/products/paul-mas-reserve-languedoc-rouge/597041-593795-593796,Paul Mas Reserve Languedoc Rouge,75cl,£9.99,£9.99/75cl,Buyers Choice,"Beer, Wine & Spirits"
041906,Adnams Broadside England,G,true,105,https://ecom-su-static-prod.wtrecom.com/images/products/3/LN_041906_BP_3.jpg,https://www.waitrose.com/ecom/products/adnams-broadside-england/041906-20762-20763,Adnams Broadside England,500ml,£2.15,£4.30/litre,Add 3 for £5,"Beer, Wine & Spirits"
415259,Barefoot Malbec,W,false,106,https://ecom-su-static-prod.wtrecom.com/images/products/3/LN_415259_BP_3.jpg,https://www.waitrose.com/ecom/products/barefoot-malbec/415259-685067-685068,Barefoot Malbec,75cl,£7.99,£7.99/75cl,,"Beer, Wine & Spirits"
473029,Lucky Saint Alcohol Free Lager,G,false,107,https://ecom-su-static-prod.wtrecom.com/images/products/3/LN_473029_BP_3.jpg,https://www.waitrose.com/ecom/products/lucky-saint-alcohol-free-lager/473029-793385-793386,Lucky Saint Alcohol Free Lager,4x330ml,£6.00,£4.55/litre,,"Beer, Wine & Spirits"
619900,Corona Cero Alcohol Free Beer,G,false,108,https://ecom-su-static-prod.wtrecom.com/images/products/3/LN_619900_BP_3.jpg,https://www.waitrose.com/ecom/products/corona-cero-alcohol-free-beer/619900-783942-783943,Corona Cero Alcohol Free Beer,4x330ml,£4.75,£3.60/litre,,"Beer, Wine & Spirits"
826743,UP Ultimate Provence Rosé,W,true,109,https://ecom-su-static-prod.wtrecom.com/images/products/3/LN_826743_BP_3.jpg,https://www.waitrose.com/ecom/products/up-ultimate-provence-rose/826743-754961-754962,UP Ultimate Provence Rosé,75cl,£19.99,£19.99/75cl,Buyers Choice,"Beer, Wine & Spirits"
794285,Gordon's London Dry Gin 1litre,G,true,110,https://ecom-su-static-prod.wtrecom.com/images/products/3/LN_794285_BP_3.jpg,https://www.waitrose.com/ecom/products/gordons-london-dry-gin-1litre/794285-756119-756120,Gordon's London Dry Gin 1litre,1L,£19.00,£19/litre,save £6.00. Was £25.00,"Beer, Wine & Spirits"
760255,Waitrose Blueprint New Zealand Sauvignon Blanc,W,false,111,https://ecom-su-static-prod.wtrecom.com/images/products/3/LN_760255_BP_3.jpg,https://www.waitrose.com/ecom/products/waitrose-blueprint-new-zealand-sauvignon-blanc/760255-820640-820641,Waitrose Blueprint New Zealand Sauvignon Blanc,75cl,£7.89,£7.89/75cl,,"Beer, Wine & Spirits"
701223,McGuigan Zero Sauvignon Blanc Alcohol Free,G,false,112,https://ecom-su-static-prod.wtrecom.com/images/products/3/LN_701223_BP_3.jpg,https://www.waitrose.com/ecom/products/mcguigan-zero-sauvignon-blanc-alcohol-free/701223-783986-783987,McGuigan Zero Sauvignon Blanc Alcohol Free,75cl,£4.50,£4.50/75cl,,"Beer, Wine & Spirits"
078813,Peroni Nastro Azzurro Lager Single Bottle,G,true,113,https://ecom-su-static-prod.wtrecom.com/images/products/3/LN_078813_BP_3.jpg,https://www.waitrose.com/ecom/products/peroni-nastro-azzurro-lager-single-bottle/078813-40119-40120,Peroni Nastro Azzurro Lager Single Bottle,620ml,£2.90,£4.68/litre,Add 2 for £5,"Beer, Wine & Spirits"
883188,Secret Cellar Shiraz Grenache South Africa,W,false,114,https://ecom-su-static-prod.wtrecom.com/images/products/3/LN_883188_BP_3.jpg,https://www.waitrose.com/ecom/products/secret-cellar-shiraz-grenache-south-africa/883188-372087-372088,Secret Cellar Shiraz Grenache South Africa,75cl,£9.99,£9.99/75cl,,"Beer, Wine & Spirits"
402114,Birra Moretti Premium Lager Beer Bottle 12PK,G,true,115,https://ecom-su-static-prod.wtrecom.com/images/products/3/LN_402114_BP_3.jpg,https://www.waitrose.com/ecom/products/birra-moretti-premium-lager-beer-bottle-12pk/402114-627466-627467,Birra Moretti Premium Lager Beer Bottle 12PK,12x330ml,£13.50,£3.41/litre,save £5.00. Was £18.50,"Beer, Wine & Spirits"
564176,Waitrose Blended Scotch Whisky,G,false,116,https://ecom-su-static-prod.wtrecom.com/images/products/3/LN_564176_BP_3.jpg,https://www.waitrose.com/ecom/products/waitrose-blended-scotch-whisky/564176-152639-152640,Waitrose Blended Scotch Whisky,1L,£20.00,£20/litre,,"Beer, Wine & Spirits"
793195,Laurent Miquel Nocturnes Viognier IGP Pays d'Oc,W,true,117,https://ecom-su-static-prod.wtrecom.com/images/products/3/LN_793195_BP_3.jpg,https://www.waitrose.com/ecom/products/laurent-miquel-nocturnes-viognier-igp-pays-doc/793195-112843-112844,Laurent Miquel Nocturnes Viognier IGP Pays d'Oc,75cl,£7.99,£7.99/75cl,save £2.00. Was £9.99,"Beer, Wine & Spirits"
853283,Triade Rosso,W,false,118,https://ecom-su-static-prod.wtrecom.com/images/products/3/LN_853283_BP_3.jpg,https://www.waitrose.com/ecom/products/triade-rosso/853283-171726-171727,Triade Rosso,75cl,£9.99,£9.99/75cl,,"Beer, Wine & Spirits"
056956,Taittinger Brut Réserve NV,W,true,119,https://ecom-su-static-prod.wtrecom.com/images/products/3/LN_056956_BP_3.jpg,https://www.waitrose.com/ecom/products/taittinger-brut-reserve-nv/056956-28615-28616,Taittinger Brut Réserve NV,75cl,£33.99,£33.99/75cl,save £11.00. Was £44.99,"Beer, Wine & Spirits"
547008,Beavertown Neck Oil,G,false,120,https://ecom-su-static-prod.wtrecom.com/images/products/3/LN_547008_BP_3.jpg,https://www.waitrose.com/ecom/products/beavertown-neck-oil/547008-692405-692406,Beavertown Neck Oil,4x330ml,£8.45,£6.41/litre,,"Beer, Wine & Spirits"
842390,Canti Prosecco DOC Millesimato,W,true,121,https://ecom-su-static-prod.wtrecom.com/images/products/3/LN_842390_BP_3.jpg,https://www.waitrose.com/ecom/products/canti-prosecco-doc-millesimato/842390-773822-773823,Canti Prosecco DOC Millesimato,75cl,£7.99,£7.99/75cl,save £1.00. Was £8.99,"Beer, Wine & Spirits"
423864,Peroni Nastro Azzurro Lager Large Pack Bottle,G,false,122,https://ecom-su-static-prod.wtrecom.com/images/products/3/LN_423864_BP_3.jpg,https://www.waitrose.com/ecom/products/peroni-nastro-azzurro-lager-large-pack-bottle/423864-731543-731544,Peroni Nastro Azzurro Lager Large Pack Bottle,24x330ml,£32.50,£4.11/litre,,"Beer, Wine & Spirits"
884976,Barefoot White Zinfandel,W,false,123,https://ecom-su-static-prod.wtrecom.com/images/products/3/LN_884976_BP_3.jpg,https://www.waitrose.com/ecom/products/barefoot-white-zinfandel/884976-219990-219991,Barefoot White Zinfandel,75cl,£7.49,£7.49/75cl,,"Beer, Wine & Spirits"
008259,"Villa Maria Private Bin Merlot Hawke's Bay, New Zealand",W,false,124,https://ecom-su-static-prod.wtrecom.com/images/products/3/LN_008259_BP_3.jpg,https://www.waitrose.com/ecom/products/villa-maria-private-bin-merlot-hawkes-bay-new-zealand/008259-3929-3930,"Villa Maria Private Bin Merlot Hawke's Bay, New Zealand",75cl,£12.99,£12.99/75cl,,"Beer, Wine & Spirits"
495711,The Beach 2023 by Whispering Angel,W,false,125,https://ecom-su-static-prod.wtrecom.com/images/products/3/LN_495711_BP_3.jpg,https://www.waitrose.com/ecom/products/the-beach-2023-by-whispering-angel/495711-691498-691499,The Beach 2023 by Whispering Angel,75cl,£16.99,£16.99/75cl,,"Beer, Wine & Spirits"
437835,Free Damm 0.0% Alcohol Free Beer,G,true,126,https://ecom-su-static-prod.wtrecom.com/images/products/3/LN_437835_BP_3.jpg,https://www.waitrose.com/ecom/products/free-damm-00-alcohol-free-beer/437835-692546-692547,Free Damm 0.0% Alcohol Free Beer,4x330ml,£3.50,£2.66/litre,save 70p. Was £4.20,"Beer, Wine & Spirits"
577573,Fireflower Chenin Blanc,W,false,127,https://ecom-su-static-prod.wtrecom.com/images/products/3/LN_577573_BP_3.jpg,https://www.waitrose.com/ecom/products/fireflower-chenin-blanc/577573-812902-812903,Fireflower Chenin Blanc,75cl,£9.39,£9.39/75cl,,"Beer, Wine & Spirits"
820435,Pilsner Urquell Lager Multipack Can,G,true,128,https://ecom-su-static-prod.wtrecom.com/images/products/3/LN_820435_BP_3.jpg,https://www.waitrose.com/ecom/products/pilsner-urquell-lager-multipack-can/820435-692666-692667,Pilsner Urquell Lager Multipack Can,6x330ml,£7.50,£3.79/litre,Add 2 for £12,"Beer, Wine & Spirits"
483432,Yellow Tail Merlot,W,true,129,https://ecom-su-static-prod.wtrecom.com/images/products/3/LN_483432_BP_3.jpg,https://www.waitrose.com/ecom/products/yellow-tail-merlot/483432-759024-759025,Yellow Tail Merlot,75cl,£6.99,£6.99/75cl,save £1.00. Was £7.99,"Beer, Wine & Spirits"
480557,Bird in Hand Sparkling South Australia,W,true,130,https://ecom-su-static-prod.wtrecom.com/images/products/3/LN_480557_BP_3.jpg,https://www.waitrose.com/ecom/products/bird-in-hand-sparkling-south-australia/480557-627606-627607,Bird in Hand Sparkling South Australia,75cl,£11.99,£11.99/75cl,save £4.00. Was £15.99,"Beer, Wine & Spirits"
850592,M de Minuty Provence Rosé,W,false,131,https://ecom-su-static-prod.wtrecom.com/images/products/3/LN_850592_BP_3.jpg,https://www.waitrose.com/ecom/products/m-de-minuty-provence-rose/850592-804532-804533,M de Minuty Provence Rosé,75cl,£17.99,£17.99/75cl,,"Beer, Wine & Spirits"
709155,Côtes de Duras AOC Sauvignon Blanc France,W,false,132,https://ecom-su-static-prod.wtrecom.com/images/products/3/LN_709155_BP_3.jpg,https://www.waitrose.com/ecom/products/cotes-de-duras-aoc-sauvignon-blanc-france/709155-780739-780740,Côtes de Duras AOC Sauvignon Blanc France,75cl,£8.99,£8.99/75cl,,"Beer, Wine & Spirits"
863072,Dark Horse Chardonnay,W,false,133,https://ecom-su-static-prod.wtrecom.com/images/products/3/LN_863072_BP_3.jpg,https://www.waitrose.com/ecom/products/dark-horse-chardonnay/863072-420603-420604,Dark Horse Chardonnay,75cl,£9.99,£9.99/75cl,,"Beer, Wine & Spirits"
778160,Waitrose Argentinian Malbec,W,false,134,https://ecom-su-static-prod.wtrecom.com/images/products/3/LN_778160_BP_3.jpg,https://www.waitrose.com/ecom/products/waitrose-argentinian-malbec/778160-278097-278098,Waitrose Argentinian Malbec,75cl,£7.49,£7.49/75cl,,"Beer, Wine & Spirits"
368545,Waitrose Amontillado Sherry,W,false,135,https://ecom-su-static-prod.wtrecom.com/images/products/3/LN_368545_BP_3.jpg,https://www.waitrose.com/ecom/products/waitrose-amontillado-sherry/368545-136247-136248,Waitrose Amontillado Sherry,75cl,£9.99,£9.99/75cl,,"Beer, Wine & Spirits"
786282,Chablis Louis Moreau,W,true,136,https://ecom-su-static-prod.wtrecom.com/images/products/3/LN_786282_BP_3.jpg,https://www.waitrose.com/ecom/products/chablis-louis-moreau/786282-301663-301664,Chablis Louis Moreau,75cl,£18.99,£18.99/75cl,Buyers Choice,"Beer, Wine & Spirits"
430708,Adnams Southwold Bitter England,G,true,137,https://ecom-su-static-prod.wtrecom.com/images/products/3/LN_430708_BP_3.jpg,https://www.waitrose.com/ecom/products/adnams-southwold-bitter-england/430708-60591-60592,Adnams Southwold Bitter England,500ml,£2.15,£4.30/litre,Add 3 for £5,"Beer, Wine & Spirits"
534682,Big Drop Brewing Co Paradiso Citra IPA Alcohol Free,G,true,138,https://ecom-su-static-prod.wtrecom.com/images/products/3/LN_534682_BP_3.jpg,https://www.waitrose.com/ecom/products/big-drop-brewing-co-paradiso-citra-ipa-alcohol-free/534682-728216-728217,Big Drop Brewing Co Paradiso Citra IPA Alcohol Free,330ml,£1.75,£5.31/litre,Add 4 for £5,"Beer, Wine & Spirits"
739412,Pecorino Terre di Chieti IGP,W,true,139,https://ecom-su-static-prod.wtrecom.com/images/products/3/LN_739412_BP_3.jpg,https://www.waitrose.com/ecom/products/pecorino-terre-di-chieti-igp/739412-290652-290653,Pecorino Terre di Chieti IGP,75cl,£6.35,£6.35/75cl,save £2.14. Was £8.49,"Beer, Wine & Spirits"
070178,Birra Moretti Premium Lager Beer Bottle Large,G,true,140,https://ecom-su-static-prod.wtrecom.com/images/products/3/LN_070178_BP_3.jpg,https://www.waitrose.com/ecom/products/birra-moretti-premium-lager-beer-bottle-large/070178-35546-35547,Birra Moretti Premium Lager Beer Bottle Large,660ml,£2.90,£4.40/litre,Add 3 for £7,"Beer, Wine & Spirits"
781084,Aspall Suffolk Draught Cyder,G,true,141,https://ecom-su-static-prod.wtrecom.com/images/products/3/LN_781084_BP_3.jpg,https://www.waitrose.com/ecom/products/aspall-suffolk-draught-cyder/781084-111137-111138,Aspall Suffolk Draught Cyder,500ml,£2.85,£5.70/litre,Add 3 for £6.50,"Beer, Wine & Spirits"
666789,Asahi Super Dry 0.0% Alcohol Free Beer,G,false,142,https://ecom-su-static-prod.wtrecom.com/images/products/3/LN_666789_BP_3.jpg,https://www.waitrose.com/ecom/products/asahi-super-dry-00-alcohol-free-beer/666789-805721-805722,Asahi Super Dry 0.0% Alcohol Free Beer,4x330ml,£5.00,£3.79/litre,,"Beer, Wine & Spirits"
652082,"No.1 Valpolicella Ripasso Classico, Veneto, Italy",W,false,143,https://ecom-su-static-prod.wtrecom.com/images/products/3/LN_652082_BP_3.jpg,https://www.waitrose.com/ecom/products/no1-valpolicella-ripasso-classico-veneto-italy/652082-92553-92554,"No.1 Valpolicella Ripasso Classico, Veneto, Italy",75cl,£15.99,£15.99/75cl,,"Beer, Wine & Spirits"
633626,Champteloup Muscadet Sèvre Et Maine,W,false,144,https://ecom-su-static-prod.wtrecom.com/images/products/3/LN_633626_BP_3.jpg,https://www.waitrose.com/ecom/products/champteloup-muscadet-sevre-et-maine/633626-89991-89992,Champteloup Muscadet Sèvre Et Maine,75cl,£10.99,£10.99/75cl,,"Beer, Wine & Spirits"
701723,Badger Hopping Hare England,G,true,145,https://ecom-su-static-prod.wtrecom.com/images/products/3/LN_701723_BP_3.jpg,https://www.waitrose.com/ecom/products/badger-hopping-hare-england/701723-175234-175235,Badger Hopping Hare England,500ml,£2.25,£4.50/litre,Add 4 for £7,"Beer, Wine & Spirits"
083924,Waitrose Cava Brut,W,false,146,https://ecom-su-static-prod.wtrecom.com/images/products/3/LN_083924_BP_3.jpg,https://www.waitrose.com/ecom/products/waitrose-cava-brut/083924-42624-42625,Waitrose Cava Brut,75cl,£7.99,£7.99/75cl,,"Beer, Wine & Spirits"
032766,Beaujolais Cuvée Des Vignerons France,W,false,147,https://ecom-su-static-prod.wtrecom.com/images/products/3/LN_032766_BP_3.jpg,https://www.waitrose.com/ecom/products/beaujolais-cuvee-des-vignerons-france/032766-16027-16028,Beaujolais Cuvée Des Vignerons France,75cl,£9.99,£9.99/75cl,,"Beer, Wine & Spirits"
407620,Brooklyn Special Effects Low Alcohol Lager,G,false,148,https://ecom-su-static-prod.wtrecom.com/images/products/3/LN_407620_BP_3.jpg,https://www.waitrose.com/ecom/products/brooklyn-special-effects-low-alcohol-lager/407620-755757-755758,Brooklyn Special Effects Low Alcohol Lager,4x330ml,£5.00,£3.79/litre,,"Beer, Wine & Spirits"
862950,MOTH Margarita,G,true,149,https://ecom-su-static-prod.wtrecom.com/images/products/3/LN_862950_BP_3.jpg,https://www.waitrose.com/ecom/products/moth-margarita/862950-746607-746608,MOTH Margarita,125ml,£3.99,£31.92/litre,Mix & Match Add 4 for 3 Cheapest Item Free,"Beer, Wine & Spirits"
021062,Hendrick's Gin,G,false,150,https://ecom-su-static-prod.wtrecom.com/images/products/3/LN_021062_BP_3.jpg,https://www.waitrose.com/ecom/products/hendricks-gin/021062-10253-10254,Hendrick's Gin,70cl,£32.50,£46.43/litre,,"Beer, Wine & Spirits"
406622,Stoneleigh Sauvignon Blanc White Wine,W,true,151,https://ecom-su-static-prod.wtrecom.com/images/products/3/LN_406622_BP_3.jpg,https://www.waitrose.com/ecom/products/stoneleigh-sauvignon-blanc-white-wine/406622-769974-769975,Stoneleigh Sauvignon Blanc White Wine,75cl,£10.99,£10.99/75cl,Buyers Choice,"Beer, Wine & Spirits"
801814,La Gioiosa Prosecco Rosé DOC Millesimato,W,false,152,https://ecom-su-static-prod.wtrecom.com/images/products/3/LN_801814_BP_3.jpg,https://www.waitrose.com/ecom/products/la-gioiosa-prosecco-rose-doc-millesimato/801814-739297-739298,La Gioiosa Prosecco Rosé DOC Millesimato,75cl,£10.49,£10.49/75cl,,"Beer, Wine & Spirits"
894081,Charles Lecouvey Champagne Brut NV,W,false,153,https://ecom-su-static-prod.wtrecom.com/images/products/3/LN_894081_BP_3.jpg,https://www.waitrose.com/ecom/products/charles-lecouvey-champagne-brut-nv/894081-298370-298371,Charles Lecouvey Champagne Brut NV,75cl,£29.99,£29.99/75cl,,"Beer, Wine & Spirits"
556191,Peroni Nastro Azzurro Lager Large Pack Bottle,G,true,154,https://ecom-su-static-prod.wtrecom.com/images/products/3/LN_556191_BP_3.jpg,https://www.waitrose.com/ecom/products/peroni-nastro-azzurro-lager-large-pack-bottle/556191-331033-331034,Peroni Nastro Azzurro Lager Large Pack Bottle,18x330ml,£20.00,£3.37/litre,save £5.00. Was £25.00,"Beer, Wine & Spirits"
041893,Fuller's Organic Honey Dew 5.0% Ale Single Bottle,G,true,155,https://ecom-su-static-prod.wtrecom.com/images/products/3/LN_041893_BP_3.jpg,https://www.waitrose.com/ecom/products/fullers-organic-honey-dew-50-ale-single-bottle/041893-20758-20759,Fuller's Organic Honey Dew 5.0% Ale Single Bottle,500ml,£2.50,£5/litre,Add 3 for £5.75,"Beer, Wine & Spirits"
895293,No.1 Astrolabe Awatere Sauvignon Blanc,W,true,156,https://ecom-su-static-prod.wtrecom.com/images/products/3/LN_895293_BP_3.jpg,https://www.waitrose.com/ecom/products/no1-astrolabe-awatere-sauvignon-blanc/895293-711350-711351,No.1 Astrolabe Awatere Sauvignon Blanc,75cl,£12.99,£12.99/75cl,Buyers Choice,"Beer, Wine & Spirits"
721672,Clausthaler Unfiltered Dry Hopped Lager Germany,G,true,157,https://ecom-su-static-prod.wtrecom.com/images/products/3/LN_721672_BP_3.jpg,https://www.waitrose.com/ecom/products/clausthaler-unfiltered-dry-hopped-lager-germany/721672-692634-692635,Clausthaler Unfiltered Dry Hopped Lager Germany,330ml,£1.45,£4.40/litre,Add 4 for £4,"Beer, Wine & Spirits"
767954,McGuigan Black Label Chardonnay,W,false,158,https://ecom-su-static-prod.wtrecom.com/images/products/3/LN_767954_BP_3.jpg,https://www.waitrose.com/ecom/products/mcguigan-black-label-chardonnay/767954-772083-772084,McGuigan Black Label Chardonnay,75cl,£7.25,£7.25/75cl,,"Beer, Wine & Spirits"
825348,Mateus Rosé,W,false,159,https://ecom-su-static-prod.wtrecom.com/images/products/3/LN_825348_BP_3.jpg,https://www.waitrose.com/ecom/products/mateus-rose/825348-772223-772224,Mateus Rosé,75cl,£6.75,£6.75/75cl,,"Beer, Wine & Spirits"
083819,Waitrose Brut NV Champagne,W,false,160,https://ecom-su-static-prod.wtrecom.com/images/products/3/LN_083819_BP_3.jpg,https://www.waitrose.com/ecom/products/waitrose-brut-nv-champagne/083819-42556-42557,Waitrose Brut NV Champagne,75cl,£24.99,£24.99/75cl,,"Beer, Wine & Spirits"
083927,"Cave de Lugny Crémant De Bourgogne, France",W,true,161,https://ecom-su-static-prod.wtrecom.com/images/products/3/LN_083927_BP_3.jpg,https://www.waitrose.com/ecom/products/cave-de-lugny-cremant-de-bourgogne-france/083927-42630-42631,"Cave de Lugny Crémant De Bourgogne, France",75cl,£12.99,£12.99/75cl,save £3.00. Was £15.99,"Beer, Wine & Spirits"
579378,Asahi Super Dry Lager Single Bottle,G,true,162,https://ecom-su-static-prod.wtrecom.com/images/products/3/LN_579378_BP_3.jpg,https://www.waitrose.com/ecom/products/asahi-super-dry-lager-single-bottle/579378-648096-648097,Asahi Super Dry Lager Single Bottle,620ml,£2.90,£4.68/litre,Add 2 for £5,"Beer, Wine & Spirits"
011901,Sharp's Doom Bar,G,false,163,https://ecom-su-static-prod.wtrecom.com/images/products/3/LN_011901_BP_3.jpg,https://www.waitrose.com/ecom/products/sharps-doom-bar/011901-5889-5890,Sharp's Doom Bar,500ml,£2.50,£5/litre,,"Beer, Wine & Spirits"
565371,St Austell Korev Cornish Lager,G,true,164,https://ecom-su-static-prod.wtrecom.com/images/products/3/LN_565371_BP_3.jpg,https://www.waitrose.com/ecom/products/st-austell-korev-cornish-lager/565371-464460-464461,St Austell Korev Cornish Lager,500ml,£2.50,£5/litre,Add 2 for £3.50,"Beer, Wine & Spirits"
716782,The Hedonist Shiraz,W,false,165,https://ecom-su-static-prod.wtrecom.com/images/products/3/LN_716782_BP_3.jpg,https://www.waitrose.com/ecom/products/the-hedonist-shiraz/716782-101851-101852,The Hedonist Shiraz,75cl,£14.99,£14.99/75cl,,"Beer, Wine & Spirits"
863415,Georges Duboeuf Fleurie,W,false,166,https://ecom-su-static-prod.wtrecom.com/images/products/3/LN_863415_BP_3.jpg,https://www.waitrose.com/ecom/products/georges-duboeuf-fleurie/863415-706773-706774,Georges Duboeuf Fleurie,75cl,£14.99,£14.99/75cl,,"Beer, Wine & Spirits"
700679,Waitrose 3 Year Old French Brandy,G,false,167,https://ecom-su-static-prod.wtrecom.com/images/products/3/LN_700679_BP_3.jpg,https://www.waitrose.com/ecom/products/waitrose-3-year-old-french-brandy/700679-229939-229940,Waitrose 3 Year Old French Brandy,1L,£19.50,£19.50/litre,,"Beer, Wine & Spirits"
720522,Tiki Ridge Sauvignon Blanc Reserve,W,true,168,https://ecom-su-static-prod.wtrecom.com/images/products/3/LN_720522_BP_3.jpg,https://www.waitrose.com/ecom/products/tiki-ridge-sauvignon-blanc-reserve/720522-134685-134686,Tiki Ridge Sauvignon Blanc Reserve,75cl,£7.99,£7.99/75cl,save £3.00. Was £10.99,"Beer, Wine & Spirits"
032815,"Ridgeview Bloomsbury West Sussex, England",W,false,169,https://ecom-su-static-prod.wtrecom.com/images/products/3/LN_032815_BP_3.jpg,https://www.waitrose.com/ecom/products/ridgeview-bloomsbury-west-sussex-england/032815-16053-16054,"Ridgeview Bloomsbury West Sussex, England",75cl,£34.99,£34.99/75cl,,"Beer, Wine & Spirits"
500224,St. Austell Brewery Tribute Cornwall,G,false,170,https://ecom-su-static-prod.wtrecom.com/images/products/3/LN_500224_BP_3.jpg,https://www.waitrose.com/ecom/products/st-austell-brewery-tribute-cornwall/500224-70675-70676,St. Austell Brewery Tribute Cornwall,4x500ml,£6.30,£3.15/litre,,"Beer, Wine & Spirits"
060311,Guinness Draught Stout Beer Cans 4PK,G,false,171,https://ecom-su-static-prod.wtrecom.com/images/products/3/LN_060311_BP_3.jpg,https://www.waitrose.com/ecom/products/guinness-draught-stout-beer-cans-4pk/060311-30488-30489,Guinness Draught Stout Beer Cans 4PK,4x440ml,£6.25,£3.56/litre,,"Beer, Wine & Spirits"
079298,Laurent-Perrier La Cuvée NV Champagne,W,true,172,https://ecom-su-static-prod.wtrecom.com/images/products/3/LN_079298_BP_3.jpg,https://www.waitrose.com/ecom/products/laurent-perrier-la-cuvee-nv-champagne/079298-40367-40368,Laurent-Perrier La Cuvée NV Champagne,75cl,£39.99,£39.99/75cl,save £10.00. Was £49.99,"Beer, Wine & Spirits"
544215,Valdo Elevantum Prosecco DOCG,W,true,173,https://ecom-su-static-prod.wtrecom.com/images/products/3/LN_544215_BP_3.jpg,https://www.waitrose.com/ecom/products/valdo-elevantum-prosecco-docg/544215-138469-138470,Valdo Elevantum Prosecco DOCG,75cl,£8.99,£8.99/75cl,save £5.00. Was £13.99,"Beer, Wine & Spirits"
772532,Aperol,G,false,174,https://ecom-su-static-prod.wtrecom.com/images/products/3/LN_772532_BP_3.jpg,https://www.waitrose.com/ecom/products/aperol/772532-298627-298628,Aperol,70cl,£18.00,£25.72/litre,,"Beer, Wine & Spirits"
689029,Birra Moretti Zero Alcohol Free Lager Beer Bottle 4PK,G,false,175,https://ecom-su-static-prod.wtrecom.com/images/products/3/LN_689029_BP_3.jpg,https://www.waitrose.com/ecom/products/birra-moretti-zero-alcohol-free-lager-beer-bottle-4pk/689029-767033-767034,Birra Moretti Zero Alcohol Free Lager Beer Bottle 4PK,4x330ml,£5.50,£4.17/litre,,"Beer, Wine & Spirits"
794527,San Miguel Lager Bottles,G,false,176,https://ecom-su-static-prod.wtrecom.com/images/products/3/LN_794527_BP_3.jpg,https://www.waitrose.com/ecom/products/san-miguel-lager-bottles/794527-113052-113053,San Miguel Lager Bottles,12x330ml,£13.25,£3.35/litre,,"Beer, Wine & Spirits"
537234,Waitrose Californian Chardonnay,W,false,177,https://ecom-su-static-prod.wtrecom.com/images/products/3/LN_537234_BP_3.jpg,https://www.waitrose.com/ecom/products/waitrose-californian-chardonnay/537234-398284-398285,Waitrose Californian Chardonnay,75cl,£7.49,£7.49/75cl,,"Beer, Wine & Spirits"
808672,De Grendel Sauvignon Blanc,W,false,178,https://ecom-su-static-prod.wtrecom.com/images/products/3/LN_808672_BP_3.jpg,https://www.waitrose.com/ecom/products/de-grendel-sauvignon-blanc/808672-200499-200500,De Grendel Sauvignon Blanc,75cl,£11.99,£11.99/75cl,,"Beer, Wine & Spirits"
700548,Oakham Ales Citra Peterborough,G,false,179,https://ecom-su-static-prod.wtrecom.com/images/products/3/LN_700548_BP_3.jpg,https://www.waitrose.com/ecom/products/oakham-ales-citra-peterborough/700548-133142-133143,Oakham Ales Citra Peterborough,500ml,£2.25,£4.50/litre,,"Beer, Wine & Spirits"
507272,Freixenet Prosecco Italy,W,false,180,https://ecom-su-static-prod.wtrecom.com/images/products/3/LN_507272_BP_3.jpg,https://www.waitrose.com/ecom/products/freixenet-prosecco-italy/507272-627672-627673,Freixenet Prosecco Italy,75cl,£11.99,£11.99/75cl,,"Beer, Wine & Spirits"
532745,Leffe Blonde 0.0% Abbey Ale Belguim,G,true,181,https://ecom-su-static-prod.wtrecom.com/images/products/3/LN_532745_BP_3.jpg,https://www.waitrose.com/ecom/products/leffe-blonde-00-abbey-ale-belguim/532745-793424-793425,Leffe Blonde 0.0% Abbey Ale Belguim,6x250ml,£4.00,£2.67/litre,save 75p. Was £4.75,"Beer, Wine & Spirits"
572776,Yalumba Galway Barossa Shiraz,W,true,182,https://ecom-su-static-prod.wtrecom.com/images/products/3/LN_572776_BP_3.jpg,https://www.waitrose.com/ecom/products/yalumba-galway-barossa-shiraz/572776-593789-593790,Yalumba Galway Barossa Shiraz,75cl,£12.99,£12.99/75cl,Buyers Choice,"Beer, Wine & Spirits"
060844,No.1 English Vintage Cider Herefordshire,G,false,183,https://ecom-su-static-prod.wtrecom.com/images/products/3/LN_060844_BP_3.jpg,https://www.waitrose.com/ecom/products/no1-english-vintage-cider-herefordshire/060844-30762-30763,No.1 English Vintage Cider Herefordshire,500ml,£2.50,£5/litre,,"Beer, Wine & Spirits"
592523,Stella Artois Premium Lager Beer Cans Large Pack,G,true,184,https://ecom-su-static-prod.wtrecom.com/images/products/3/LN_592523_BP_3.jpg,https://www.waitrose.com/ecom/products/stella-artois-premium-lager-beer-cans-large-pack/592523-791105-791106,Stella Artois Premium Lager Beer Cans Large Pack,10x440ml,£11.00,£2.50/litre,save £2.00. Was £13.00,"Beer, Wine & Spirits"
062401,Smirnoff No.21 Vodka Red Label,G,false,185,https://ecom-su-static-prod.wtrecom.com/images/products/3/LN_062401_BP_3.jpg,https://www.waitrose.com/ecom/products/smirnoff-no21-vodka-red-label/062401-31683-31684,Smirnoff No.21 Vodka Red Label,70cl,£18.00,£25.72/litre,,"Beer, Wine & Spirits"
064606,Campari Bitters,G,true,186,https://ecom-su-static-prod.wtrecom.com/images/products/3/LN_064606_BP_3.jpg,https://www.waitrose.com/ecom/products/campari-bitters/064606-32788-32789,Campari Bitters,70cl,£15.50,£22.15/litre,save £3.00. Was £18.50,"Beer, Wine & Spirits"
028889,Fuller's ESB 5.9% Ale Single Bottle,G,true,187,https://ecom-su-static-prod.wtrecom.com/images/products/3/LN_028889_BP_3.jpg,https://www.waitrose.com/ecom/products/fullers-esb-59-ale-single-bottle/028889-14079-14080,Fuller's ESB 5.9% Ale Single Bottle,500ml,£2.50,£5/litre,Add 3 for £5.75,"Beer, Wine & Spirits"
856289,Sorcova Pinot Grigio,W,false,188,https://ecom-su-static-prod.wtrecom.com/images/products/3/LN_856289_BP_3.jpg,https://www.waitrose.com/ecom/products/sorcova-pinot-grigio/856289-730456-730457,Sorcova Pinot Grigio,75cl,£8.99,£8.99/75cl,,"Beer, Wine & Spirits"
045491,Catena Malbec,W,false,189,https://ecom-su-static-prod.wtrecom.com/images/products/3/LN_045491_BP_3.jpg,https://www.waitrose.com/ecom/products/catena-malbec/045491-22428-22429,Catena Malbec,75cl,£13.99,£13.99/75cl,,"Beer, Wine & Spirits"
026588,Leffe Blonde,G,false,190,https://ecom-su-static-prod.wtrecom.com/images/products/3/LN_026588_BP_3.jpg,https://www.waitrose.com/ecom/products/leffe-blonde/026588-12945-12946,Leffe Blonde,75cl,£3.95,£5.27/litre,,"Beer, Wine & Spirits"
738558,Codorniu 1872 Rosé Brut NV,W,true,191,https://ecom-su-static-prod.wtrecom.com/images/products/3/LN_738558_BP_3.jpg,https://www.waitrose.com/ecom/products/codorniu-1872-rose-brut-nv/738558-808025-808026,Codorniu 1872 Rosé Brut NV,75cl,£7.99,£7.99/75cl,save £3.00. Was £10.99,"Beer, Wine & Spirits"
709073,Villa Cafaggio Chianti Classico,W,false,192,https://ecom-su-static-prod.wtrecom.com/images/products/3/LN_709073_BP_3.jpg,https://www.waitrose.com/ecom/products/villa-cafaggio-chianti-classico/709073-141304-141305,Villa Cafaggio Chianti Classico,75cl,£14.99,£14.99/75cl,,"Beer, Wine & Spirits"
062231,Gordon's London Dry Gin,G,true,193,https://ecom-su-static-prod.wtrecom.com/images/products/3/LN_062231_BP_3.jpg,https://www.waitrose.com/ecom/products/gordons-london-dry-gin/062231-31567-31568,Gordon's London Dry Gin,70cl,£15.00,£21.43/litre,save £3.00. Was £18.00,"Beer, Wine & Spirits"
510339,Galipette Non-Alcoholic Cider 0% ABV,G,false,194,https://ecom-su-static-prod.wtrecom.com/images/products/3/LN_510339_BP_3.jpg,https://www.waitrose.com/ecom/products/galipette-non-alcoholic-cider-0-abv/510339-793408-793409,Galipette Non-Alcoholic Cider 0% ABV,330ml,£1.85,£5.61/litre,,"Beer, Wine & Spirits"
790574,McGuigan Black Label Red,W,true,195,https://ecom-su-static-prod.wtrecom.com/images/products/3/LN_790574_BP_3.jpg,https://www.waitrose.com/ecom/products/mcguigan-black-label-red/790574-779763-779764,McGuigan Black Label Red,75cl,£6.25,£6.25/75cl,save £1.00. Was £7.25,"Beer, Wine & Spirits"
060167,060167 - Kronenbourg 1664 Cans,G,false,196,https://ecom-su-static-prod.wtrecom.com/images/products/3/LN_060167_BP_3.jpg,https://www.waitrose.com/ecom/products/060167-kronenbourg-1664-cans/060167-30394-30395,060167 - Kronenbourg 1664 Cans,4x440ml,£5.75,£3.27/litre,,"Beer, Wine & Spirits"
859777,Harveys Bristol Cream,W,false,197,https://ecom-su-static-prod.wtrecom.com/images/products/3/LN_859777_BP_3.jpg,https://www.waitrose.com/ecom/products/harveys-bristol-cream/859777-689818-689819,Harveys Bristol Cream,1L,£14.99,£11.25/75cl,,"Beer, Wine & Spirits"
013357,Fuller's Golden Pride 8.5% Ale Single Bottle,G,false,198,https://ecom-su-static-prod.wtrecom.com/images/products/3/LN_013357_BP_3.jpg,https://www.waitrose.com/ecom/products/fullers-golden-pride-85-ale-single-bottle/013357-6493-6494,Fuller's Golden Pride 8.5% Ale Single Bottle,500ml,£2.95,£5.90/litre,,"Beer, Wine & Spirits"
063462,Absolut Blue Original Swedish Vodka,G,false,199,https://ecom-su-static-prod.wtrecom.com/images/products/3/LN_063462_BP_3.jpg,https://www.waitrose.com/ecom/products/absolut-blue-original-swedish-vodka/063462-32221-32222,Absolut Blue Original Swedish Vodka,700ml,£23.00,£32.86/litre,,"Beer, Wine & Spirits"
833398,Villa Maria Reserve Sauvignon Blanc,W,false,200,https://ecom-su-static-prod.wtrecom.com/images/products/3/LN_833398_BP_3.jpg,https://www.waitrose.com/ecom/products/villa-maria-reserve-sauvignon-blanc/833398-770206-770207,Villa Maria Reserve Sauvignon Blanc,75cl,£14.99,£14.99/75cl,,"Beer, Wine & Spirits"
062854,Villa Maria Private Bin Riesling,W,false,201,https://ecom-su-static-prod.wtrecom.com/images/products/3/LN_062854_BP_3.jpg,https://www.waitrose.com/ecom/products/villa-maria-private-bin-riesling/062854-31905-31906,Villa Maria Private Bin Riesling,75cl,£10.99,£10.99/75cl,,"Beer, Wine & Spirits"
539990,Crabbie's Alcoholic Ginger Beer,G,true,202,https://ecom-su-static-prod.wtrecom.com/images/products/3/LN_539990_BP_3.jpg,https://www.waitrose.com/ecom/products/crabbies-alcoholic-ginger-beer/539990-76346-76347,Crabbie's Alcoholic Ginger Beer,500ml,£1.50,£3/litre,save 40p. Was £1.90,"Beer, Wine & Spirits"
673613,Whitstable Bay Pale Ale Kent,G,true,203,https://ecom-su-static-prod.wtrecom.com/images/products/3/LN_673613_BP_3.jpg,https://www.waitrose.com/ecom/products/whitstable-bay-pale-ale-kent/673613-524237-524238,Whitstable Bay Pale Ale Kent,500ml,£2.25,£4.50/litre,Add 4 for £7,"Beer, Wine & Spirits"
057401,Villa Maria Private Bin Pinot Grigio,W,true,204,https://ecom-su-static-prod.wtrecom.com/images/products/3/LN_057401_BP_3.jpg,https://www.waitrose.com/ecom/products/villa-maria-private-bin-pinot-grigio/057401-28873-28874,Villa Maria Private Bin Pinot Grigio,75cl,£10.99,£10.99/75cl,Buyers Choice,"Beer, Wine & Spirits"
006354,Woodforde's Wherry Beer England,G,true,205,https://ecom-su-static-prod.wtrecom.com/images/products/3/LN_006354_BP_3.jpg,https://www.waitrose.com/ecom/products/woodfordes-wherry-beer-england/006354-2835-2836,Woodforde's Wherry Beer England,500ml,£2.00,£4/litre,Add 2 for £3.25,"Beer, Wine & Spirits"
062002,Bell's Blended Scotch Whisky,G,true,206,https://ecom-su-static-prod.wtrecom.com/images/products/3/LN_062002_BP_3.jpg,https://www.waitrose.com/ecom/products/bells-blended-scotch-whisky/062002-31403-31404,Bell's Blended Scotch Whisky,70cl,£15.00,£21.43/litre,save £3.00. Was £18.00,"Beer, Wine & Spirits"
819532,Waitrose White Burgundy,W,true,207,https://ecom-su-static-prod.wtrecom.com/images/products/3/LN_819532_BP_3.jpg,https://www.waitrose.com/ecom/products/waitrose-white-burgundy/819532-606834-606835,Waitrose White Burgundy,37.5cl,£6.99,£13.98/75cl,Buyers Choice,"Beer, Wine & Spirits"
087946,Pilsner Urquell Lager Single Bottle,G,true,208,https://ecom-su-static-prod.wtrecom.com/images/products/3/LN_087946_BP_3.jpg,https://www.waitrose.com/ecom/products/pilsner-urquell-lager-single-bottle/087946-44962-44963,Pilsner Urquell Lager Single Bottle,500ml,£2.50,£5/litre,Add 3 for £5.75,"Beer, Wine & Spirits"
479408,No.1 Brut Special Reserve Vintage Champagne,W,true,209,https://ecom-su-static-prod.wtrecom.com/images/products/3/LN_479408_BP_3.jpg,https://www.waitrose.com/ecom/products/no1-brut-special-reserve-vintage-champagne/479408-744499-744500,No.1 Brut Special Reserve Vintage Champagne,75cl,£27.99,£27.99/75cl,save £8.00. Was £35.99,"Beer, Wine & Spirits"
431170,Whispering Angel Provence Rose,W,false,210,https://ecom-su-static-prod.wtrecom.com/images/products/3/LN_431170_BP_3.jpg,https://www.waitrose.com/ecom/products/whispering-angel-provence-rose/431170-688902-688903,Whispering Angel Provence Rose,37.5cl,£11.99,£23.98/75cl,,"Beer, Wine & Spirits"
820319,Crodino Alcohol Free,G,false,211,https://ecom-su-static-prod.wtrecom.com/images/products/3/LN_820319_BP_3.jpg,https://www.waitrose.com/ecom/products/crodino-alcohol-free/820319-784086-784087,Crodino Alcohol Free,3x175ml,£6.50,£12.39/litre,,"Beer, Wine & Spirits"
539687,Tilimuqui Fairtrade Organic Malbec,W,false,212,https://ecom-su-static-prod.wtrecom.com/images/products/3/LN_539687_BP_3.jpg,https://www.waitrose.com/ecom/products/tilimuqui-fairtrade-organic-malbec/539687-633412-633413,Tilimuqui Fairtrade Organic Malbec,75cl,£11.99,£11.99/75cl,,"Beer, Wine & Spirits"
674115,Grey Slate Dr L Riesling Private Reserve,W,true,213,https://ecom-su-static-prod.wtrecom.com/images/products/3/LN_674115_BP_3.jpg,https://www.waitrose.com/ecom/products/grey-slate-dr-l-riesling-private-reserve/674115-301231-301232,Grey Slate Dr L Riesling Private Reserve,75cl,£9.99,£9.99/75cl,Buyers Choice,"Beer, Wine & Spirits"
868136,Wolf Blass Red Label Shiraz Cabernet,W,true,214,https://ecom-su-static-prod.wtrecom.com/images/products/3/LN_868136_BP_3.jpg,https://www.waitrose.com/ecom/products/wolf-blass-red-label-shiraz-cabernet/868136-779851-779852,Wolf Blass Red Label Shiraz Cabernet,75cl,£6.99,£6.99/75cl,save £1.00. Was £7.99,"Beer, Wine & Spirits"
561024,"Waitrose Gavi Piedmont, Italy",W,false,215,https://ecom-su-static-prod.wtrecom.com/images/products/3/LN_561024_BP_3.jpg,https://www.waitrose.com/ecom/products/waitrose-gavi-piedmont-italy/561024-398290-398291,"Waitrose Gavi Piedmont, Italy",75cl,£9.99,£9.99/75cl,,"Beer, Wine & Spirits"
840433,Oxford Landing Shiraz,W,false,216,https://ecom-su-static-prod.wtrecom.com/images/products/3/LN_840433_BP_3.jpg,https://www.waitrose.com/ecom/products/oxford-landing-shiraz/840433-807483-807484,Oxford Landing Shiraz,75cl,£7.49,£7.49/75cl,,"Beer, Wine & Spirits"
700276,Nicolas Feuillatte Champagne Réserve Exclusive Brut NV,W,false,217,https://ecom-su-static-prod.wtrecom.com/images/products/3/LN_700276_BP_3.jpg,https://www.waitrose.com/ecom/products/nicolas-feuillatte-champagne-reserve-exclusive-brut-nv/700276-381330-381331,Nicolas Feuillatte Champagne Réserve Exclusive Brut NV,75cl,£31.99,£31.99/75cl,,"Beer, Wine & Spirits"
731002,MOTH Negroni,G,true,218,https://ecom-su-static-prod.wtrecom.com/images/products/3/LN_731002_BP_3.jpg,https://www.waitrose.com/ecom/products/moth-negroni/731002-746583-746584,MOTH Negroni,125ml,£3.99,£31.92/litre,Mix & Match Add 4 for 3 Cheapest Item Free,"Beer, Wine & Spirits"
582216,Yellow Tail Pinot Grigio,W,true,219,https://ecom-su-static-prod.wtrecom.com/images/products/3/LN_582216_BP_3.jpg,https://www.waitrose.com/ecom/products/yellow-tail-pinot-grigio/582216-771729-771730,Yellow Tail Pinot Grigio,75cl,£6.99,£6.99/75cl,save £1.00. Was £7.99,"Beer, Wine & Spirits"
858401,Badger Tangle Foot Golden Ale,G,true,220,https://ecom-su-static-prod.wtrecom.com/images/products/3/LN_858401_BP_3.jpg,https://www.waitrose.com/ecom/products/badger-tangle-foot-golden-ale/858401-331937-331938,Badger Tangle Foot Golden Ale,500ml,£2.25,£4.50/litre,Add 4 for £7,"Beer, Wine & Spirits"
049820,Corona Extra Premium Lager,G,false,221,https://ecom-su-static-prod.wtrecom.com/images/products/3/LN_049820_BP_3.jpg,https://www.waitrose.com/ecom/products/corona-extra-premium-lager/049820-24799-24800,Corona Extra Premium Lager,4x330ml,£6.00,£4.55/litre,,"Beer, Wine & Spirits"
419670,La Vieille Ferme Blanc Vin De France France,W,false,222,https://ecom-su-static-prod.wtrecom.com/images/products/3/LN_419670_BP_3.jpg,https://www.waitrose.com/ecom/products/la-vieille-ferme-blanc-vin-de-france-france/419670-59033-59034,La Vieille Ferme Blanc Vin De France France,75cl,£8.50,£8.50/75cl,,"Beer, Wine & Spirits"
506200,Terranuova Gavi di Gavi,W,false,223,https://ecom-su-static-prod.wtrecom.com/images/products/3/LN_506200_BP_3.jpg,https://www.waitrose.com/ecom/products/terranuova-gavi-di-gavi/506200-771583-771584,Terranuova Gavi di Gavi,75cl,£15.99,£15.99/75cl,,"Beer, Wine & Spirits"
081597,Fuller's London Porter 5.4% Ale Single Bottle,G,true,224,https://ecom-su-static-prod.wtrecom.com/images/products/3/LN_081597_BP_3.jpg,https://www.waitrose.com/ecom/products/fullers-london-porter-54-ale-single-bottle/081597-41515-41516,Fuller's London Porter 5.4% Ale Single Bottle,500ml,£2.50,£5/litre,Add 3 for £5.75,"Beer, Wine & Spirits"
806738,Guinness Draught Stout Beer Cans 12PK,G,false,225,https://ecom-su-static-prod.wtrecom.com/images/products/3/LN_806738_BP_3.jpg,https://www.waitrose.com/ecom/products/guinness-draught-stout-beer-cans-12pk/806738-804604-804605,Guinness Draught Stout Beer Cans 12PK,12x440ml,£17.50,£3.32/litre,,"Beer, Wine & Spirits"
074770,Boschendal Chardonnay,W,false,226,https://ecom-su-static-prod.wtrecom.com/images/products/3/LN_074770_BP_3.jpg,https://www.waitrose.com/ecom/products/boschendal-chardonnay/074770-37932-37933,Boschendal Chardonnay,75cl,£11.99,£11.99/75cl,,"Beer, Wine & Spirits"
868148,Brewdog Lost Lager,G,false,227,https://ecom-su-static-prod.wtrecom.com/images/products/3/LN_868148_BP_3.jpg,https://www.waitrose.com/ecom/products/brewdog-lost-lager/868148-762224-762225,Brewdog Lost Lager,10x440ml,£13.65,£3.11/litre,,"Beer, Wine & Spirits"
019886,Peroni Nastro Azzurro Lager Multipack Bottle,G,true,228,https://ecom-su-static-prod.wtrecom.com/images/products/3/LN_019886_BP_3.jpg,https://www.waitrose.com/ecom/products/peroni-nastro-azzurro-lager-multipack-bottle/019886-9688-9689,Peroni Nastro Azzurro Lager Multipack Bottle,4x330ml,£5.75,£4.36/litre,save £1.10. Was £6.85,"Beer, Wine & Spirits"
726602,Heineken Premium Lager Beer Bottle 12PK,G,true,229,https://ecom-su-static-prod.wtrecom.com/images/products/3/LN_726602_BP_3.jpg,https://www.waitrose.com/ecom/products/heineken-premium-lager-beer-bottle-12pk/726602-815340-815341,Heineken Premium Lager Beer Bottle 12PK,12x330ml,£12.50,£3.16/litre,Add 2 for £20,"Beer, Wine & Spirits"
637105,St Austell Brewery Cornish Best,G,true,230,https://ecom-su-static-prod.wtrecom.com/images/products/3/LN_637105_BP_3.jpg,https://www.waitrose.com/ecom/products/st-austell-brewery-cornish-best/637105-804130-804131,St Austell Brewery Cornish Best,500ml,£2.00,£4/litre,Add 3 for £5.50,"Beer, Wine & Spirits"
765463,"Porta 6 Lisboa, Portugal",W,false,231,https://ecom-su-static-prod.wtrecom.com/images/products/3/LN_765463_BP_3.jpg,https://www.waitrose.com/ecom/products/porta-6-lisboa-portugal/765463-788696-788697,"Porta 6 Lisboa, Portugal",75cl,£8.29,£8.29/75cl,,"Beer, Wine & Spirits"
564785,Thomson & Scott Noughty Sparkling Alcohol Free,G,true,232,https://ecom-su-static-prod.wtrecom.com/images/products/3/LN_564785_BP_3.jpg,https://www.waitrose.com/ecom/products/thomson-scott-noughty-sparkling-alcohol-free/564785-743792-743793,Thomson & Scott Noughty Sparkling Alcohol Free,75cl,£8.50,£8.50/75cl,save £1.00. Was £9.50,"Beer, Wine & Spirits"
863222,Heredad del Rey Reservada Yecla,W,false,233,https://ecom-su-static-prod.wtrecom.com/images/products/3/LN_863222_BP_3.jpg,https://www.waitrose.com/ecom/products/heredad-del-rey-reservada-yecla/863222-226892-226893,Heredad del Rey Reservada Yecla,75cl,£6.99,£6.99/75cl,,"Beer, Wine & Spirits"
885998,Jam Shed Shiraz,W,false,234,https://ecom-su-static-prod.wtrecom.com/images/products/3/LN_885998_BP_3.jpg,https://www.waitrose.com/ecom/products/jam-shed-shiraz/885998-807487-807488,Jam Shed Shiraz,75cl,£7.99,£7.99/75cl,,"Beer, Wine & Spirits"
003939,Porcupine Ridge Syrah Boekenhoutskloof,W,false,235,https://ecom-su-static-prod.wtrecom.com/images/products/3/LN_003939_BP_3.jpg,https://www.waitrose.com/ecom/products/porcupine-ridge-syrah-boekenhoutskloof/003939-1603-1604,Porcupine Ridge Syrah Boekenhoutskloof,75cl,£8.99,£8.99/75cl,,"Beer, Wine & Spirits"
074221,The Ned Pinot Grigio,W,true,236,https://ecom-su-static-prod.wtrecom.com/images/products/3/LN_074221_BP_3.jpg,https://www.waitrose.com/ecom/products/the-ned-pinot-grigio/074221-37684-37685,The Ned Pinot Grigio,75cl,£8.99,£8.99/75cl,save £2.00. Was £10.99,"Beer, Wine & Spirits"
856864,Fuller's London Pride Amber Ale Multipack Bottle,G,true,237,https://ecom-su-static-prod.wtrecom.com/images/products/3/LN_856864_BP_3.jpg,https://www.waitrose.com/ecom/products/fullers-london-pride-amber-ale-multipack-bottle/856864-331929-331930,Fuller's London Pride Amber Ale Multipack Bottle,4x500ml,£6.45,£3.23/litre,save 55p. Was £7.00,"Beer, Wine & Spirits"
888176,Finca Lalande Malbec,W,false,238,https://ecom-su-static-prod.wtrecom.com/images/products/3/LN_888176_BP_3.jpg,https://www.waitrose.com/ecom/products/finca-lalande-malbec/888176-757089-757090,Finca Lalande Malbec,75cl,£10.99,£10.99/75cl,,"Beer, Wine & Spirits"
836297,Paikea Chardonnay,W,false,239,https://ecom-su-static-prod.wtrecom.com/images/products/3/LN_836297_BP_3.jpg,https://www.waitrose.com/ecom/products/paikea-chardonnay/836297-511974-511975,Paikea Chardonnay,75cl,£10.99,£10.99/75cl,,"Beer, Wine & Spirits"
481597,Loved & Found Susumaniello Rosato Organic Puglia Rosé,W,false,240,https://ecom-su-static-prod.wtrecom.com/images/products/3/LN_481597_BP_3.jpg,https://www.waitrose.com/ecom/products/loved-found-susumaniello-rosato-organic-puglia-rose/481597-822689-822690,Loved & Found Susumaniello Rosato Organic Puglia Rosé,75cl,£7.99,£7.99/75cl,,"Beer, Wine & Spirits"
619072,MOTH Espresso Martini,G,true,241,https://ecom-su-static-prod.wtrecom.com/images/products/3/LN_619072_BP_3.jpg,https://www.waitrose.com/ecom/products/moth-espresso-martini/619072-746567-746568,MOTH Espresso Martini,125ml,£3.99,£31.92/litre,Mix & Match Add 4 for 3 Cheapest Item Free,"Beer, Wine & Spirits"
060053,Hobgoblin Ruby Ale Bottle,G,false,242,https://ecom-su-static-prod.wtrecom.com/images/products/3/LN_060053_BP_3.jpg,https://www.waitrose.com/ecom/products/hobgoblin-ruby-ale-bottle/060053-30333-30334,Hobgoblin Ruby Ale Bottle,500ml,£2.00,£4/litre,,"Beer, Wine & Spirits"
879399,Waitrose Grüner Veltliner Austria,W,false,243,https://ecom-su-static-prod.wtrecom.com/images/products/3/LN_879399_BP_3.jpg,https://www.waitrose.com/ecom/products/waitrose-gruner-veltliner-austria/879399-353370-353371,Waitrose Grüner Veltliner Austria,75cl,£8.99,£8.99/75cl,,"Beer, Wine & Spirits"
060163,Greene King Abbot Ale England,G,true,244,https://ecom-su-static-prod.wtrecom.com/images/products/3/LN_060163_BP_3.jpg,https://www.waitrose.com/ecom/products/greene-king-abbot-ale-england/060163-30390-30391,Greene King Abbot Ale England,4x500ml,£4.75,£2.38/litre,save £1.00. Was £5.75,"Beer, Wine & Spirits"
060828,Waitrose Traditional Farmhouse Cider Dry,G,false,245,https://ecom-su-static-prod.wtrecom.com/images/products/3/LN_060828_BP_3.jpg,https://www.waitrose.com/ecom/products/waitrose-traditional-farmhouse-cider-dry/060828-30748-30749,Waitrose Traditional Farmhouse Cider Dry,2L,£4.50,£2.25/litre,,"Beer, Wine & Spirits"
675706,Edmundo Malbec,W,true,246,https://ecom-su-static-prod.wtrecom.com/images/products/3/LN_675706_BP_3.jpg,https://www.waitrose.com/ecom/products/edmundo-malbec/675706-817066-817067,Edmundo Malbec,75cl,£7.99,£7.99/75cl,save £4.00. Was £11.99,"Beer, Wine & Spirits"
852917,MOTH Mojito,G,true,247,https://ecom-su-static-prod.wtrecom.com/images/products/3/LN_852917_BP_3.jpg,https://www.waitrose.com/ecom/products/moth-mojito/852917-769280-769281,MOTH Mojito,200ml,£3.99,£19.95/litre,Mix & Match Add 4 for 3 Cheapest Item Free,"Beer, Wine & Spirits"
469735,Henry Westons Vintage Sparkling Cider,G,true,248,https://ecom-su-static-prod.wtrecom.com/images/products/3/LN_469735_BP_3.jpg,https://www.waitrose.com/ecom/products/henry-westons-vintage-sparkling-cider/469735-66227-66228,Henry Westons Vintage Sparkling Cider,500ml,£2.50,£5/litre,Add 3 for £6,"Beer, Wine & Spirits"
625248,Beavertown Neck Oil,G,false,249,https://ecom-su-static-prod.wtrecom.com/images/products/3/LN_625248_BP_3.jpg,https://www.waitrose.com/ecom/products/beavertown-neck-oil/625248-778334-778335,Beavertown Neck Oil,10x330ml,£19.50,£5.91/litre,,"Beer, Wine & Spirits"
083820,Waitrose Brut NV Champagne,W,true,250,https://ecom-su-static-prod.wtrecom.com/images/products/3/LN_083820_BP_3.jpg,https://www.waitrose.com/ecom/products/waitrose-brut-nv-champagne/083820-42558-42559,Waitrose Brut NV Champagne,37.5cl,£12.99,£25.98/75cl,save £2.00. Was £14.99,"Beer, Wine & Spirits"
423385,Barefoot Pinot Grigio,W,false,251,https://ecom-su-static-prod.wtrecom.com/images/products/3/LN_423385_BP_3.jpg,https://www.waitrose.com/ecom/products/barefoot-pinot-grigio/423385-145482-145483,Barefoot Pinot Grigio,75cl,£7.99,£7.99/75cl,,"Beer, Wine & Spirits"
474712,Cornish Orchards Golden Cider 5.0% Single Bottle,G,true,252,https://ecom-su-static-prod.wtrecom.com/images/products/3/LN_474712_BP_3.jpg,https://www.waitrose.com/ecom/products/cornish-orchards-golden-cider-50-single-bottle/474712-413741-413742,Cornish Orchards Golden Cider 5.0% Single Bottle,500ml,£2.50,£5/litre,Add 3 for £6,"Beer, Wine & Spirits"
585958,Stowford Press Apple Cider,G,false,253,https://ecom-su-static-prod.wtrecom.com/images/products/3/LN_585958_BP_3.jpg,https://www.waitrose.com/ecom/products/stowford-press-apple-cider/585958-723828-723829,Stowford Press Apple Cider,10x440ml,£9.25,£2.11/litre,,"Beer, Wine & Spirits"
076341,Chapel Down English Rosé,W,false,254,https://ecom-su-static-prod.wtrecom.com/images/products/3/LN_076341_BP_3.jpg,https://www.waitrose.com/ecom/products/chapel-down-english-rose/076341-38778-38779,Chapel Down English Rosé,75cl,£14.99,£14.99/75cl,,"Beer, Wine & Spirits"
754700,Grant Burge Chardonnay,W,false,255,https://ecom-su-static-prod.wtrecom.com/images/products/3/LN_754700_BP_3.jpg,https://www.waitrose.com/ecom/products/grant-burge-chardonnay/754700-511916-511917,Grant Burge Chardonnay,75cl,£9.99,£9.99/75cl,,"Beer, Wine & Spirits"
396950,No.1 Castillo Perelada Cava Brut,W,true,256,https://ecom-su-static-prod.wtrecom.com/images/products/3/LN_396950_BP_3.jpg,https://www.waitrose.com/ecom/products/no1-castillo-perelada-cava-brut/396950-55791-55792,No.1 Castillo Perelada Cava Brut,75cl,£8.99,£8.99/75cl,save £3.00. Was £11.99,"Beer, Wine & Spirits"
712311,Brazin Old Vine Zinfandel,W,false,257,https://ecom-su-static-prod.wtrecom.com/images/products/3/LN_712311_BP_3.jpg,https://www.waitrose.com/ecom/products/brazin-old-vine-zinfandel/712311-101235-101236,Brazin Old Vine Zinfandel,75cl,£17.99,£17.99/75cl,,"Beer, Wine & Spirits"
007754,La Piuma Montepulciano D'Abruzzo Italy,W,true,258,https://ecom-su-static-prod.wtrecom.com/images/products/3/LN_007754_BP_3.jpg,https://www.waitrose.com/ecom/products/la-piuma-montepulciano-dabruzzo-italy/007754-3642-3643,La Piuma Montepulciano D'Abruzzo Italy,75cl,£6.99,£6.99/75cl,save £2.00. Was £8.99,"Beer, Wine & Spirits"
744156,Corona Extra,G,true,259,https://ecom-su-static-prod.wtrecom.com/images/products/3/LN_744156_BP_3.jpg,https://www.waitrose.com/ecom/products/corona-extra/744156-727577-727578,Corona Extra,18x330ml,£17.00,£2.87/litre,save £3.00. Was £20.00,"Beer, Wine & Spirits"
059522,Celliers Des Dauphins Merlot Grenache,W,false,260,https://ecom-su-static-prod.wtrecom.com/images/products/3/LN_059522_BP_3.jpg,https://www.waitrose.com/ecom/products/celliers-des-dauphins-merlot-grenache/059522-30014-30015,Celliers Des Dauphins Merlot Grenache,75cl,£6.99,£6.99/75cl,,"Beer, Wine & Spirits"
431429,Southern Shore Sauvignon Blanc,W,false,261,https://ecom-su-static-prod.wtrecom.com/images/products/3/LN_431429_BP_3.jpg,https://www.waitrose.com/ecom/products/southern-shore-sauvignon-blanc/431429-759892-759893,Southern Shore Sauvignon Blanc,2.25L,£21.49,£7.17/75cl,,"Beer, Wine & Spirits"
771384,Henry Westons Vintage Cider,G,false,262,https://ecom-su-static-prod.wtrecom.com/images/products/3/LN_771384_BP_3.jpg,https://www.waitrose.com/ecom/products/henry-westons-vintage-cider/771384-387972-387973,Henry Westons Vintage Cider,6x500ml,£11.50,£3.84/litre,,"Beer, Wine & Spirits"
856141,Calvet Sancerre Rosé,W,false,263,https://ecom-su-static-prod.wtrecom.com/images/products/3/LN_856141_BP_3.jpg,https://www.waitrose.com/ecom/products/calvet-sancerre-rose/856141-343674-343675,Calvet Sancerre Rosé,75cl,£16.99,£16.99/75cl,,"Beer, Wine & Spirits"
792823,Birra Moretti Premium Lager Beer Can 6PK,G,true,264,https://ecom-su-static-prod.wtrecom.com/images/products/3/LN_792823_BP_3.jpg,https://www.waitrose.com/ecom/products/birra-moretti-premium-lager-beer-can-6pk/792823-663058-663059,Birra Moretti Premium Lager Beer Can 6PK,6x330ml,£6.50,£3.29/litre,save £1.50. Was £8.00,"Beer, Wine & Spirits"
870805,Cruzcampo Sevilla Lager Beer Can 10PK,G,false,265,https://ecom-su-static-prod.wtrecom.com/images/products/3/LN_870805_BP_3.jpg,https://www.waitrose.com/ecom/products/cruzcampo-sevilla-lager-beer-can-10pk/870805-822301-822302,Cruzcampo Sevilla Lager Beer Can 10PK,10x440ml,£12.50,£2.85/litre,,"Beer, Wine & Spirits"
765856,MOTH Pina Colada,G,true,266,https://ecom-su-static-prod.wtrecom.com/images/products/3/LN_765856_BP_3.jpg,https://www.waitrose.com/ecom/products/moth-pina-colada/765856-791195-791196,MOTH Pina Colada,200ml,£3.99,£19.95/litre,Mix & Match Add 4 for 3 Cheapest Item Free,"Beer, Wine & Spirits"
575015,Erdinger Wheat Beer Bottle,G,true,267,https://ecom-su-static-prod.wtrecom.com/images/products/3/LN_575015_BP_3.jpg,https://www.waitrose.com/ecom/products/erdinger-wheat-beer-bottle/575015-81467-81468,Erdinger Wheat Beer Bottle,500ml,£2.50,£5/litre,Add 2 for £4,"Beer, Wine & Spirits"
082016,"Waitrose Chianti Tuscany, Italy",W,false,268,https://ecom-su-static-prod.wtrecom.com/images/products/3/LN_082016_BP_3.jpg,https://www.waitrose.com/ecom/products/waitrose-chianti-tuscany-italy/082016-41717-41718,"Waitrose Chianti Tuscany, Italy",75cl,£7.49,£7.49/75cl,,"Beer, Wine & Spirits"
376470,Alcohol-removed wine Fre Red Blend,G,false,269,https://ecom-su-static-prod.wtrecom.com/images/products/3/LN_376470_BP_3.jpg,https://www.waitrose.com/ecom/products/alcohol-removed-wine-fre-red-blend/376470-53012-53013,Alcohol-removed wine Fre Red Blend,75cl,£3.55,£3.55/75cl,,"Beer, Wine & Spirits"
688502,Lucky Saint Alcohol Free Lager,G,true,270,https://ecom-su-static-prod.wtrecom.com/images/products/3/LN_688502_BP_3.jpg,https://www.waitrose.com/ecom/products/lucky-saint-alcohol-free-lager/688502-783186-783187,Lucky Saint Alcohol Free Lager,330ml,£1.60,£4.85/litre,save 30p. Was £1.90,"Beer, Wine & Spirits"
507998,Birra Moretti Premium Lager Beer Bottle 18PK,G,false,271,https://ecom-su-static-prod.wtrecom.com/images/products/3/LN_507998_BP_3.jpg,https://www.waitrose.com/ecom/products/birra-moretti-premium-lager-beer-bottle-18pk/507998-804098-804099,Birra Moretti Premium Lager Beer Bottle 18PK,18x330ml,£24.00,£4.05/litre,,"Beer, Wine & Spirits"
096306,Badger Blandford Fly Golden Ale,G,true,272,https://ecom-su-static-prod.wtrecom.com/images/products/3/LN_096306_BP_3.jpg,https://www.waitrose.com/ecom/products/badger-blandford-fly-golden-ale/096306-49274-49275,Badger Blandford Fly Golden Ale,500ml,£2.25,£4.50/litre,Add 4 for £7,"Beer, Wine & Spirits"
850325,Ara Single Vineyard Pinot Gris,W,false,273,https://ecom-su-static-prod.wtrecom.com/images/products/3/LN_850325_BP_3.jpg,https://www.waitrose.com/ecom/products/ara-single-vineyard-pinot-gris/850325-352996-352997,Ara Single Vineyard Pinot Gris,75cl,£11.99,£11.99/75cl,,"Beer, Wine & Spirits"
547020,Malibu Coconut Rum & Pineapple Pre-Mixed Can,G,true,274,https://ecom-su-static-prod.wtrecom.com/images/products/3/LN_547020_BP_3.jpg,https://www.waitrose.com/ecom/products/malibu-coconut-rum-pineapple-pre-mixed-can/547020-361731-361732,Malibu Coconut Rum & Pineapple Pre-Mixed Can,250ml,£2.30,£9.20/litre,Mix & Match Add 4 for 3 Cheapest Item Free,"Beer, Wine & Spirits"
412281,"The Great Wave Sauvignon Blanc San Antonio, Chile",W,false,275,https://ecom-su-static-prod.wtrecom.com/images/products/3/LN_412281_BP_3.jpg,https://www.waitrose.com/ecom/products/the-great-wave-sauvignon-blanc-san-antonio-chile/412281-679854-679855,"The Great Wave Sauvignon Blanc San Antonio, Chile",75cl,£9.99,£9.99/75cl,,"Beer, Wine & Spirits"
757586,McGuigan Zero Chardonnay Alcohol Free,G,false,276,https://ecom-su-static-prod.wtrecom.com/images/products/3/LN_757586_BP_3.jpg,https://www.waitrose.com/ecom/products/mcguigan-zero-chardonnay-alcohol-free/757586-784018-784019,McGuigan Zero Chardonnay Alcohol Free,75cl,£5.00,£5/75cl,,"Beer, Wine & Spirits"
817212,Prince Alexandre Crémant de Loire AOC,W,true,277,https://ecom-su-static-prod.wtrecom.com/images/products/3/LN_817212_BP_3.jpg,https://www.waitrose.com/ecom/products/prince-alexandre-cremant-de-loire-aoc/817212-427035-427036,Prince Alexandre Crémant de Loire AOC,75cl,£10.49,£10.49/75cl,save £4.50. Was £14.99,"Beer, Wine & Spirits"
802939,Adnams Ghost Ship,G,false,278,https://ecom-su-static-prod.wtrecom.com/images/products/3/LN_802939_BP_3.jpg,https://www.waitrose.com/ecom/products/adnams-ghost-ship/802939-305399-305400,Adnams Ghost Ship,4x440ml,£6.00,£3.41/litre,,"Beer, Wine & Spirits"
731393,Louis Jadot Mâcon Azé,W,false,279,https://ecom-su-static-prod.wtrecom.com/images/products/3/LN_731393_BP_3.jpg,https://www.waitrose.com/ecom/products/louis-jadot-macon-aze/731393-665604-665605,Louis Jadot Mâcon Azé,75cl,£15.99,£15.99/75cl,,"Beer, Wine & Spirits"
063005,Baileys Original Irish Cream Liqueur,G,false,280,https://ecom-su-static-prod.wtrecom.com/images/products/3/LN_063005_BP_3.jpg,https://www.waitrose.com/ecom/products/baileys-original-irish-cream-liqueur/063005-31987-31988,Baileys Original Irish Cream Liqueur,700ml,£17.00,£24.29/litre,,"Beer, Wine & Spirits"
083801,Waitrose Blanc De Noirs Brut Champagne,W,true,281,https://ecom-su-static-prod.wtrecom.com/images/products/3/LN_083801_BP_3.jpg,https://www.waitrose.com/ecom/products/waitrose-blanc-de-noirs-brut-champagne/083801-42538-42539,Waitrose Blanc De Noirs Brut Champagne,75cl,£24.99,£24.99/75cl,save £3.00. Was £27.99,"Beer, Wine & Spirits"
600421,McGuigan Family Release Chardonnay,W,true,282,https://ecom-su-static-prod.wtrecom.com/images/products/3/LN_600421_BP_3.jpg,https://www.waitrose.com/ecom/products/mcguigan-family-release-chardonnay/600421-492025-492026,McGuigan Family Release Chardonnay,75cl,£6.99,£6.99/75cl,save £3.00. Was £9.99,"Beer, Wine & Spirits"
792661,Birra Moretti Sale Di Mare Unfiltered Lager Beer Bottle Large,G,true,283,https://ecom-su-static-prod.wtrecom.com/images/products/3/LN_792661_BP_3.jpg,https://www.waitrose.com/ecom/products/birra-moretti-sale-di-mare-unfiltered-lager-beer-bottle-large/792661-822237-822238,Birra Moretti Sale Di Mare Unfiltered Lager Beer Bottle Large,660ml,£3.00,£4.55/litre,Add 3 for £7,"Beer, Wine & Spirits"
015592,"Chapel Down Flint Dry Kent, England",W,false,284,https://ecom-su-static-prod.wtrecom.com/images/products/3/LN_015592_BP_3.jpg,https://www.waitrose.com/ecom/products/chapel-down-flint-dry-kent-england/015592-7491-7492,"Chapel Down Flint Dry Kent, England",75cl,£14.99,£14.99/75cl,,"Beer, Wine & Spirits"
033979,Fuller's 1845 6.3% Single Bottle Conditioned Ale,G,true,285,https://ecom-su-static-prod.wtrecom.com/images/products/3/LN_033979_BP_3.jpg,https://www.waitrose.com/ecom/products/fullers-1845-63-single-bottle-conditioned-ale/033979-17005-17006,Fuller's 1845 6.3% Single Bottle Conditioned Ale,500ml,£2.50,£5/litre,Add 3 for £5.75,"Beer, Wine & Spirits"
824473,Maree d'ione Organic Nero di Troia,W,true,286,https://ecom-su-static-prod.wtrecom.com/images/products/3/LN_824473_BP_3.jpg,https://www.waitrose.com/ecom/products/maree-dione-organic-nero-di-troia/824473-585691-585692,Maree d'ione Organic Nero di Troia,75cl,£7.99,£7.99/75cl,save £2.00. Was £9.99,"Beer, Wine & Spirits"
777346,Peroni Nastro Azzurro Beer Lager Cans,G,true,287,https://ecom-su-static-prod.wtrecom.com/images/products/3/LN_777346_BP_3.jpg,https://www.waitrose.com/ecom/products/peroni-nastro-azzurro-beer-lager-cans/777346-692652-692653,Peroni Nastro Azzurro Beer Lager Cans,6x330ml,£7.50,£3.79/litre,save £1.00. Was £8.50,"Beer, Wine & Spirits"
611235,La Gioiosa Asolo Prosecco,W,true,288,https://ecom-su-static-prod.wtrecom.com/images/products/3/LN_611235_BP_3.jpg,https://www.waitrose.com/ecom/products/la-gioiosa-asolo-prosecco/611235-805777-805778,La Gioiosa Asolo Prosecco,75cl,£8.99,£8.99/75cl,save £5.00. Was £13.99,"Beer, Wine & Spirits"
060065,Greene King Old Speckled Hen,G,false,289,https://ecom-su-static-prod.wtrecom.com/images/products/3/LN_060065_BP_3.jpg,https://www.waitrose.com/ecom/products/greene-king-old-speckled-hen/060065-30335-30336,Greene King Old Speckled Hen,500ml,£2.25,£4.50/litre,,"Beer, Wine & Spirits"
081315,Paul Mas Viognier Sauvignon Blanc,W,false,290,https://ecom-su-static-prod.wtrecom.com/images/products/3/LN_081315_BP_3.jpg,https://www.waitrose.com/ecom/products/paul-mas-viognier-sauvignon-blanc/081315-41355-41356,Paul Mas Viognier Sauvignon Blanc,75cl,£9.99,£9.99/75cl,,"Beer, Wine & Spirits"
642471,Trivento Malbec Reserve,W,true,291,https://ecom-su-static-prod.wtrecom.com/images/products/3/LN_642471_BP_3.jpg,https://www.waitrose.com/ecom/products/trivento-malbec-reserve/642471-783666-783667,Trivento Malbec Reserve,75cl,£7.49,£7.49/75cl,save £1.00. Was £8.49,"Beer, Wine & Spirits"
085699,Pol Roger Brut Réserve NV Champagne,W,false,292,https://ecom-su-static-prod.wtrecom.com/images/products/3/LN_085699_BP_3.jpg,https://www.waitrose.com/ecom/products/pol-roger-brut-reserve-nv-champagne/085699-43721-43722,Pol Roger Brut Réserve NV Champagne,75cl,£54.99,£54.99/75cl,,"Beer, Wine & Spirits"
064504,Stone's Original Green Ginger Wine,W,false,293,https://ecom-su-static-prod.wtrecom.com/images/products/3/LN_064504_BP_3.jpg,https://www.waitrose.com/ecom/products/stones-original-green-ginger-wine/064504-32742-32743,Stone's Original Green Ginger Wine,70cl,£8.00,£8.58/75cl,,"Beer, Wine & Spirits"
522255,Thomson & Scott Noughty Sparkling Rose Alcohol Free Wine,G,true,294,https://ecom-su-static-prod.wtrecom.com/images/products/3/LN_522255_BP_3.jpg,https://www.waitrose.com/ecom/products/thomson-scott-noughty-sparkling-rose-alcohol-free-wine/522255-793418-793419,Thomson & Scott Noughty Sparkling Rose Alcohol Free Wine,75cl,£8.50,£11.34/litre,save £1.00. Was £9.50,"Beer, Wine & Spirits"
644034,Kopparberg Pear Sparkling Pear Cider Sweden,G,false,295,https://ecom-su-static-prod.wtrecom.com/images/products/3/LN_644034_BP_3.jpg,https://www.waitrose.com/ecom/products/kopparberg-pear-sparkling-pear-cider-sweden/644034-91431-91432,Kopparberg Pear Sparkling Pear Cider Sweden,500ml,£2.50,£5/litre,,"Beer, Wine & Spirits"
066920,Tiger Asian Lager Beer Bottle Large,G,true,296,https://ecom-su-static-prod.wtrecom.com/images/products/3/LN_066920_BP_3.jpg,https://www.waitrose.com/ecom/products/tiger-asian-lager-beer-bottle-large/066920-33888-33889,Tiger Asian Lager Beer Bottle Large,640ml,£2.80,£4.38/litre,Add 3 for £7,"Beer, Wine & Spirits"
842885,Angioletti Rose Cider,G,false,297,https://ecom-su-static-prod.wtrecom.com/images/products/3/LN_842885_BP_3.jpg,https://www.waitrose.com/ecom/products/angioletti-rose-cider/842885-802146-802147,Angioletti Rose Cider,500ml,£2.50,£5/litre,,"Beer, Wine & Spirits"
481228,San Miguel Lager Cans,G,false,298,https://ecom-su-static-prod.wtrecom.com/images/products/3/LN_481228_BP_3.jpg,https://www.waitrose.com/ecom/products/san-miguel-lager-cans/481228-67919-67920,San Miguel Lager Cans,4x440ml,£5.75,£3.27/litre,,"Beer, Wine & Spirits"
759493,Grant Burge Barossa Ink Shiraz,W,true,299,https://ecom-su-static-prod.wtrecom.com/images/products/3/LN_759493_BP_3.jpg,https://www.waitrose.com/ecom/products/grant-burge-barossa-ink-shiraz/759493-779737-779738,Grant Burge Barossa Ink Shiraz,75cl,£8.99,£8.99/75cl,save £2.00. Was £10.99,"Beer, Wine & Spirits"
060105,Greene King IPA,G,true,300,https://ecom-su-static-prod.wtrecom.com/images/products/3/LN_060105_BP_3.jpg,https://www.waitrose.com/ecom/products/greene-king-ipa/060105-30352-30353,Greene King IPA,4x500ml,£4.00,£2/litre,save £1.00. Was £5.00,"Beer, Wine & Spirits"
818682,Chateau Saint Hilaire Medoc,W,false,301,https://ecom-su-static-prod.wtrecom.com/images/products/3/LN_818682_BP_3.jpg,https://www.waitrose.com/ecom/products/chateau-saint-hilaire-medoc/818682-772199-772200,Chateau Saint Hilaire Medoc,75cl,£15.99,£15.99/75cl,,"Beer, Wine & Spirits"
814292,La Perrière A l'Origine Vin de France Pinot Noir,W,false,302,https://ecom-su-static-prod.wtrecom.com/images/products/3/LN_814292_BP_3.jpg,https://www.waitrose.com/ecom/products/la-perriere-a-lorigine-vin-de-france-pinot-noir/814292-785988-785989,La Perrière A l'Origine Vin de France Pinot Noir,75cl,£10.99,£14.66/litre,,"Beer, Wine & Spirits"
795206,Dark Star Brewing Co. Hophead Golden Ale 3.8% Beer,G,true,303,https://ecom-su-static-prod.wtrecom.com/images/products/3/LN_795206_BP_3.jpg,https://www.waitrose.com/ecom/products/dark-star-brewing-co-hophead-golden-ale-38-beer/795206-572655-572656,Dark Star Brewing Co. Hophead Golden Ale 3.8% Beer,500ml,£2.35,£4.70/litre,Add 3 for £5.75,"Beer, Wine & Spirits"
846036,Camden Pale Ale,G,false,304,https://ecom-su-static-prod.wtrecom.com/images/products/3/LN_846036_BP_3.jpg,https://www.waitrose.com/ecom/products/camden-pale-ale/846036-728568-728569,Camden Pale Ale,4x330ml,£6.75,£5.12/litre,,"Beer, Wine & Spirits"
727216,Inch's Medium Apple Cider Can 4PK,G,false,305,https://ecom-su-static-prod.wtrecom.com/images/products/3/LN_727216_BP_3.jpg,https://www.waitrose.com/ecom/products/inchs-medium-apple-cider-can-4pk/727216-802034-802035,Inch's Medium Apple Cider Can 4PK,4x440ml,£5.50,£3.13/litre,,"Beer, Wine & Spirits"
050132,Waitrose Côtes du Rhône Villages,W,false,306,https://ecom-su-static-prod.wtrecom.com/images/products/3/LN_050132_BP_3.jpg,https://www.waitrose.com/ecom/products/waitrose-cotes-du-rhone-villages/050132-24975-24976,Waitrose Côtes du Rhône Villages,75cl,£8.49,£8.49/75cl,,"Beer, Wine & Spirits"
735742,Small Beer Lager,G,false,307,https://ecom-su-static-prod.wtrecom.com/images/products/3/LN_735742_BP_3.jpg,https://www.waitrose.com/ecom/products/small-beer-lager/735742-717697-717698,Small Beer Lager,350ml,£2.25,£6.43/litre,,"Beer, Wine & Spirits"
435982,Birra Moretti Premium Lager Beer Bottle 4PK,G,false,308,https://ecom-su-static-prod.wtrecom.com/images/products/3/LN_435982_BP_3.jpg,https://www.waitrose.com/ecom/products/birra-moretti-premium-lager-beer-bottle-4pk/435982-627516-627517,Birra Moretti Premium Lager Beer Bottle 4PK,4x330ml,£7.00,£5.31/litre,,"Beer, Wine & Spirits"
438237,Peroni Nastro Azzurro Gluten Free Beer Lager Bottles,G,true,309,https://ecom-su-static-prod.wtrecom.com/images/products/3/LN_438237_BP_3.jpg,https://www.waitrose.com/ecom/products/peroni-nastro-azzurro-gluten-free-beer-lager-bottles/438237-585435-585436,Peroni Nastro Azzurro Gluten Free Beer Lager Bottles,4x330ml,£6.00,£4.55/litre,save £1.50. Was £7.50,"Beer, Wine & Spirits"
749159,Martini Asti Sparkling Italian Wine DOCG,W,true,310,https://ecom-su-static-prod.wtrecom.com/images/products/3/LN_749159_BP_3.jpg,https://www.waitrose.com/ecom/products/martini-asti-sparkling-italian-wine-docg/749159-785098-785099,Martini Asti Sparkling Italian Wine DOCG,75cl,£6.99,£6.99/75cl,save £2.00. Was £8.99,"Beer, Wine & Spirits"
045941,Tanqueray No. TEN Ultra-Premium Gin,G,false,311,https://ecom-su-static-prod.wtrecom.com/images/products/3/LN_045941_BP_3.jpg,https://www.waitrose.com/ecom/products/tanqueray-no-ten-ultra-premium-gin/045941-22621-22622,Tanqueray No. TEN Ultra-Premium Gin,70cl,£37.50,£53.58/litre,,"Beer, Wine & Spirits"
446953,Guinness Nitrosurge Stout Beer Cans 4PK,G,false,312,https://ecom-su-static-prod.wtrecom.com/images/products/3/LN_446953_BP_3.jpg,https://www.waitrose.com/ecom/products/guinness-nitrosurge-stout-beer-cans-4pk/446953-807558-807559,Guinness Nitrosurge Stout Beer Cans 4PK,4x558ml,£8.25,£3.70/litre,,"Beer, Wine & Spirits"
008061,Sierra Nevada Pale Ale USA,G,false,313,https://ecom-su-static-prod.wtrecom.com/images/products/3/LN_008061_BP_3.jpg,https://www.waitrose.com/ecom/products/sierra-nevada-pale-ale-usa/008061-3823-3824,Sierra Nevada Pale Ale USA,355ml,£2.20,£6.20/litre,,"Beer, Wine & Spirits"
493891,Jean Chanussot Chablis,W,true,314,https://ecom-su-static-prod.wtrecom.com/images/products/3/LN_493891_BP_3.jpg,https://www.waitrose.com/ecom/products/jean-chanussot-chablis/493891-760967-760968,Jean Chanussot Chablis,75cl,£13.99,£13.99/75cl,save £3.00. Was £16.99,"Beer, Wine & Spirits"
064112,Croft Original Pale Cream,W,true,315,https://ecom-su-static-prod.wtrecom.com/images/products/3/LN_064112_BP_3.jpg,https://www.waitrose.com/ecom/products/croft-original-pale-cream/064112-32548-32549,Croft Original Pale Cream,1L,£13.49,£10.12/75cl,save £2.00. Was £15.49,"Beer, Wine & Spirits"
013532,Torres Viña Sol,W,false,316,https://ecom-su-static-prod.wtrecom.com/images/products/3/LN_013532_BP_3.jpg,https://www.waitrose.com/ecom/products/torres-vina-sol/013532-6587-6588,Torres Viña Sol,75cl,£7.99,£7.99/75cl,,"Beer, Wine & Spirits"
626742,Brewdog Mix Pack,G,true,317,https://ecom-su-static-prod.wtrecom.com/images/products/3/LN_626742_BP_3.jpg,https://www.waitrose.com/ecom/products/brewdog-mix-pack/626742-731629-731630,Brewdog Mix Pack,8x330ml,£11.50,£4.36/litre,save £2.00. Was £13.50,"Beer, Wine & Spirits"
020798,"Rustenberg John X Merriman, Stellenbosch South Africa",W,false,318,https://ecom-su-static-prod.wtrecom.com/images/products/3/LN_020798_BP_3.jpg,https://www.waitrose.com/ecom/products/rustenberg-john-x-merriman-stellenbosch-south-africa/020798-10119-10120,"Rustenberg John X Merriman, Stellenbosch South Africa",75cl,£17.99,£17.99/75cl,,"Beer, Wine & Spirits"
821249,Terre di Vita Organic Pinot Grigio Terre Siciliane IGP,W,true,319,https://ecom-su-static-prod.wtrecom.com/images/products/3/LN_821249_BP_3.jpg,https://www.waitrose.com/ecom/products/terre-di-vita-organic-pinot-grigio-terre-siciliane-igp/821249-700894-700895,Terre di Vita Organic Pinot Grigio Terre Siciliane IGP,75cl,£7.49,£7.49/75cl,save £2.50. Was £9.99,"Beer, Wine & Spirits"
576291,Jip Jip Rocks Shiraz,W,true,320,https://ecom-su-static-prod.wtrecom.com/images/products/3/LN_576291_BP_3.jpg,https://www.waitrose.com/ecom/products/jip-jip-rocks-shiraz/576291-387894-387895,Jip Jip Rocks Shiraz,75cl,£8.99,£8.99/75cl,save £4.00. Was £12.99,"Beer, Wine & Spirits"
647580,Giesen Dillons Point Sauvignon Blanc,W,true,321,https://ecom-su-static-prod.wtrecom.com/images/products/3/LN_647580_BP_3.jpg,https://www.waitrose.com/ecom/products/giesen-dillons-point-sauvignon-blanc/647580-511848-511849,Giesen Dillons Point Sauvignon Blanc,75cl,£7.99,£7.99/75cl,save £2.00. Was £9.99,"Beer, Wine & Spirits"
091852,Plymouth The Original Strength English Gin,G,true,322,https://ecom-su-static-prod.wtrecom.com/images/products/3/LN_091852_BP_3.jpg,https://www.waitrose.com/ecom/products/plymouth-the-original-strength-english-gin/091852-47298-47299,Plymouth The Original Strength English Gin,70cl,£21.00,£30/litre,save £8.50. Was £29.50,"Beer, Wine & Spirits"
929235,Theakston's Hairy Bikers Triple Hop Best Bitter,G,false,323,https://ecom-su-static-prod.wtrecom.com/images/products/3/LN_929235_BP_3.jpg,https://www.waitrose.com/ecom/products/theakstons-hairy-bikers-triple-hop-best-bitter/929235-826260-826261,Theakston's Hairy Bikers Triple Hop Best Bitter,500ml,£2.20,£4.40/litre,,"Beer, Wine & Spirits"
450684,Teruzzi & Puthod Rondolino Vernaccia di San Gimignano,W,false,324,https://ecom-su-static-prod.wtrecom.com/images/products/3/LN_450684_BP_3.jpg,https://www.waitrose.com/ecom/products/teruzzi-puthod-rondolino-vernaccia-di-san-gimignano/450684-63510-63511,Teruzzi & Puthod Rondolino Vernaccia di San Gimignano,75cl,£10.49,£10.49/75cl,,"Beer, Wine & Spirits"
427062,Shipyard American IPA,G,false,325,https://ecom-su-static-prod.wtrecom.com/images/products/3/LN_427062_BP_3.jpg,https://www.waitrose.com/ecom/products/shipyard-american-ipa/427062-572235-572236,Shipyard American IPA,500ml,£2.35,£4.70/litre,,"Beer, Wine & Spirits"
040988,La Vieille Ferme Rouge Vin de France,W,false,326,https://ecom-su-static-prod.wtrecom.com/images/products/3/LN_040988_BP_3.jpg,https://www.waitrose.com/ecom/products/la-vieille-ferme-rouge-vin-de-france/040988-20252-20253,La Vieille Ferme Rouge Vin de France,75cl,£8.50,£8.50/75cl,,"Beer, Wine & Spirits"
677460,Asahi Super Dry Lager Multipack Can,G,true,327,https://ecom-su-static-prod.wtrecom.com/images/products/3/LN_677460_BP_3.jpg,https://www.waitrose.com/ecom/products/asahi-super-dry-lager-multipack-can/677460-762078-762079,Asahi Super Dry Lager Multipack Can,6x330ml,£9.00,£4.55/litre,Add 2 for £14,"Beer, Wine & Spirits"
808922,19 Crimes Cabernet Sauvignon,W,false,328,https://ecom-su-static-prod.wtrecom.com/images/products/3/LN_808922_BP_3.jpg,https://www.waitrose.com/ecom/products/19-crimes-cabernet-sauvignon/808922-759198-759199,19 Crimes Cabernet Sauvignon,75cl,£10.99,£10.99/75cl,,"Beer, Wine & Spirits"
716458,Bollinger Special Cuvee,W,false,329,https://ecom-su-static-prod.wtrecom.com/images/products/3/LN_716458_BP_3.jpg,https://www.waitrose.com/ecom/products/bollinger-special-cuvee/716458-145804-145805,Bollinger Special Cuvee,37.5cl,£31.99,£63.98/75cl,,"Beer, Wine & Spirits"
797163,Big Drop Poolside Alcohol Free IPA,G,true,330,https://ecom-su-static-prod.wtrecom.com/images/products/3/LN_797163_BP_3.jpg,https://www.waitrose.com/ecom/products/big-drop-poolside-alcohol-free-ipa/797163-793582-793583,Big Drop Poolside Alcohol Free IPA,330ml,£1.60,£4.85/litre,Add 4 for £5,"Beer, Wine & Spirits"
741435,No.1 Vina Lorea Reserva Rioja,W,false,331,https://ecom-su-static-prod.wtrecom.com/images/products/3/LN_741435_BP_3.jpg,https://www.waitrose.com/ecom/products/no1-vina-lorea-reserva-rioja/741435-706581-706582,No.1 Vina Lorea Reserva Rioja,75cl,£13.99,£13.99/75cl,,"Beer, Wine & Spirits"
544913,Asahi Super Dry Lager Multipack Bottle,G,false,332,https://ecom-su-static-prod.wtrecom.com/images/products/3/LN_544913_BP_3.jpg,https://www.waitrose.com/ecom/products/asahi-super-dry-lager-multipack-bottle/544913-648062-648063,Asahi Super Dry Lager Multipack Bottle,4x330ml,£6.85,£5.19/litre,,"Beer, Wine & Spirits"
064705,Noilly Prat Original Dry French Vermouth,W,true,333,https://ecom-su-static-prod.wtrecom.com/images/products/3/LN_064705_BP_3.jpg,https://www.waitrose.com/ecom/products/noilly-prat-original-dry-french-vermouth/064705-32836-32837,Noilly Prat Original Dry French Vermouth,75cl,£11.50,£11.50/75cl,save £2.00. Was £13.50,"Beer, Wine & Spirits"
042475,"Calvet Reserve Merlot Cabernet Sauvignon Bordeaux, France",W,false,334,https://ecom-su-static-prod.wtrecom.com/images/products/3/LN_042475_BP_3.jpg,https://www.waitrose.com/ecom/products/calvet-reserve-merlot-cabernet-sauvignon-bordeaux-france/042475-21014-21015,"Calvet Reserve Merlot Cabernet Sauvignon Bordeaux, France",75cl,£9.99,£9.99/75cl,,"Beer, Wine & Spirits"
002539,Dunkerton's Black Fox Sparkling Cider Herefordshire,G,false,335,https://ecom-su-static-prod.wtrecom.com/images/products/3/LN_002539_BP_3.jpg,https://www.waitrose.com/ecom/products/dunkertons-black-fox-sparkling-cider-herefordshire/002539-848-849,Dunkerton's Black Fox Sparkling Cider Herefordshire,500ml,£2.50,£5/litre,,"Beer, Wine & Spirits"
701605,Gordon's Alcohol Free Spirit with Distilled Botanicals,G,false,336,https://ecom-su-static-prod.wtrecom.com/images/products/3/LN_701605_BP_3.jpg,https://www.waitrose.com/ecom/products/gordons-alcohol-free-spirit-with-distilled-botanicals/701605-746523-746524,Gordon's Alcohol Free Spirit with Distilled Botanicals,70cl,£15.00,£21.43/litre,,"Beer, Wine & Spirits"
477642,Pimentae Spicy Margarita,G,true,337,https://ecom-su-static-prod.wtrecom.com/images/products/3/LN_477642_BP_3.jpg,https://www.waitrose.com/ecom/products/pimentae-spicy-margarita/477642-822683-822684,Pimentae Spicy Margarita,125ml,£4.25,£34/litre,Mix & Match Add 4 for 3 Cheapest Item Free,"Beer, Wine & Spirits"
651376,Asahi Super Dry Lager Multipack Bottle,G,true,338,https://ecom-su-static-prod.wtrecom.com/images/products/3/LN_651376_BP_3.jpg,https://www.waitrose.com/ecom/products/asahi-super-dry-lager-multipack-bottle/651376-692620-692621,Asahi Super Dry Lager Multipack Bottle,12x330ml,£14.00,£3.54/litre,save £4.00. Was £18.00,"Beer, Wine & Spirits"
566109,Tierra Sagrada Blanco,W,true,339,https://ecom-su-static-prod.wtrecom.com/images/products/3/LN_566109_BP_3.jpg,https://www.waitrose.com/ecom/products/tierra-sagrada-blanco/566109-691578-691579,Tierra Sagrada Blanco,75cl,£6.49,£6.49/75cl,save £1.00. Was £7.49,"Beer, Wine & Spirits"
859122,Chapel Down A Touch of Sparkle,W,true,340,https://ecom-su-static-prod.wtrecom.com/images/products/3/LN_859122_BP_3.jpg,https://www.waitrose.com/ecom/products/chapel-down-a-touch-of-sparkle/859122-694864-694865,Chapel Down A Touch of Sparkle,75cl,£14.99,£14.99/75cl,save £3.00. Was £17.99,"Beer, Wine & Spirits"
037209,"Champteloup Rosé d'Anjou Loire, France",W,true,341,https://ecom-su-static-prod.wtrecom.com/images/products/3/LN_037209_BP_3.jpg,https://www.waitrose.com/ecom/products/champteloup-rose-danjou-loire-france/037209-18646-18647,"Champteloup Rosé d'Anjou Loire, France",75cl,£7.99,£7.99/75cl,save £1.00. Was £8.99,"Beer, Wine & Spirits"
812065,MOTH Paloma,G,true,342,https://ecom-su-static-prod.wtrecom.com/images/products/3/LN_812065_BP_3.jpg,https://www.waitrose.com/ecom/products/moth-paloma/812065-822825-822826,MOTH Paloma,200ml,£3.99,£19.95/litre,Mix & Match Add 4 for 3 Cheapest Item Free,"Beer, Wine & Spirits"
060843,No.1 English Vintage Perry Herefordshire,G,true,343,https://ecom-su-static-prod.wtrecom.com/images/products/3/LN_060843_BP_3.jpg,https://www.waitrose.com/ecom/products/no1-english-vintage-perry-herefordshire/060843-30760-30761,No.1 English Vintage Perry Herefordshire,500ml,£2.50,£5/litre,Add 2 for £3.50,"Beer, Wine & Spirits"
456079,Foster's Lager Beer Can 10PK,G,true,344,https://ecom-su-static-prod.wtrecom.com/images/products/3/LN_456079_BP_3.jpg,https://www.waitrose.com/ecom/products/fosters-lager-beer-can-10pk/456079-64238-64239,Foster's Lager Beer Can 10PK,10x440ml,£12.00,£2.73/litre,Add 2 for £18,"Beer, Wine & Spirits"
687198,Waitrose Pale Cream Sherry,W,false,345,https://ecom-su-static-prod.wtrecom.com/images/products/3/LN_687198_BP_3.jpg,https://www.waitrose.com/ecom/products/waitrose-pale-cream-sherry/687198-136441-136442,Waitrose Pale Cream Sherry,75cl,£9.99,£9.99/75cl,,"Beer, Wine & Spirits"
027809,Thatchers Katy Sparkling Cider Somerset,G,true,346,https://ecom-su-static-prod.wtrecom.com/images/products/3/LN_027809_BP_3.jpg,https://www.waitrose.com/ecom/products/thatchers-katy-sparkling-cider-somerset/027809-13537-13538,Thatchers Katy Sparkling Cider Somerset,500ml,£2.50,£5/litre,Add 3 for £6,"Beer, Wine & Spirits"
470054,Luis Felipe Edwards Bin Series Chardonnay,W,true,347,https://ecom-su-static-prod.wtrecom.com/images/products/3/LN_470054_BP_3.jpg,https://www.waitrose.com/ecom/products/luis-felipe-edwards-bin-series-chardonnay/470054-771509-771510,Luis Felipe Edwards Bin Series Chardonnay,75cl,£6.49,£6.49/75cl,save £2.50. Was £8.99,"Beer, Wine & Spirits"
724958,Einstök Icelandic White Ale,G,true,348,https://ecom-su-static-prod.wtrecom.com/images/products/3/LN_724958_BP_3.jpg,https://www.waitrose.com/ecom/products/einstok-icelandic-white-ale/724958-648174-648175,Einstök Icelandic White Ale,330ml,£2.50,£7.58/litre,Add 2 for £4,"Beer, Wine & Spirits"
057463,Croft Particular Sherry,W,false,349,https://ecom-su-static-prod.wtrecom.com/images/products/3/LN_057463_BP_3.jpg,https://www.waitrose.com/ecom/products/croft-particular-sherry/057463-28897-28898,Croft Particular Sherry,1L,£14.99,£11.25/75cl,,"Beer, Wine & Spirits"
006510,St Peter's Organic Best Bitter,G,true,350,https://ecom-su-static-prod.wtrecom.com/images/products/3/LN_006510_BP_3.jpg,https://www.waitrose.com/ecom/products/st-peters-organic-best-bitter/006510-2913-2914,St Peter's Organic Best Bitter,500ml,£2.25,£4.50/litre,Add 4 for £7,"Beer, Wine & Spirits"
578539,Les Trois Pierres Costières de Nîmes,W,false,351,https://ecom-su-static-prod.wtrecom.com/images/products/3/LN_578539_BP_3.jpg,https://www.waitrose.com/ecom/products/les-trois-pierres-costieres-de-nimes/578539-81948-81949,Les Trois Pierres Costières de Nîmes,75cl,£9.99,£9.99/75cl,,"Beer, Wine & Spirits"
881712,Pouilly-Fumé Les Clos du Matin,W,false,352,https://ecom-su-static-prod.wtrecom.com/images/products/3/LN_881712_BP_3.jpg,https://www.waitrose.com/ecom/products/pouilly-fume-les-clos-du-matin/881712-768939-768940,Pouilly-Fumé Les Clos du Matin,75cl,£17.99,£17.99/75cl,,"Beer, Wine & Spirits"
560896,Camden Hells Lager,G,false,353,https://ecom-su-static-prod.wtrecom.com/images/products/3/LN_560896_BP_3.jpg,https://www.waitrose.com/ecom/products/camden-hells-lager/560896-801870-801871,Camden Hells Lager,4x330ml,£6.75,£5.12/litre,,"Beer, Wine & Spirits"
403096,Lucky Saint Alcohol Free Hazy IPA,G,true,354,https://ecom-su-static-prod.wtrecom.com/images/products/3/LN_403096_BP_3.jpg,https://www.waitrose.com/ecom/products/lucky-saint-alcohol-free-hazy-ipa/403096-816952-816953,Lucky Saint Alcohol Free Hazy IPA,4x330ml,£5.00,£3.79/litre,save £1.00. Was £6.00,"Beer, Wine & Spirits"
836842,Chapel Down English Rosé NV,W,false,355,https://ecom-su-static-prod.wtrecom.com/images/products/3/LN_836842_BP_3.jpg,https://www.waitrose.com/ecom/products/chapel-down-english-rose-nv/836842-785198-785199,Chapel Down English Rosé NV,75cl,£31.99,£31.99/75cl,,"Beer, Wine & Spirits"
064011,Gonzalez Byass Tio Pepe Palomino Fino,W,true,356,https://ecom-su-static-prod.wtrecom.com/images/products/3/LN_064011_BP_3.jpg,https://www.waitrose.com/ecom/products/gonzalez-byass-tio-pepe-palomino-fino/064011-32497-32498,Gonzalez Byass Tio Pepe Palomino Fino,75cl,£13.49,£13.49/75cl,Buyers Choice,"Beer, Wine & Spirits"
806847,Kopparberg Strawberry & Lime Cider,G,false,357,https://ecom-su-static-prod.wtrecom.com/images/products/3/LN_806847_BP_3.jpg,https://www.waitrose.com/ecom/products/kopparberg-strawberry-lime-cider/806847-260914-260915,Kopparberg Strawberry & Lime Cider,500ml,£2.50,£5/litre,,"Beer, Wine & Spirits"
632533,Eidosela Albarino,W,false,358,https://ecom-su-static-prod.wtrecom.com/images/products/3/LN_632533_BP_3.jpg,https://www.waitrose.com/ecom/products/eidosela-albarino/632533-807471-807472,Eidosela Albarino,75cl,£12.99,£12.99/75cl,,"Beer, Wine & Spirits"
806624,REAL Royal Flush Non-Alcoholic Sparkling Tea,G,false,359,https://ecom-su-static-prod.wtrecom.com/images/products/3/LN_806624_BP_3.jpg,https://www.waitrose.com/ecom/products/real-royal-flush-non-alcoholic-sparkling-tea/806624-746535-746536,REAL Royal Flush Non-Alcoholic Sparkling Tea,750ml,£9.50,£12.67/litre,,"Beer, Wine & Spirits"
721598,Thatchers Gold Cider,G,true,360,https://ecom-su-static-prod.wtrecom.com/images/products/3/LN_721598_BP_3.jpg,https://www.waitrose.com/ecom/products/thatchers-gold-cider/721598-786266-786267,Thatchers Gold Cider,10x440ml,£10.00,£2.28/litre,save £1.00. Was £11.00,"Beer, Wine & Spirits"
621117,Blason du Rhône Gigondas,W,false,361,https://ecom-su-static-prod.wtrecom.com/images/products/3/LN_621117_BP_3.jpg,https://www.waitrose.com/ecom/products/blason-du-rhone-gigondas/621117-691676-691677,Blason du Rhône Gigondas,75cl,£19.99,£19.99/75cl,,"Beer, Wine & Spirits"
018365,Craggy Range Sauvignon Blanc,W,true,362,https://ecom-su-static-prod.wtrecom.com/images/products/3/LN_018365_BP_3.jpg,https://www.waitrose.com/ecom/products/craggy-range-sauvignon-blanc/018365-8894-8895,Craggy Range Sauvignon Blanc,75cl,£12.99,£12.99/75cl,save £4.00. Was £16.99,"Beer, Wine & Spirits"
463343,Villa Blanche Pinot Noir,W,true,363,https://ecom-su-static-prod.wtrecom.com/images/products/3/LN_463343_BP_3.jpg,https://www.waitrose.com/ecom/products/villa-blanche-pinot-noir/463343-348531-348532,Villa Blanche Pinot Noir,75cl,£7.99,£7.99/75cl,save £2.00. Was £9.99,"Beer, Wine & Spirits"
523747,Galipette Brut Cider France,G,true,364,https://ecom-su-static-prod.wtrecom.com/images/products/3/LN_523747_BP_3.jpg,https://www.waitrose.com/ecom/products/galipette-brut-cider-france/523747-662612-662613,Galipette Brut Cider France,330ml,£2.50,£7.58/litre,Add 2 for £4,"Beer, Wine & Spirits"
784914,Gipsy Hill Bandit Gluten Free Pale Ale,G,true,365,https://ecom-su-static-prod.wtrecom.com/images/products/3/LN_784914_BP_3.jpg,https://www.waitrose.com/ecom/products/gipsy-hill-bandit-gluten-free-pale-ale/784914-786306-786307,Gipsy Hill Bandit Gluten Free Pale Ale,440ml,£2.75,£6.25/litre,Mix & Match Add 5 for 4 Cheapest Item Free,"Beer, Wine & Spirits"
623708,Aspall Imperial Vintage Suffolk Cyder,G,true,366,https://ecom-su-static-prod.wtrecom.com/images/products/3/LN_623708_BP_3.jpg,https://www.waitrose.com/ecom/products/aspall-imperial-vintage-suffolk-cyder/623708-692610-692611,Aspall Imperial Vintage Suffolk Cyder,500ml,£3.15,£6.30/litre,Add 3 for £6.50,"Beer, Wine & Spirits"
647466,Brewdog Hazy Jane,G,false,367,https://ecom-su-static-prod.wtrecom.com/images/products/3/LN_647466_BP_3.jpg,https://www.waitrose.com/ecom/products/brewdog-hazy-jane/647466-723902-723903,Brewdog Hazy Jane,4x330ml,£6.50,£4.93/litre,,"Beer, Wine & Spirits"
760118,Stella Artois Premium Lager Beer Cans Extra Large Pack,G,false,368,https://ecom-su-static-prod.wtrecom.com/images/products/3/LN_760118_BP_3.jpg,https://www.waitrose.com/ecom/products/stella-artois-premium-lager-beer-cans-extra-large-pack/760118-743953-743954,Stella Artois Premium Lager Beer Cans Extra Large Pack,18x440ml,£20.00,£2.53/litre,,"Beer, Wine & Spirits"
580011,Pazzia Primitivo di Manduria,W,true,369,https://ecom-su-static-prod.wtrecom.com/images/products/3/LN_580011_BP_3.jpg,https://www.waitrose.com/ecom/products/pazzia-primitivo-di-manduria/580011-745099-745100,Pazzia Primitivo di Manduria,75cl,£9.99,£9.99/75cl,save £3.00. Was £12.99,"Beer, Wine & Spirits"
556630,Waitrose Cream Sherry,W,false,370,https://ecom-su-static-prod.wtrecom.com/images/products/3/LN_556630_BP_3.jpg,https://www.waitrose.com/ecom/products/waitrose-cream-sherry/556630-136371-136372,Waitrose Cream Sherry,75cl,£9.99,£9.99/75cl,,"Beer, Wine & Spirits"
441816,Ara Single Estate Sauvignon Blanc,W,true,371,https://ecom-su-static-prod.wtrecom.com/images/products/3/LN_441816_BP_3.jpg,https://www.waitrose.com/ecom/products/ara-single-estate-sauvignon-blanc/441816-212444-212445,Ara Single Estate Sauvignon Blanc,75cl,£8.99,£8.99/75cl,save £2.00. Was £10.99,"Beer, Wine & Spirits"
538901,Montidori Sangiovese,W,true,372,https://ecom-su-static-prod.wtrecom.com/images/products/3/LN_538901_BP_3.jpg,https://www.waitrose.com/ecom/products/montidori-sangiovese/538901-668913-668914,Montidori Sangiovese,75cl,£8.99,£8.99/75cl,save £2.00. Was £10.99,"Beer, Wine & Spirits"
657104,Franziskaner Hefe Weissbier Germany,G,true,373,https://ecom-su-static-prod.wtrecom.com/images/products/3/LN_657104_BP_3.jpg,https://www.waitrose.com/ecom/products/franziskaner-hefe-weissbier-germany/657104-133020-133021,Franziskaner Hefe Weissbier Germany,0.5L,£2.00,£4/litre,save 50p. Was £2.50,"Beer, Wine & Spirits"
821164,Henry Westons Organic Cider,G,true,374,https://ecom-su-static-prod.wtrecom.com/images/products/3/LN_821164_BP_3.jpg,https://www.waitrose.com/ecom/products/henry-westons-organic-cider/821164-722544-722545,Henry Westons Organic Cider,500ml,£2.50,£5/litre,Add 3 for £6,"Beer, Wine & Spirits"
769006,Dalwhinnie Winter's Gold Single Malt Scotch Whisky,G,false,375,https://ecom-su-static-prod.wtrecom.com/images/products/3/LN_769006_BP_3.jpg,https://www.waitrose.com/ecom/products/dalwhinnie-winters-gold-single-malt-scotch-whisky/769006-443016-443017,Dalwhinnie Winter's Gold Single Malt Scotch Whisky,70cl,£49.00,£70/litre,,"Beer, Wine & Spirits"
849143,Leffe Blonde,G,false,376,https://ecom-su-static-prod.wtrecom.com/images/products/3/LN_849143_BP_3.jpg,https://www.waitrose.com/ecom/products/leffe-blonde/849143-490565-490566,Leffe Blonde,4x330ml,£6.50,£4.93/litre,,"Beer, Wine & Spirits"
483051,El Jimador Tequila Blanco,G,false,377,https://ecom-su-static-prod.wtrecom.com/images/products/3/LN_483051_BP_3.jpg,https://www.waitrose.com/ecom/products/el-jimador-tequila-blanco/483051-68187-68188,El Jimador Tequila Blanco,70cl,£27.00,£38.58/litre,,"Beer, Wine & Spirits"
686204,Edinburgh Gin Rhubarb & Ginger Gin Liqueur,G,true,378,https://ecom-su-static-prod.wtrecom.com/images/products/3/LN_686204_BP_3.jpg,https://www.waitrose.com/ecom/products/edinburgh-gin-rhubarb-ginger-gin-liqueur/686204-728372-728373,Edinburgh Gin Rhubarb & Ginger Gin Liqueur,250ml,£2.30,£9.20/litre,Mix & Match Add 4 for 3 Cheapest Item Free,"Beer, Wine & Spirits"
062201,Waitrose London Dry Gin,G,false,379,https://ecom-su-static-prod.wtrecom.com/images/products/3/LN_062201_BP_3.jpg,https://www.waitrose.com/ecom/products/waitrose-london-dry-gin/062201-31539-31540,Waitrose London Dry Gin,70cl,£14.00,£20/litre,,"Beer, Wine & Spirits"
403011,Venturina Gavi DOCG Venturina,W,true,380,https://ecom-su-static-prod.wtrecom.com/images/products/3/LN_403011_BP_3.jpg,https://www.waitrose.com/ecom/products/venturina-gavi-docg-venturina/403011-420101-420102,Venturina Gavi DOCG Venturina,75cl,£9.99,£9.99/75cl,save £2.00. Was £11.99,"Beer, Wine & Spirits"
708887,Little Giant Barossa Shiraz,W,true,381,https://ecom-su-static-prod.wtrecom.com/images/products/3/LN_708887_BP_3.jpg,https://www.waitrose.com/ecom/products/little-giant-barossa-shiraz/708887-783680-783681,Little Giant Barossa Shiraz,75cl,£9.99,£9.99/75cl,save £3.00. Was £12.99,"Beer, Wine & Spirits"
735079,Malbec de Balthazar Pays DOC,W,false,382,https://ecom-su-static-prod.wtrecom.com/images/products/3/LN_735079_BP_3.jpg,https://www.waitrose.com/ecom/products/malbec-de-balthazar-pays-doc/735079-585647-585648,Malbec de Balthazar Pays DOC,75cl,£9.99,£9.99/75cl,,"Beer, Wine & Spirits"
760483,Aspall Organic Sparkling Cyder Suffolk,G,true,383,https://ecom-su-static-prod.wtrecom.com/images/products/3/LN_760483_BP_3.jpg,https://www.waitrose.com/ecom/products/aspall-organic-sparkling-cyder-suffolk/760483-108175-108176,Aspall Organic Sparkling Cyder Suffolk,500ml,£2.85,£5.70/litre,Add 3 for £6.50,"Beer, Wine & Spirits"
434833,Staropramen Pilsner,G,false,384,https://ecom-su-static-prod.wtrecom.com/images/products/3/LN_434833_BP_3.jpg,https://www.waitrose.com/ecom/products/staropramen-pilsner/434833-662448-662449,Staropramen Pilsner,660ml,£2.80,£4.25/litre,,"Beer, Wine & Spirits"
875231,Cobra,G,false,385,https://ecom-su-static-prod.wtrecom.com/images/products/3/LN_875231_BP_3.jpg,https://www.waitrose.com/ecom/products/cobra/875231-746551-746552,Cobra,620ml,£2.80,£4.52/litre,,"Beer, Wine & Spirits"
560945,Jameson Triple Distilled Blended Irish Whiskey,G,false,386,https://ecom-su-static-prod.wtrecom.com/images/products/3/LN_560945_BP_3.jpg,https://www.waitrose.com/ecom/products/jameson-triple-distilled-blended-irish-whiskey/560945-778290-778291,Jameson Triple Distilled Blended Irish Whiskey,1L,£35.00,£35/litre,,"Beer, Wine & Spirits"
859772,Duvel Belgian Strong Blond,G,false,387,https://ecom-su-static-prod.wtrecom.com/images/products/3/LN_859772_BP_3.jpg,https://www.waitrose.com/ecom/products/duvel-belgian-strong-blond/859772-662369-662370,Duvel Belgian Strong Blond,330ml,£2.50,£7.58/litre,,"Beer, Wine & Spirits"
836921,Carlsberg Pilsner Beer Cans,G,false,388,https://ecom-su-static-prod.wtrecom.com/images/products/3/LN_836921_BP_3.jpg,https://www.waitrose.com/ecom/products/carlsberg-pilsner-beer-cans/836921-731717-731718,Carlsberg Pilsner Beer Cans,4x568ml,£5.50,£2.43/litre,,"Beer, Wine & Spirits"
501162,Martini Rosso Vermouth Aperitivo,W,false,389,https://ecom-su-static-prod.wtrecom.com/images/products/3/LN_501162_BP_3.jpg,https://www.waitrose.com/ecom/products/martini-rosso-vermouth-aperitivo/501162-694347-694348,Martini Rosso Vermouth Aperitivo,75cl,£12.50,£12.50/75cl,,"Beer, Wine & Spirits"
686984,San Leo Prosecco Magnum,W,true,390,https://ecom-su-static-prod.wtrecom.com/images/products/3/LN_686984_BP_3.jpg,https://www.waitrose.com/ecom/products/san-leo-prosecco-magnum/686984-408744-408745,San Leo Prosecco Magnum,150cl,£14.99,£7.50/75cl,save £7.00. Was £21.99,"Beer, Wine & Spirits"
729938,Mirabeau La Folie Rosé France,W,true,391,https://ecom-su-static-prod.wtrecom.com/images/products/3/LN_729938_BP_3.jpg,https://www.waitrose.com/ecom/products/mirabeau-la-folie-rose-france/729938-600788-600789,Mirabeau La Folie Rosé France,75cl,£9.99,£9.99/75cl,save £2.00. Was £11.99,"Beer, Wine & Spirits"
376606,Bollinger Rosé NV Champagne,W,false,392,https://ecom-su-static-prod.wtrecom.com/images/products/3/LN_376606_BP_3.jpg,https://www.waitrose.com/ecom/products/bollinger-rose-nv-champagne/376606-53030-53031,Bollinger Rosé NV Champagne,75cl,£61.99,£61.99/75cl,,"Beer, Wine & Spirits"
063302,Bacardi Carta Blanca Superior White Rum,G,true,393,https://ecom-su-static-prod.wtrecom.com/images/products/3/LN_063302_BP_3.jpg,https://www.waitrose.com/ecom/products/bacardi-carta-blanca-superior-white-rum/063302-32157-32158,Bacardi Carta Blanca Superior White Rum,70cl,£15.00,£21.43/litre,save £3.50. Was £18.50,"Beer, Wine & Spirits"
809546,MOTH French 75 Cocktail,G,true,394,https://ecom-su-static-prod.wtrecom.com/images/products/3/LN_809546_BP_3.jpg,https://www.waitrose.com/ecom/products/moth-french-75-cocktail/809546-791219-791220,MOTH French 75 Cocktail,200ml,£3.99,£19.95/litre,Mix & Match Add 4 for 3 Cheapest Item Free,"Beer, Wine & Spirits"
064282,Casillero Del Diablo Cabernet Sauvignon,W,false,395,https://ecom-su-static-prod.wtrecom.com/images/products/3/LN_064282_BP_3.jpg,https://www.waitrose.com/ecom/products/casillero-del-diablo-cabernet-sauvignon/064282-32622-32623,Casillero Del Diablo Cabernet Sauvignon,75cl,£7.99,£7.99/75cl,,"Beer, Wine & Spirits"
837529,Château de Berne Cuvée Or Provence Rosé,W,false,396,https://ecom-su-static-prod.wtrecom.com/images/products/3/LN_837529_BP_3.jpg,https://www.waitrose.com/ecom/products/chateau-de-berne-cuvee-or-provence-rose/837529-506312-506313,Château de Berne Cuvée Or Provence Rosé,75cl,£16.99,£16.99/75cl,,"Beer, Wine & Spirits"
833059,Cointreau Orange Liqueur Triple Sec,G,true,397,https://ecom-su-static-prod.wtrecom.com/images/products/3/LN_833059_BP_3.jpg,https://www.waitrose.com/ecom/products/cointreau-orange-liqueur-triple-sec/833059-153493-153494,Cointreau Orange Liqueur Triple Sec,50cl,£15.00,£30/litre,save £4.00. Was £19.00,"Beer, Wine & Spirits"
099531,Guigal Côtes du Rhône France,W,false,398,https://ecom-su-static-prod.wtrecom.com/images/products/3/LN_099531_BP_3.jpg,https://www.waitrose.com/ecom/products/guigal-cotes-du-rhone-france/099531-50805-50806,Guigal Côtes du Rhône France,75cl,£13.49,£13.49/75cl,,"Beer, Wine & Spirits"
021053,Rustenberg Chardonnay Stellenbosch South Africa,W,true,399,https://ecom-su-static-prod.wtrecom.com/images/products/3/LN_021053_BP_3.jpg,https://www.waitrose.com/ecom/products/rustenberg-chardonnay-stellenbosch-south-africa/021053-10247-10248,Rustenberg Chardonnay Stellenbosch South Africa,75cl,£12.99,£12.99/75cl,save £3.00. Was £15.99,"Beer, Wine & Spirits"
821564,Estrella Galicia,G,false,400,https://ecom-su-static-prod.wtrecom.com/images/products/3/LN_821564_BP_3.jpg,https://www.waitrose.com/ecom/products/estrella-galicia/821564-490311-490312,Estrella Galicia,4x330ml,£6.25,£4.74/litre,,"Beer, Wine & Spirits"
682258,Errazuriz Estate Pinot Noir,W,false,401,https://ecom-su-static-prod.wtrecom.com/images/products/3/LN_682258_BP_3.jpg,https://www.waitrose.com/ecom/products/errazuriz-estate-pinot-noir/682258-691770-691771,Errazuriz Estate Pinot Noir,75cl,£9.49,£9.49/75cl,,"Beer, Wine & Spirits"
631131,Tanqueray Flor De Sevilla Gin,G,false,402,https://ecom-su-static-prod.wtrecom.com/images/products/3/LN_631131_BP_3.jpg,https://www.waitrose.com/ecom/products/tanqueray-flor-de-sevilla-gin/631131-665506-665507,Tanqueray Flor De Sevilla Gin,70cl,£28.50,£40.72/litre,,"Beer, Wine & Spirits"
465748,Yellowtail Jammy Red Roo,W,true,403,https://ecom-su-static-prod.wtrecom.com/images/products/3/LN_465748_BP_3.jpg,https://www.waitrose.com/ecom/products/yellowtail-jammy-red-roo/465748-804420-804421,Yellowtail Jammy Red Roo,75cl,£6.99,£6.99/75cl,save £1.00. Was £7.99,"Beer, Wine & Spirits"
745010,No.1 Cederberg Chenin Blanc,W,false,404,https://ecom-su-static-prod.wtrecom.com/images/products/3/LN_745010_BP_3.jpg,https://www.waitrose.com/ecom/products/no1-cederberg-chenin-blanc/745010-712243-712244,No.1 Cederberg Chenin Blanc,75cl,£12.99,£12.99/75cl,,"Beer, Wine & Spirits"
615640,Collemassari Rosso Riserva Montecuccuo DOC,W,false,405,https://ecom-su-static-prod.wtrecom.com/images/products/3/LN_615640_BP_3.jpg,https://www.waitrose.com/ecom/products/collemassari-rosso-riserva-montecuccuo-doc/615640-696178-696179,Collemassari Rosso Riserva Montecuccuo DOC,75cl,£15.99,£15.99/75cl,,"Beer, Wine & Spirits"
817820,Barefoot Pink Moscato,W,true,406,https://ecom-su-static-prod.wtrecom.com/images/products/3/LN_817820_BP_3.jpg,https://www.waitrose.com/ecom/products/barefoot-pink-moscato/817820-309166-309167,Barefoot Pink Moscato,75cl,£7.49,£7.49/75cl,Buyers Choice,"Beer, Wine & Spirits"
603931,Glenfiddich 15 Year Old Solera Reserve Scotch Whisky,G,false,407,https://ecom-su-static-prod.wtrecom.com/images/products/3/LN_603931_BP_3.jpg,https://www.waitrose.com/ecom/products/glenfiddich-15-year-old-solera-reserve-scotch-whisky/603931-538514-538515,Glenfiddich 15 Year Old Solera Reserve Scotch Whisky,700ml,£53.00,£75.72/litre,,"Beer, Wine & Spirits"
667911,Martini Extra Dry Vermouth Aperitivo,W,false,408,https://ecom-su-static-prod.wtrecom.com/images/products/3/LN_667911_BP_3.jpg,https://www.waitrose.com/ecom/products/martini-extra-dry-vermouth-aperitivo/667911-694580-694581,Martini Extra Dry Vermouth Aperitivo,750ml,£12.50,£16.67/litre,,"Beer, Wine & Spirits"
442757,No.1 Piccini Chianti Classico Riserva,W,false,409,https://ecom-su-static-prod.wtrecom.com/images/products/3/LN_442757_BP_3.jpg,https://www.waitrose.com/ecom/products/no1-piccini-chianti-classico-riserva/442757-679905-679906,No.1 Piccini Chianti Classico Riserva,75cl,£15.99,£15.99/75cl,,"Beer, Wine & Spirits"
702487,Terre Di Faiano Organic Nero D'Avola,W,true,410,https://ecom-su-static-prod.wtrecom.com/images/products/3/LN_702487_BP_3.jpg,https://www.waitrose.com/ecom/products/terre-di-faiano-organic-nero-davola/702487-726456-726457,Terre Di Faiano Organic Nero D'Avola,75cl,£8.99,£8.99/75cl,save £2.00. Was £10.99,"Beer, Wine & Spirits"
689853,Beronia Rioja Reserva,W,true,411,https://ecom-su-static-prod.wtrecom.com/images/products/3/LN_689853_BP_3.jpg,https://www.waitrose.com/ecom/products/beronia-rioja-reserva/689853-97993-97994,Beronia Rioja Reserva,75cl,£12.99,£12.99/75cl,save £3.00. Was £15.99,"Beer, Wine & Spirits"
438754,Old Mout Cider Kiwi & Lime Bottle Large,G,true,412,https://ecom-su-static-prod.wtrecom.com/images/products/3/LN_438754_BP_3.jpg,https://www.waitrose.com/ecom/products/old-mout-cider-kiwi-lime-bottle-large/438754-405276-405277,Old Mout Cider Kiwi & Lime Bottle Large,500ml,£2.50,£5/litre,Add 3 for £5.50,"Beer, Wine & Spirits"
052461,Grey Goose Premium French Vodka,G,false,413,https://ecom-su-static-prod.wtrecom.com/images/products/3/LN_052461_BP_3.jpg,https://www.waitrose.com/ecom/products/grey-goose-premium-french-vodka/052461-26153-26154,Grey Goose Premium French Vodka,70cl,£42.00,£60/litre,,"Beer, Wine & Spirits"
864369,First Cape Merlot,W,false,414,https://ecom-su-static-prod.wtrecom.com/images/products/3/LN_864369_BP_3.jpg,https://www.waitrose.com/ecom/products/first-cape-merlot/864369-436961-436962,First Cape Merlot,75cl,£7.99,£7.99/75cl,,"Beer, Wine & Spirits"
897638,La Val Albarino,W,false,415,https://ecom-su-static-prod.wtrecom.com/images/products/3/LN_897638_BP_3.jpg,https://www.waitrose.com/ecom/products/la-val-albarino/897638-824514-824515,La Val Albarino,75cl,£16.99,£16.99/75cl,,"Beer, Wine & Spirits"
583861,Graham Beck Chardonnay Pinot Noir Brut NV South Africa,W,false,416,https://ecom-su-static-prod.wtrecom.com/images/products/3/LN_583861_BP_3.jpg,https://www.waitrose.com/ecom/products/graham-beck-chardonnay-pinot-noir-brut-nv-south-africa/583861-82763-82764,Graham Beck Chardonnay Pinot Noir Brut NV South Africa,75cl,£16.49,£16.49/75cl,,"Beer, Wine & Spirits"
441089,Absolut Passionfruit Martini Cocktail Can,G,true,417,https://ecom-su-static-prod.wtrecom.com/images/products/3/LN_441089_BP_3.jpg,https://www.waitrose.com/ecom/products/absolut-passionfruit-martini-cocktail-can/441089-776628-776629,Absolut Passionfruit Martini Cocktail Can,250ml,£2.50,£10/litre,Mix & Match Add 4 for 3 Cheapest Item Free,"Beer, Wine & Spirits"
868567,Waitrose 3 Year Old French Brandy,G,false,418,https://ecom-su-static-prod.wtrecom.com/images/products/3/LN_868567_BP_3.jpg,https://www.waitrose.com/ecom/products/waitrose-3-year-old-french-brandy/868567-230099-230100,Waitrose 3 Year Old French Brandy,35cl,£7.50,£21.43/litre,,"Beer, Wine & Spirits"
585138,Jardin de Roses AOP Languedoc Rosé,W,false,419,https://ecom-su-static-prod.wtrecom.com/images/products/3/LN_585138_BP_3.jpg,https://www.waitrose.com/ecom/products/jardin-de-roses-aop-languedoc-rose/585138-723304-723305,Jardin de Roses AOP Languedoc Rosé,75cl,£14.99,£14.99/75cl,,"Beer, Wine & Spirits"
083812,Champagne Lanson Le Black Creation,W,true,420,https://ecom-su-static-prod.wtrecom.com/images/products/3/LN_083812_BP_3.jpg,https://www.waitrose.com/ecom/products/champagne-lanson-le-black-creation/083812-42550-42551,Champagne Lanson Le Black Creation,75cl,£32.99,£32.99/75cl,save £10.00. Was £42.99,"Beer, Wine & Spirits"
451964,Old Crafty Hen,G,false,421,https://ecom-su-static-prod.wtrecom.com/images/products/3/LN_451964_BP_3.jpg,https://www.waitrose.com/ecom/products/old-crafty-hen/451964-271149-271150,Old Crafty Hen,500ml,£2.50,£5/litre,,"Beer, Wine & Spirits"
880177,Thatchers Gold,G,false,422,https://ecom-su-static-prod.wtrecom.com/images/products/3/LN_880177_BP_3.jpg,https://www.waitrose.com/ecom/products/thatchers-gold/880177-388048-388049,Thatchers Gold,4x440ml,£5.50,£3.13/litre,,"Beer, Wine & Spirits"
068005,Chapel Down Classic NV Brut,W,true,423,https://ecom-su-static-prod.wtrecom.com/images/products/3/LN_068005_BP_3.jpg,https://www.waitrose.com/ecom/products/chapel-down-classic-nv-brut/068005-34519-34520,Chapel Down Classic NV Brut,75cl,£21.99,£21.99/75cl,save £8.00. Was £29.99,"Beer, Wine & Spirits"
453044,Jacob's Creek Sparkling Shiraz Red Wine,W,true,424,https://ecom-su-static-prod.wtrecom.com/images/products/3/LN_453044_BP_3.jpg,https://www.waitrose.com/ecom/products/jacobs-creek-sparkling-shiraz-red-wine/453044-63816-63817,Jacob's Creek Sparkling Shiraz Red Wine,75cl,£8.99,£8.99/75cl,save £3.00. Was £11.99,"Beer, Wine & Spirits"
062149,Glenmorangie Original Old Malt Whisky,G,false,425,https://ecom-su-static-prod.wtrecom.com/images/products/3/LN_062149_BP_3.jpg,https://www.waitrose.com/ecom/products/glenmorangie-original-old-malt-whisky/062149-31501-31502,Glenmorangie Original Old Malt Whisky,70cl,£40.00,£57.15/litre,,"Beer, Wine & Spirits"
528580,Calmel & Joseph Organic Pinot Noir,W,false,426,https://ecom-su-static-prod.wtrecom.com/images/products/3/LN_528580_BP_3.jpg,https://www.waitrose.com/ecom/products/calmel-joseph-organic-pinot-noir/528580-780579-780580,Calmel & Joseph Organic Pinot Noir,75cl,£12.99,£12.99/75cl,,"Beer, Wine & Spirits"
606719,Angelo Poretti Lager Bottle,G,false,427,https://ecom-su-static-prod.wtrecom.com/images/products/3/LN_606719_BP_3.jpg,https://www.waitrose.com/ecom/products/angelo-poretti-lager-bottle/606719-762030-762031,Angelo Poretti Lager Bottle,660ml,£2.50,£3.79/litre,,"Beer, Wine & Spirits"
493324,La Chouffe Belgian Blonde Ale,G,false,428,https://ecom-su-static-prod.wtrecom.com/images/products/3/LN_493324_BP_3.jpg,https://www.waitrose.com/ecom/products/la-chouffe-belgian-blonde-ale/493324-786074-786075,La Chouffe Belgian Blonde Ale,330ml,£2.50,£7.58/litre,,"Beer, Wine & Spirits"
060362,Black Sheep Amber Ale England,G,false,429,https://ecom-su-static-prod.wtrecom.com/images/products/3/LN_060362_BP_3.jpg,https://www.waitrose.com/ecom/products/black-sheep-amber-ale-england/060362-30524-30525,Black Sheep Amber Ale England,500ml,£2.25,£4.50/litre,,"Beer, Wine & Spirits"
591927,Guinness West Indies Porter Beer Bottle,G,true,430,https://ecom-su-static-prod.wtrecom.com/images/products/3/LN_591927_BP_3.jpg,https://www.waitrose.com/ecom/products/guinness-west-indies-porter-beer-bottle/591927-492011-492012,Guinness West Indies Porter Beer Bottle,500ml,£1.85,£3.70/litre,save 40p. Was £2.25,"Beer, Wine & Spirits"
062408,Waitrose Vodka,G,false,431,https://ecom-su-static-prod.wtrecom.com/images/products/3/LN_062408_BP_3.jpg,https://www.waitrose.com/ecom/products/waitrose-vodka/062408-31691-31692,Waitrose Vodka,70cl,£14.00,£20/litre,,"Beer, Wine & Spirits"
569047,Yealands Reserve Sauvignon Blanc,W,true,432,https://ecom-su-static-prod.wtrecom.com/images/products/3/LN_569047_BP_3.jpg,https://www.waitrose.com/ecom/products/yealands-reserve-sauvignon-blanc/569047-511808-511809,Yealands Reserve Sauvignon Blanc,75cl,£8.99,£8.99/75cl,save £3.00. Was £11.99,"Beer, Wine & Spirits"
015837,Johnnie Walker Black Label 12 YO Blended Scotch Whisky,G,false,433,https://ecom-su-static-prod.wtrecom.com/images/products/3/LN_015837_BP_3.jpg,https://www.waitrose.com/ecom/products/johnnie-walker-black-label-12-yo-blended-scotch-whisky/015837-7583-7584,Johnnie Walker Black Label 12 YO Blended Scotch Whisky,70cl,£36.75,£52.50/litre,,"Beer, Wine & Spirits"
752634,Faustino Vi Tempranillo Rioja,W,false,434,https://ecom-su-static-prod.wtrecom.com/images/products/3/LN_752634_BP_3.jpg,https://www.waitrose.com/ecom/products/faustino-vi-tempranillo-rioja/752634-593869-593870,Faustino Vi Tempranillo Rioja,75cl,£8.99,£8.99/75cl,,"Beer, Wine & Spirits"
576180,Brewdog Punk IPA,G,false,435,https://ecom-su-static-prod.wtrecom.com/images/products/3/LN_576180_BP_3.jpg,https://www.waitrose.com/ecom/products/brewdog-punk-ipa/576180-731603-731604,Brewdog Punk IPA,4x330ml,£6.50,£4.93/litre,,"Beer, Wine & Spirits"
783177,MOTH Aperitivo Spritz Cocktail,G,true,436,https://ecom-su-static-prod.wtrecom.com/images/products/3/LN_783177_BP_3.jpg,https://www.waitrose.com/ecom/products/moth-aperitivo-spritz-cocktail/783177-791201-791202,MOTH Aperitivo Spritz Cocktail,200ml,£3.99,£19.95/litre,Mix & Match Add 4 for 3 Cheapest Item Free,"Beer, Wine & Spirits"
437858,Stella Artois Premium Lager Beer Cans,G,true,437,https://ecom-su-static-prod.wtrecom.com/images/products/3/LN_437858_BP_3.jpg,https://www.waitrose.com/ecom/products/stella-artois-premium-lager-beer-cans/437858-743662-743663,Stella Artois Premium Lager Beer Cans,4x440ml,£5.00,£2.85/litre,save 75p. Was £5.75,"Beer, Wine & Spirits"
819544,Dark Horse Cabernet Sauvignon,W,false,438,https://ecom-su-static-prod.wtrecom.com/images/products/3/LN_819544_BP_3.jpg,https://www.waitrose.com/ecom/products/dark-horse-cabernet-sauvignon/819544-572699-572700,Dark Horse Cabernet Sauvignon,75cl,£9.99,£9.99/75cl,,"Beer, Wine & Spirits"
455053,Apothic Red Winemaker's Blend,W,false,439,https://ecom-su-static-prod.wtrecom.com/images/products/3/LN_455053_BP_3.jpg,https://www.waitrose.com/ecom/products/apothic-red-winemakers-blend/455053-314111-314112,Apothic Red Winemaker's Blend,75cl,£10.49,£10.49/75cl,,"Beer, Wine & Spirits"
083238,Pujalet Côtes De Gascogne,W,true,440,https://ecom-su-static-prod.wtrecom.com/images/products/3/LN_083238_BP_3.jpg,https://www.waitrose.com/ecom/products/pujalet-cotes-de-gascogne/083238-42293-42294,Pujalet Côtes De Gascogne,75cl,£6.99,£6.99/75cl,save £1.00. Was £7.99,"Beer, Wine & Spirits"
889469,Château Queyret-Pouillac Bordeaux Supérieur,W,false,441,https://ecom-su-static-prod.wtrecom.com/images/products/3/LN_889469_BP_3.jpg,https://www.waitrose.com/ecom/products/chateau-queyret-pouillac-bordeaux-superieur/889469-692210-692211,Château Queyret-Pouillac Bordeaux Supérieur,75cl,£10.99,£10.99/75cl,,"Beer, Wine & Spirits"
486769,Estrella Damm,G,true,442,https://ecom-su-static-prod.wtrecom.com/images/products/3/LN_486769_BP_3.jpg,https://www.waitrose.com/ecom/products/estrella-damm/486769-692570-692571,Estrella Damm,6x330ml,£7.30,£3.69/litre,save £1.20. Was £8.50,"Beer, Wine & Spirits"
631458,Le Bijou De Sophie Valrose Coteaux De Béziers,W,true,443,https://ecom-su-static-prod.wtrecom.com/images/products/3/LN_631458_BP_3.jpg,https://www.waitrose.com/ecom/products/le-bijou-de-sophie-valrose-coteaux-de-beziers/631458-754175-754176,Le Bijou De Sophie Valrose Coteaux De Béziers,37.5cl,£5.49,£10.98/75cl,save £1.00. Was £6.49,"Beer, Wine & Spirits"
793704,Waitrose 3 Year Old French Brandy,G,false,444,https://ecom-su-static-prod.wtrecom.com/images/products/3/LN_793704_BP_3.jpg,https://www.waitrose.com/ecom/products/waitrose-3-year-old-french-brandy/793704-229987-229988,Waitrose 3 Year Old French Brandy,70cl,£14.00,£20/litre,,"Beer, Wine & Spirits"
039272,Strongbow Original Cider Can 4PK,G,false,445,https://ecom-su-static-prod.wtrecom.com/images/products/3/LN_039272_BP_3.jpg,https://www.waitrose.com/ecom/products/strongbow-original-cider-can-4pk/039272-19479-19480,Strongbow Original Cider Can 4PK,4x440ml,£5.00,£2.85/litre,,"Beer, Wine & Spirits"
830924,Maison Castel Côtes de Provence Rosé,W,true,446,https://ecom-su-static-prod.wtrecom.com/images/products/3/LN_830924_BP_3.jpg,https://www.waitrose.com/ecom/products/maison-castel-cotes-de-provence-rose/830924-658775-658776,Maison Castel Côtes de Provence Rosé,75cl,£9.99,£9.99/75cl,save £5.00. Was £14.99,"Beer, Wine & Spirits"
704706,The Ned Pinot Noir,W,false,447,https://ecom-su-static-prod.wtrecom.com/images/products/3/LN_704706_BP_3.jpg,https://www.waitrose.com/ecom/products/the-ned-pinot-noir/704706-706533-706534,The Ned Pinot Noir,75cl,£14.99,£14.99/75cl,,"Beer, Wine & Spirits"
759047,Frei Brothers Sonoma Reserve Cabernet Sauvignon,W,false,448,https://ecom-su-static-prod.wtrecom.com/images/products/3/LN_759047_BP_3.jpg,https://www.waitrose.com/ecom/products/frei-brothers-sonoma-reserve-cabernet-sauvignon/759047-593879-593880,Frei Brothers Sonoma Reserve Cabernet Sauvignon,75cl,£19.99,£19.99/75cl,,"Beer, Wine & Spirits"
493686,Pimentae Tommy's Margarita,G,true,449,https://ecom-su-static-prod.wtrecom.com/images/products/3/LN_493686_BP_3.jpg,https://www.waitrose.com/ecom/products/pimentae-tommys-margarita/493686-822699-822700,Pimentae Tommy's Margarita,125ml,£4.25,£34/litre,Mix & Match Add 4 for 3 Cheapest Item Free,"Beer, Wine & Spirits"
810475,Kopparberg Mixed Fruit Cider,G,true,450,https://ecom-su-static-prod.wtrecom.com/images/products/3/LN_810475_BP_3.jpg,https://www.waitrose.com/ecom/products/kopparberg-mixed-fruit-cider/810475-776856-776857,Kopparberg Mixed Fruit Cider,4x330ml,£5.65,£4.29/litre,Add 2 for £10,"Beer, Wine & Spirits"
051865,WoodfdRv Bourbon Whiskey,G,false,451,https://ecom-su-static-prod.wtrecom.com/images/products/3/LN_051865_BP_3.jpg,https://www.waitrose.com/ecom/products/woodfdrv-bourbon-whiskey/051865-25820-25821,WoodfdRv Bourbon Whiskey,70cl,£39.00,£55.72/litre,,"Beer, Wine & Spirits"
062113,Glenfiddich Aged 12 Years Single Malt Whisky,G,false,452,https://ecom-su-static-prod.wtrecom.com/images/products/3/LN_062113_BP_3.jpg,https://www.waitrose.com/ecom/products/glenfiddich-aged-12-years-single-malt-whisky/062113-31477-31478,Glenfiddich Aged 12 Years Single Malt Whisky,70cl,£43.00,£61.43/litre,,"Beer, Wine & Spirits"
760147,Madri Excepcional,G,true,453,https://ecom-su-static-prod.wtrecom.com/images/products/3/LN_760147_BP_3.jpg,https://www.waitrose.com/ecom/products/madri-excepcional/760147-780143-780144,Madri Excepcional,12x330ml,£12.00,£3.04/litre,save £4.00. Was £16.00,"Beer, Wine & Spirits"
451343,Innis & Gunn Caribbean Rum Cask Scotland,G,false,454,https://ecom-su-static-prod.wtrecom.com/images/products/3/LN_451343_BP_3.jpg,https://www.waitrose.com/ecom/products/innis-gunn-caribbean-rum-cask-scotland/451343-63620-63621,Innis & Gunn Caribbean Rum Cask Scotland,330ml,£2.25,£6.82/litre,,"Beer, Wine & Spirits"
459722,Babich Sauvignon Blanc,W,true,455,https://ecom-su-static-prod.wtrecom.com/images/products/3/LN_459722_BP_3.jpg,https://www.waitrose.com/ecom/products/babich-sauvignon-blanc/459722-691442-691443,Babich Sauvignon Blanc,75cl,£11.99,£11.99/75cl,save £3.00. Was £14.99,"Beer, Wine & Spirits"
405718,"Domaine Du Vieux Vauvert Vouvray Medium-Dry Loire, France",W,false,456,https://ecom-su-static-prod.wtrecom.com/images/products/3/LN_405718_BP_3.jpg,https://www.waitrose.com/ecom/products/domaine-du-vieux-vauvert-vouvray-medium-dry-loire-france/405718-57087-57088,"Domaine Du Vieux Vauvert Vouvray Medium-Dry Loire, France",75cl,£10.99,£10.99/75cl,,"Beer, Wine & Spirits"
887543,Wiper and True Sundance IPA,G,true,457,https://ecom-su-static-prod.wtrecom.com/images/products/3/LN_887543_BP_3.jpg,https://www.waitrose.com/ecom/products/wiper-and-true-sundance-ipa/887543-746553-746554,Wiper and True Sundance IPA,440ml,£3.25,£7.39/litre,Mix & Match Add 5 for 4 Cheapest Item Free,"Beer, Wine & Spirits"
503921,Brewdog Alcohol Free Mixed Pack,G,true,458,https://ecom-su-static-prod.wtrecom.com/images/products/3/LN_503921_BP_3.jpg,https://www.waitrose.com/ecom/products/brewdog-alcohol-free-mixed-pack/503921-793399-793399,Brewdog Alcohol Free Mixed Pack,8x330ml,£9.50,£3.60/litre,save £1.50. Was £11.00,"Beer, Wine & Spirits"
409538,The Pale by Sacha Lichine,W,true,459,https://ecom-su-static-prod.wtrecom.com/images/products/3/LN_409538_BP_3.jpg,https://www.waitrose.com/ecom/products/the-pale-by-sacha-lichine/409538-753405-753406,The Pale by Sacha Lichine,75cl,£10.99,£10.99/75cl,save £4.00. Was £14.99,"Beer, Wine & Spirits"
728482,Cockburn's Special Reserve Port,W,false,460,https://ecom-su-static-prod.wtrecom.com/images/products/3/LN_728482_BP_3.jpg,https://www.waitrose.com/ecom/products/cockburns-special-reserve-port/728482-141330-141331,Cockburn's Special Reserve Port,75cl,£14.99,£14.99/75cl,,"Beer, Wine & Spirits"
386067,Rekorderlig Premium Strawberry-Lime Cider,G,true,461,https://ecom-su-static-prod.wtrecom.com/images/products/3/LN_386067_BP_3.jpg,https://www.waitrose.com/ecom/products/rekorderlig-premium-strawberry-lime-cider/386067-124903-124904,Rekorderlig Premium Strawberry-Lime Cider,500ml,£2.50,£5/litre,Add 3 for £6,"Beer, Wine & Spirits"
876284,Cairanne Cru des Côtes du Rhône Réserve Hospitaliers,W,false,462,https://ecom-su-static-prod.wtrecom.com/images/products/3/LN_876284_BP_3.jpg,https://www.waitrose.com/ecom/products/cairanne-cru-des-cotes-du-rhone-reserve-hospitaliers/876284-648314-648315,Cairanne Cru des Côtes du Rhône Réserve Hospitaliers,75cl,£12.99,£12.99/75cl,,"Beer, Wine & Spirits"
084937,"Fief Guérin Muscadet Côtes De Grandlieu Sur Lie, France",W,false,463,https://ecom-su-static-prod.wtrecom.com/images/products/3/LN_084937_BP_3.jpg,https://www.waitrose.com/ecom/products/fief-guerin-muscadet-cotes-de-grandlieu-sur-lie-france/084937-43069-43070,"Fief Guérin Muscadet Côtes De Grandlieu Sur Lie, France",75cl,£9.99,£9.99/75cl,,"Beer, Wine & Spirits"
705934,Havana Club 7 Year Old Dark Rum,G,false,464,https://ecom-su-static-prod.wtrecom.com/images/products/3/LN_705934_BP_3.jpg,https://www.waitrose.com/ecom/products/havana-club-7-year-old-dark-rum/705934-100245-100246,Havana Club 7 Year Old Dark Rum,70cl,£29.50,£42.15/litre,,"Beer, Wine & Spirits"
622744,Madri,G,false,465,https://ecom-su-static-prod.wtrecom.com/images/products/3/LN_622744_BP_3.jpg,https://www.waitrose.com/ecom/products/madri/622744-791119-791120,Madri,4x440ml,£6.25,£3.56/litre,,"Beer, Wine & Spirits"
469316,Badger Poacher's Choice England,G,true,466,https://ecom-su-static-prod.wtrecom.com/images/products/3/LN_469316_BP_3.jpg,https://www.waitrose.com/ecom/products/badger-poachers-choice-england/469316-66153-66154,Badger Poacher's Choice England,500ml,£2.25,£4.50/litre,Add 4 for £7,"Beer, Wine & Spirits"
063123,Armagnac XO Domaine Tariquet,G,false,467,https://ecom-su-static-prod.wtrecom.com/images/products/3/LN_063123_BP_3.jpg,https://www.waitrose.com/ecom/products/armagnac-xo-domaine-tariquet/063123-32067-32068,Armagnac XO Domaine Tariquet,70cl,£37.00,£52.86/litre,,"Beer, Wine & Spirits"
052769,Cune Rioja Blanco Barrel-Fermented,W,true,468,https://ecom-su-static-prod.wtrecom.com/images/products/3/LN_052769_BP_3.jpg,https://www.waitrose.com/ecom/products/cune-rioja-blanco-barrel-fermented/052769-26305-26306,Cune Rioja Blanco Barrel-Fermented,75cl,£8.99,£8.99/75cl,save £2.00. Was £10.99,"Beer, Wine & Spirits"
741941,Aspall Crisp Apple Cans,G,false,469,https://ecom-su-static-prod.wtrecom.com/images/products/3/LN_741941_BP_3.jpg,https://www.waitrose.com/ecom/products/aspall-crisp-apple-cans/741941-822203-822204,Aspall Crisp Apple Cans,4x330ml,£5.25,£3.98/litre,,"Beer, Wine & Spirits"
098578,Waitrose Ruby Port,W,false,470,https://ecom-su-static-prod.wtrecom.com/images/products/3/LN_098578_BP_3.jpg,https://www.waitrose.com/ecom/products/waitrose-ruby-port/098578-50283-50284,Waitrose Ruby Port,75cl,£9.49,£9.49/75cl,,"Beer, Wine & Spirits"
484293,Waitrose Rosé Champagne Brut NV,W,false,471,https://ecom-su-static-prod.wtrecom.com/images/products/3/LN_484293_BP_3.jpg,https://www.waitrose.com/ecom/products/waitrose-rose-champagne-brut-nv/484293-769710-769711,Waitrose Rosé Champagne Brut NV,37.5cl,£16.99,£33.98/75cl,,"Beer, Wine & Spirits"
798121,Whitstable Bay Organic Ale Kent,G,true,472,https://ecom-su-static-prod.wtrecom.com/images/products/3/LN_798121_BP_3.jpg,https://www.waitrose.com/ecom/products/whitstable-bay-organic-ale-kent/798121-175316-175317,Whitstable Bay Organic Ale Kent,500ml,£2.25,£4.50/litre,Add 4 for £7,"Beer, Wine & Spirits"
733620,Budweiser Budvar,G,true,473,https://ecom-su-static-prod.wtrecom.com/images/products/3/LN_733620_BP_3.jpg,https://www.waitrose.com/ecom/products/budweiser-budvar/733620-662954-662955,Budweiser Budvar,6x330ml,£5.65,£2.86/litre,save £1.60. Was £7.25,"Beer, Wine & Spirits"
421144,Craigmoor Sauvignon Blanc,W,true,474,https://ecom-su-static-prod.wtrecom.com/images/products/3/LN_421144_BP_3.jpg,https://www.waitrose.com/ecom/products/craigmoor-sauvignon-blanc/421144-247027-247028,Craigmoor Sauvignon Blanc,75cl,£9.49,£9.49/75cl,Buyers Choice,"Beer, Wine & Spirits"
445254,Under The Sun Hazy Pale Ale,G,true,475,https://ecom-su-static-prod.wtrecom.com/images/products/3/LN_445254_BP_3.jpg,https://www.waitrose.com/ecom/products/under-the-sun-hazy-pale-ale/445254-786038-786039,Under The Sun Hazy Pale Ale,440ml,£2.75,£6.25/litre,Mix & Match Add 5 for 4 Cheapest Item Free,"Beer, Wine & Spirits"
658154,Cherry Chouffe,G,false,476,https://ecom-su-static-prod.wtrecom.com/images/products/3/LN_658154_BP_3.jpg,https://www.waitrose.com/ecom/products/cherry-chouffe/658154-815306-815307,Cherry Chouffe,330ml,£2.50,£7.58/litre,,"Beer, Wine & Spirits"
446796,Kona Big Wave Golden Ale,G,false,477,https://ecom-su-static-prod.wtrecom.com/images/products/3/LN_446796_BP_3.jpg,https://www.waitrose.com/ecom/products/kona-big-wave-golden-ale/446796-488283-488284,Kona Big Wave Golden Ale,355ml,£2.25,£6.34/litre,,"Beer, Wine & Spirits"
719588,Budweiser,G,false,478,https://ecom-su-static-prod.wtrecom.com/images/products/3/LN_719588_BP_3.jpg,https://www.waitrose.com/ecom/products/budweiser/719588-722343-722344,Budweiser,15x300ml,£15.00,£3.34/litre,,"Beer, Wine & Spirits"
658379,John Lewis Navy Stripe Bottle Bag,G,false,479,https://ecom-su-static-prod.wtrecom.com/images/products/3/LN_658379_BP_3.jpg,https://www.waitrose.com/ecom/products/john-lewis-navy-stripe-bottle-bag/658379-761287-761288,John Lewis Navy Stripe Bottle Bag,each,£1.50,£1.50 each,,"Beer, Wine & Spirits"
063121,Remy Martin VSOP Cognac Fine Champagne,G,false,480,https://ecom-su-static-prod.wtrecom.com/images/products/3/LN_063121_BP_3.jpg,https://www.waitrose.com/ecom/products/remy-martin-vsop-cognac-fine-champagne/063121-32065-32066,Remy Martin VSOP Cognac Fine Champagne,70cl,£48.00,£68.58/litre,,"Beer, Wine & Spirits"
758511,Kopparberg Alcohol Free Strawberry & Lime,G,true,481,https://ecom-su-static-prod.wtrecom.com/images/products/3/LN_758511_BP_3.jpg,https://www.waitrose.com/ecom/products/kopparberg-alcohol-free-strawberry-lime/758511-805727-805728,Kopparberg Alcohol Free Strawberry & Lime,4x330ml,£2.96,£2.25/litre,20% Off. Was £3.70,"Beer, Wine & Spirits"
875217,Waitrose Dry German Riesling,W,false,482,https://ecom-su-static-prod.wtrecom.com/images/products/3/LN_875217_BP_3.jpg,https://www.waitrose.com/ecom/products/waitrose-dry-german-riesling/875217-503140-503141,Waitrose Dry German Riesling,75cl,£8.49,£8.49/75cl,,"Beer, Wine & Spirits"
877411,Cardhu Gold Reserve Single Malt Scotch Whisky,G,false,483,https://ecom-su-static-prod.wtrecom.com/images/products/3/LN_877411_BP_3.jpg,https://www.waitrose.com/ecom/products/cardhu-gold-reserve-single-malt-scotch-whisky/877411-580362-580363,Cardhu Gold Reserve Single Malt Scotch Whisky,70cl,£49.00,£70/litre,,"Beer, Wine & Spirits"
525854,"La Perrière Pouilly-Fumé Loire, France",W,true,484,https://ecom-su-static-prod.wtrecom.com/images/products/3/LN_525854_BP_3.jpg,https://www.waitrose.com/ecom/products/la-perriere-pouilly-fume-loire-france/525854-74347-74348,"La Perrière Pouilly-Fumé Loire, France",75cl,£15.99,£15.99/75cl,save £3.00. Was £18.99,"Beer, Wine & Spirits"
063044,Kahlúa Coffee Liqueur,G,false,485,https://ecom-su-static-prod.wtrecom.com/images/products/3/LN_063044_BP_3.jpg,https://www.waitrose.com/ecom/products/kahlua-coffee-liqueur/063044-32023-32024,Kahlúa Coffee Liqueur,700ml,£17.50,£25/litre,,"Beer, Wine & Spirits"
638561,Alberto Nani Organic Prosecco DOC,W,false,486,https://ecom-su-static-prod.wtrecom.com/images/products/3/LN_638561_BP_3.jpg,https://www.waitrose.com/ecom/products/alberto-nani-organic-prosecco-doc/638561-784998-784999,Alberto Nani Organic Prosecco DOC,75cl,£12.99,£12.99/75cl,,"Beer, Wine & Spirits"
082394,Villa Antinori,W,true,487,https://ecom-su-static-prod.wtrecom.com/images/products/3/LN_082394_BP_3.jpg,https://www.waitrose.com/ecom/products/villa-antinori/082394-41915-41916,Villa Antinori,75cl,£13.99,£13.99/75cl,save £5.00. Was £18.99,"Beer, Wine & Spirits"
563000,Innis and Gunn Original,G,false,488,https://ecom-su-static-prod.wtrecom.com/images/products/3/LN_563000_BP_3.jpg,https://www.waitrose.com/ecom/products/innis-and-gunn-original/563000-815250-815251,Innis and Gunn Original,330ml,£2.25,£6.82/litre,,"Beer, Wine & Spirits"
624509,Luis Felipe Edwards Terraced Classic Merlot,W,true,489,https://ecom-su-static-prod.wtrecom.com/images/products/3/LN_624509_BP_3.jpg,https://www.waitrose.com/ecom/products/luis-felipe-edwards-terraced-classic-merlot/624509-749937-749938,Luis Felipe Edwards Terraced Classic Merlot,75cl,£6.49,£6.49/75cl,save £2.00. Was £8.49,"Beer, Wine & Spirits"
701392,No.1 Malbec,W,false,490,https://ecom-su-static-prod.wtrecom.com/images/products/3/LN_701392_BP_3.jpg,https://www.waitrose.com/ecom/products/no1-malbec/701392-756899-756900,No.1 Malbec,75cl,£14.99,£14.99/75cl,,"Beer, Wine & Spirits"
797719,Beefsteak Club Malbec Mendoza Argentina,W,false,491,https://ecom-su-static-prod.wtrecom.com/images/products/3/LN_797719_BP_3.jpg,https://www.waitrose.com/ecom/products/beefsteak-club-malbec-mendoza-argentina/797719-499478-499479,Beefsteak Club Malbec Mendoza Argentina,75cl,£7.99,£7.99/75cl,,"Beer, Wine & Spirits"
036309,Tanqueray London Dry Gin,G,true,492,https://ecom-su-static-prod.wtrecom.com/images/products/3/LN_036309_BP_3.jpg,https://www.waitrose.com/ecom/products/tanqueray-london-dry-gin/036309-18207-18208,Tanqueray London Dry Gin,70cl,£20.00,£28.58/litre,save £2.50. Was £22.50,"Beer, Wine & Spirits"
713746,Bombay Sapphire London Dry Gin,G,true,493,https://ecom-su-static-prod.wtrecom.com/images/products/3/LN_713746_BP_3.jpg,https://www.waitrose.com/ecom/products/bombay-sapphire-london-dry-gin/713746-756035-756036,Bombay Sapphire London Dry Gin,1L,£25.00,£25/litre,save £5.00. Was £30.00,"Beer, Wine & Spirits"
706542,Balvenie Caribbean Cask 14 Year Old Single Malt Whisky,G,false,494,https://ecom-su-static-prod.wtrecom.com/images/products/3/LN_706542_BP_3.jpg,https://www.waitrose.com/ecom/products/balvenie-caribbean-cask-14-year-old-single-malt-whisky/706542-683742-683743,Balvenie Caribbean Cask 14 Year Old Single Malt Whisky,70cl,£65.00,£92.86/litre,,"Beer, Wine & Spirits"
472770,Macerao Naranjo Orange,W,false,495,https://ecom-su-static-prod.wtrecom.com/images/products/3/LN_472770_BP_3.jpg,https://www.waitrose.com/ecom/products/macerao-naranjo-orange/472770-746747-746748,Macerao Naranjo Orange,75cl,£8.99,£8.99/75cl,,"Beer, Wine & Spirits"
636832,MOTH Old Fashioned,G,true,496,https://ecom-su-static-prod.wtrecom.com/images/products/3/LN_636832_BP_3.jpg,https://www.waitrose.com/ecom/products/moth-old-fashioned/636832-746573-746574,MOTH Old Fashioned,100ml,£3.99,£39.90/litre,Mix & Match Add 4 for 3 Cheapest Item Free,"Beer, Wine & Spirits"
031239,Spanish Brandy Torres 10 Year Old Gran Reserva,G,false,497,https://ecom-su-static-prod.wtrecom.com/images/products/3/LN_031239_BP_3.jpg,https://www.waitrose.com/ecom/products/spanish-brandy-torres-10-year-old-gran-reserva/031239-15239-15240,Spanish Brandy Torres 10 Year Old Gran Reserva,70cl,£23.00,£32.86/litre,,"Beer, Wine & Spirits"
690547,Howard Park Miamup Margaret River Chardonnay,W,true,498,https://ecom-su-static-prod.wtrecom.com/images/products/3/LN_690547_BP_3.jpg,https://www.waitrose.com/ecom/products/howard-park-miamup-margaret-river-chardonnay/690547-759134-759135,Howard Park Miamup Margaret River Chardonnay,75cl,£13.99,£13.99/75cl,Buyers Choice,"Beer, Wine & Spirits"
696738,Barbadillo Solear Manzanilla Sherry,W,false,499,https://ecom-su-static-prod.wtrecom.com/images/products/3/LN_696738_BP_3.jpg,https://www.waitrose.com/ecom/products/barbadillo-solear-manzanilla-sherry/696738-506256-506257,Barbadillo Solear Manzanilla Sherry,75cl,£12.99,£12.99/75cl,,"Beer, Wine & Spirits"
669500,Luis Felipe Edwards Reserva Viognier,W,true,500,https://ecom-su-static-prod.wtrecom.com/images/products/3/LN_669500_BP_3.jpg,https://www.waitrose.com/ecom/products/luis-felipe-edwards-reserva-viognier/669500-648148-648149,Luis Felipe Edwards Reserva Viognier,75cl,£7.99,£7.99/75cl,save £1.00. Was £8.99,"Beer, Wine & Spirits"
491772,Blind River Sauvignon Blanc Marlborough,W,true,501,https://ecom-su-static-prod.wtrecom.com/images/products/3/LN_491772_BP_3.jpg,https://www.waitrose.com/ecom/products/blind-river-sauvignon-blanc-marlborough/491772-771555-771556,Blind River Sauvignon Blanc Marlborough,75cl,£13.99,£13.99/75cl,Buyers Choice,"Beer, Wine & Spirits"
479623,"Torres Viña Sol Rosé Catalunya, Spain",W,true,502,https://ecom-su-static-prod.wtrecom.com/images/products/3/LN_479623_BP_3.jpg,https://www.waitrose.com/ecom/products/torres-vina-sol-rose-catalunya-spain/479623-67681-67682,"Torres Viña Sol Rosé Catalunya, Spain",75cl,£6.99,£6.99/75cl,save £2.00. Was £8.99,"Beer, Wine & Spirits"
398823,No.3 London Dry Gin,G,false,503,https://ecom-su-static-prod.wtrecom.com/images/products/3/LN_398823_BP_3.jpg,https://www.waitrose.com/ecom/products/no3-london-dry-gin/398823-136771-136772,No.3 London Dry Gin,700ml,£39.00,£55.72/litre,,"Beer, Wine & Spirits"
078276,Fuller's London Pride Amber Ale Single Bottle,G,true,504,https://ecom-su-static-prod.wtrecom.com/images/products/3/LN_078276_BP_3.jpg,https://www.waitrose.com/ecom/products/fullers-london-pride-amber-ale-single-bottle/078276-39845-39846,Fuller's London Pride Amber Ale Single Bottle,500ml,£2.50,£5/litre,Add 3 for £5.75,"Beer, Wine & Spirits"
846640,Thatchers Haze Cloudy Cider,G,true,505,https://ecom-su-static-prod.wtrecom.com/images/products/3/LN_846640_BP_3.jpg,https://www.waitrose.com/ecom/products/thatchers-haze-cloudy-cider/846640-663190-663191,Thatchers Haze Cloudy Cider,4x440ml,£4.75,£2.70/litre,save 50p. Was £5.25,"Beer, Wine & Spirits"
786456,Chase Pink Grapefruit & Pomelo Flavoured Gin,G,true,506,https://ecom-su-static-prod.wtrecom.com/images/products/3/LN_786456_BP_3.jpg,https://www.waitrose.com/ecom/products/chase-pink-grapefruit-pomelo-flavoured-gin/786456-683798-683799,Chase Pink Grapefruit & Pomelo Flavoured Gin,70cl,£20.00,£28.58/litre,save £10.50. Was £30.50,"Beer, Wine & Spirits"
447567,Zacharias Assyrtiko,W,false,507,https://ecom-su-static-prod.wtrecom.com/images/products/3/LN_447567_BP_3.jpg,https://www.waitrose.com/ecom/products/zacharias-assyrtiko/447567-804412-804413,Zacharias Assyrtiko,75cl,£12.99,£12.99/75cl,,"Beer, Wine & Spirits"
062132,Jack Daniel's Old No.7 Tennessee Whiskey,G,false,508,https://ecom-su-static-prod.wtrecom.com/images/products/3/LN_062132_BP_3.jpg,https://www.waitrose.com/ecom/products/jack-daniels-old-no7-tennessee-whiskey/062132-31485-31486,Jack Daniel's Old No.7 Tennessee Whiskey,70cl,£28.00,£40/litre,,"Beer, Wine & Spirits"
837931,Daura Damm Gluten Free,G,false,509,https://ecom-su-static-prod.wtrecom.com/images/products/3/LN_837931_BP_3.jpg,https://www.waitrose.com/ecom/products/daura-damm-gluten-free/837931-745541-745542,Daura Damm Gluten Free,330ml,£2.25,£6.82/litre,,"Beer, Wine & Spirits"
017879,Calvet Bordeaux Cuvee du Cap Sauvignon Blanc,W,true,510,https://ecom-su-static-prod.wtrecom.com/images/products/3/LN_017879_BP_3.jpg,https://www.waitrose.com/ecom/products/calvet-bordeaux-cuvee-du-cap-sauvignon-blanc/017879-8666-8667,Calvet Bordeaux Cuvee du Cap Sauvignon Blanc,75cl,£7.49,£7.49/75cl,save £1.50. Was £8.99,"Beer, Wine & Spirits"
087345,Duchy Organic Vintage Cider,G,true,511,https://ecom-su-static-prod.wtrecom.com/images/products/3/LN_087345_BP_3.jpg,https://www.waitrose.com/ecom/products/duchy-organic-vintage-cider/087345-44628-44629,Duchy Organic Vintage Cider,500ml,£2.50,£5/litre,Add 2 for £3.50,"Beer, Wine & Spirits"
805282,Chateau Capendu La Comelle,W,false,512,https://ecom-su-static-prod.wtrecom.com/images/products/3/LN_805282_BP_3.jpg,https://www.waitrose.com/ecom/products/chateau-capendu-la-comelle/805282-730396-730397,Chateau Capendu La Comelle,75cl,£8.99,£8.99/75cl,,"Beer, Wine & Spirits"
583079,San Leo Nerello Masca Mascalese Garganega Rosato NV,W,true,513,https://ecom-su-static-prod.wtrecom.com/images/products/3/LN_583079_BP_3.jpg,https://www.waitrose.com/ecom/products/san-leo-nerello-masca-mascalese-garganega-rosato-nv/583079-82657-82658,San Leo Nerello Masca Mascalese Garganega Rosato NV,75cl,£7.49,£7.49/75cl,save £3.00. Was £10.49,"Beer, Wine & Spirits"
590805,Little Giant Coonawarra Cabernet Sauvignon,W,false,514,https://ecom-su-static-prod.wtrecom.com/images/products/3/LN_590805_BP_3.jpg,https://www.waitrose.com/ecom/products/little-giant-coonawarra-cabernet-sauvignon/590805-783658-783659,Little Giant Coonawarra Cabernet Sauvignon,75cl,£12.99,£12.99/75cl,,"Beer, Wine & Spirits"
866073,Badger Golden Glory,G,true,515,https://ecom-su-static-prod.wtrecom.com/images/products/3/LN_866073_BP_3.jpg,https://www.waitrose.com/ecom/products/badger-golden-glory/866073-826202-826203,Badger Golden Glory,500ml,£2.25,£4.50/litre,Add 4 for £7,"Beer, Wine & Spirits"
713697,"Waitrose Vina Taboexa Albariño Galicia, Spain",W,false,516,https://ecom-su-static-prod.wtrecom.com/images/products/3/LN_713697_BP_3.jpg,https://www.waitrose.com/ecom/products/waitrose-vina-taboexa-albarino-galicia-spain/713697-350237-350238,"Waitrose Vina Taboexa Albariño Galicia, Spain",75cl,£11.99,£11.99/75cl,,"Beer, Wine & Spirits"
489731,Zalze Shiraz - Mourvèdre Viognier,W,true,517,https://ecom-su-static-prod.wtrecom.com/images/products/3/LN_489731_BP_3.jpg,https://www.waitrose.com/ecom/products/zalze-shiraz-mourvedre-viognier/489731-69211-69212,Zalze Shiraz - Mourvèdre Viognier,75cl,£7.99,£7.99/75cl,save £2.00. Was £9.99,"Beer, Wine & Spirits"
756643,Château Maris Organic Les Planels,W,false,518,https://ecom-su-static-prod.wtrecom.com/images/products/3/LN_756643_BP_3.jpg,https://www.waitrose.com/ecom/products/chateau-maris-organic-les-planels/756643-674879-674880,Château Maris Organic Les Planels,75cl,£18.99,£18.99/75cl,,"Beer, Wine & Spirits"
083227,Cave de Beblenheim Pinot Gris Reserve,W,false,519,https://ecom-su-static-prod.wtrecom.com/images/products/3/LN_083227_BP_3.jpg,https://www.waitrose.com/ecom/products/cave-de-beblenheim-pinot-gris-reserve/083227-42283-42284,Cave de Beblenheim Pinot Gris Reserve,75cl,£11.99,£11.99/75cl,,"Beer, Wine & Spirits"
594091,Lucky Saint Alcohol Free Lager,G,true,520,https://ecom-su-static-prod.wtrecom.com/images/products/3/LN_594091_BP_3.jpg,https://www.waitrose.com/ecom/products/lucky-saint-alcohol-free-lager/594091-814657-814658,Lucky Saint Alcohol Free Lager,12x330ml,£14.00,£3.54/litre,save £3.00. Was £17.00,"Beer, Wine & Spirits"
075985,Cune Rioja Reserva,W,true,521,https://ecom-su-static-prod.wtrecom.com/images/products/3/LN_075985_BP_3.jpg,https://www.waitrose.com/ecom/products/cune-rioja-reserva/075985-38554-38555,Cune Rioja Reserva,75cl,£10.99,£10.99/75cl,save £3.50. Was £14.49,"Beer, Wine & Spirits"
823086,Menabrea Birra Bionda Premium Lager,G,true,522,https://ecom-su-static-prod.wtrecom.com/images/products/3/LN_823086_BP_3.jpg,https://www.waitrose.com/ecom/products/menabrea-birra-bionda-premium-lager/823086-791231-791232,Menabrea Birra Bionda Premium Lager,660ml,£2.15,£3.26/litre,save 65p. Was £2.80,"Beer, Wine & Spirits"
642359,Graham Beck Rosé Brut,W,true,523,https://ecom-su-static-prod.wtrecom.com/images/products/3/LN_642359_BP_3.jpg,https://www.waitrose.com/ecom/products/graham-beck-rose-brut/642359-800346-800347,Graham Beck Rosé Brut,75cl,£13.99,£13.99/75cl,save £3.00. Was £16.99,"Beer, Wine & Spirits"
837882,Château Margerots Bordeaux Supérieur,W,true,524,https://ecom-su-static-prod.wtrecom.com/images/products/3/LN_837882_BP_3.jpg,https://www.waitrose.com/ecom/products/chateau-margerots-bordeaux-superieur/837882-761624-761625,Château Margerots Bordeaux Supérieur,75cl,£7.99,£7.99/75cl,save £3.00. Was £10.99,"Beer, Wine & Spirits"
585513,Bloody Drinks Classic Bloody Mary,G,true,525,https://ecom-su-static-prod.wtrecom.com/images/products/3/LN_585513_BP_3.jpg,https://www.waitrose.com/ecom/products/bloody-drinks-classic-bloody-mary/585513-776714-776715,Bloody Drinks Classic Bloody Mary,250ml,£3.35,£13.40/litre,Mix & Match Add 4 for 3 Cheapest Item Free,"Beer, Wine & Spirits"
810288,White Claw Hard Seltzer Black Cherry,G,true,526,https://ecom-su-static-prod.wtrecom.com/images/products/3/LN_810288_BP_3.jpg,https://www.waitrose.com/ecom/products/white-claw-hard-seltzer-black-cherry/810288-756137-756138,White Claw Hard Seltzer Black Cherry,330ml,£2.20,£6.67/litre,Mix & Match Add 4 for 3 Cheapest Item Free,"Beer, Wine & Spirits"
747522,Camden Hells,G,true,527,https://ecom-su-static-prod.wtrecom.com/images/products/3/LN_747522_BP_3.jpg,https://www.waitrose.com/ecom/products/camden-hells/747522-786286-786287,Camden Hells,12x330ml,£14.00,£3.54/litre,save £3.00. Was £17.00,"Beer, Wine & Spirits"
083120,Cave de Lugny Les Charmes Mâcon-Lugny,W,false,528,https://ecom-su-static-prod.wtrecom.com/images/products/3/LN_083120_BP_3.jpg,https://www.waitrose.com/ecom/products/cave-de-lugny-les-charmes-macon-lugny/083120-42237-42238,Cave de Lugny Les Charmes Mâcon-Lugny,75cl,£16.99,£16.99/75cl,,"Beer, Wine & Spirits"
027839,Mount Gay Eclipse Barbados Golden Rum,G,false,529,https://ecom-su-static-prod.wtrecom.com/images/products/3/LN_027839_BP_3.jpg,https://www.waitrose.com/ecom/products/mount-gay-eclipse-barbados-golden-rum/027839-13545-13546,Mount Gay Eclipse Barbados Golden Rum,700ml,£26.00,£37.15/litre,,"Beer, Wine & Spirits"
885524,Wiper and True Pale Ale Kaleidoscope,G,true,530,https://ecom-su-static-prod.wtrecom.com/images/products/3/LN_885524_BP_3.jpg,https://www.waitrose.com/ecom/products/wiper-and-true-pale-ale-kaleidoscope/885524-744153-744154,Wiper and True Pale Ale Kaleidoscope,440ml,£3.25,£7.39/litre,Mix & Match Add 5 for 4 Cheapest Item Free,"Beer, Wine & Spirits"
674103,Johann Wolf Pinot Noir Rosé Pfalz Germany,W,false,531,https://ecom-su-static-prod.wtrecom.com/images/products/3/LN_674103_BP_3.jpg,https://www.waitrose.com/ecom/products/johann-wolf-pinot-noir-rose-pfalz-germany/674103-343264-343265,Johann Wolf Pinot Noir Rosé Pfalz Germany,75cl,£10.99,£10.99/75cl,,"Beer, Wine & Spirits"
863788,Waitrose Fairtrade Chenin Blanc,W,false,532,https://ecom-su-static-prod.wtrecom.com/images/products/3/LN_863788_BP_3.jpg,https://www.waitrose.com/ecom/products/waitrose-fairtrade-chenin-blanc/863788-706775-706776,Waitrose Fairtrade Chenin Blanc,75cl,£8.99,£8.99/75cl,,"Beer, Wine & Spirits"
829602,Tiki Ridge Pinot Noir Malborough Reserve,W,false,533,https://ecom-su-static-prod.wtrecom.com/images/products/3/LN_829602_BP_3.jpg,https://www.waitrose.com/ecom/products/tiki-ridge-pinot-noir-malborough-reserve/829602-795170-795171,Tiki Ridge Pinot Noir Malborough Reserve,75cl,£12.99,£12.99/75cl,,"Beer, Wine & Spirits"
779584,Kaapzicht Estate Bush Vine Chenin Blanc Stellenbosch,W,false,534,https://ecom-su-static-prod.wtrecom.com/images/products/3/LN_779584_BP_3.jpg,https://www.waitrose.com/ecom/products/kaapzicht-estate-bush-vine-chenin-blanc-stellenbosch/779584-658611-658612,Kaapzicht Estate Bush Vine Chenin Blanc Stellenbosch,75cl,£14.99,£14.99/75cl,,"Beer, Wine & Spirits"
772225,Cruzcampo Sevilla Lager Beer Bottle Large,G,true,535,https://ecom-su-static-prod.wtrecom.com/images/products/3/LN_772225_BP_3.jpg,https://www.waitrose.com/ecom/products/cruzcampo-sevilla-lager-beer-bottle-large/772225-815365-815366,Cruzcampo Sevilla Lager Beer Bottle Large,660ml,£2.75,£4.17/litre,Add 3 for £7,"Beer, Wine & Spirits"
561065,Crux Sauvignon Blanc Marlborough New Zealand,W,true,536,https://ecom-su-static-prod.wtrecom.com/images/products/3/LN_561065_BP_3.jpg,https://www.waitrose.com/ecom/products/crux-sauvignon-blanc-marlborough-new-zealand/561065-665456-665457,Crux Sauvignon Blanc Marlborough New Zealand,75cl,£8.99,£8.99/75cl,save £4.00. Was £12.99,"Beer, Wine & Spirits"
800486,Baron de Ley Club Privado Reserva Rioja,W,false,537,https://ecom-su-static-prod.wtrecom.com/images/products/3/LN_800486_BP_3.jpg,https://www.waitrose.com/ecom/products/baron-de-ley-club-privado-reserva-rioja/800486-712291-712292,Baron de Ley Club Privado Reserva Rioja,75cl,£13.99,£13.99/75cl,,"Beer, Wine & Spirits"
523388,St. Austell Brewery Proper Job,G,false,538,https://ecom-su-static-prod.wtrecom.com/images/products/3/LN_523388_BP_3.jpg,https://www.waitrose.com/ecom/products/st-austell-brewery-proper-job/523388-757323-757324,St. Austell Brewery Proper Job,4x440ml,£6.50,£3.70/litre,,"Beer, Wine & Spirits"
484295,Waitrose Loved & Found Treixadura,W,false,539,https://ecom-su-static-prod.wtrecom.com/images/products/3/LN_484295_BP_3.jpg,https://www.waitrose.com/ecom/products/waitrose-loved-found-treixadura/484295-783634-783635,Waitrose Loved & Found Treixadura,75cl,£8.99,£8.99/75cl,,"Beer, Wine & Spirits"
582243,Kopparberg Variety Pack Cans,G,false,540,https://ecom-su-static-prod.wtrecom.com/images/products/3/LN_582243_BP_3.jpg,https://www.waitrose.com/ecom/products/kopparberg-variety-pack-cans/582243-822137-822138,Kopparberg Variety Pack Cans,10x330ml,£13.50,£4.10/litre,,"Beer, Wine & Spirits"
651690,Gosset Grande Reserve Brut Champagne,W,false,541,https://ecom-su-static-prod.wtrecom.com/images/products/3/LN_651690_BP_3.jpg,https://www.waitrose.com/ecom/products/gosset-grande-reserve-brut-champagne/651690-709151-709152,Gosset Grande Reserve Brut Champagne,75cl,£54.99,£54.99/75cl,,"Beer, Wine & Spirits"
883949,Elephant in the Room Pinot Noir,W,true,542,https://ecom-su-static-prod.wtrecom.com/images/products/3/LN_883949_BP_3.jpg,https://www.waitrose.com/ecom/products/elephant-in-the-room-pinot-noir/883949-783720-783721,Elephant in the Room Pinot Noir,75cl,£8.49,£8.49/75cl,save £2.50. Was £10.99,"Beer, Wine & Spirits"
060147,John Smith's Extra Smooth Ale Can 4PK,G,true,543,https://ecom-su-static-prod.wtrecom.com/images/products/3/LN_060147_BP_3.jpg,https://www.waitrose.com/ecom/products/john-smiths-extra-smooth-ale-can-4pk/060147-30376-30377,John Smith's Extra Smooth Ale Can 4PK,4x440ml,£4.50,£2.56/litre,save 75p. Was £5.25,"Beer, Wine & Spirits"
629920,First Cape Bush Vine Chenin Blanc,W,false,544,https://ecom-su-static-prod.wtrecom.com/images/products/3/LN_629920_BP_3.jpg,https://www.waitrose.com/ecom/products/first-cape-bush-vine-chenin-blanc/629920-436947-436948,First Cape Bush Vine Chenin Blanc,75cl,£7.99,£7.99/75cl,,"Beer, Wine & Spirits"
030221,The Glenlivet 12 Year Old Single Malt Scotch Whisky,G,false,545,https://ecom-su-static-prod.wtrecom.com/images/products/3/LN_030221_BP_3.jpg,https://www.waitrose.com/ecom/products/the-glenlivet-12-year-old-single-malt-scotch-whisky/030221-14763-14764,The Glenlivet 12 Year Old Single Malt Scotch Whisky,70cl,£45.00,£64.29/litre,,"Beer, Wine & Spirits"
572853,Guinness Draught Stout Beer Cans 8PK,G,true,546,https://ecom-su-static-prod.wtrecom.com/images/products/3/LN_572853_BP_3.jpg,https://www.waitrose.com/ecom/products/guinness-draught-stout-beer-cans-8pk/572853-804110-804111,Guinness Draught Stout Beer Cans 8PK,8x440ml,£10.00,£2.85/litre,save £2.50. Was £12.50,"Beer, Wine & Spirits"
062145,Laphroaig 10 Year Old Single Malt Whisky,G,false,547,https://ecom-su-static-prod.wtrecom.com/images/products/3/LN_062145_BP_3.jpg,https://www.waitrose.com/ecom/products/laphroaig-10-year-old-single-malt-whisky/062145-31497-31498,Laphroaig 10 Year Old Single Malt Whisky,70cl,£43.00,£61.43/litre,,"Beer, Wine & Spirits"
485090,Talisker 10 YO Single Malt Scotch Whisky Bottle with Box,G,false,548,https://ecom-su-static-prod.wtrecom.com/images/products/3/LN_485090_BP_3.jpg,https://www.waitrose.com/ecom/products/talisker-10-yo-single-malt-scotch-whisky-bottle-with-box/485090-755845-755846,Talisker 10 YO Single Malt Scotch Whisky Bottle with Box,70cl,£52.00,£74.29/litre,,"Beer, Wine & Spirits"
564543,Brooklyn Pilsner Beer Cans,G,false,549,https://ecom-su-static-prod.wtrecom.com/images/products/3/LN_564543_BP_3.jpg,https://www.waitrose.com/ecom/products/brooklyn-pilsner-beer-cans/564543-791095-791096,Brooklyn Pilsner Beer Cans,6x330ml,£7.00,£3.54/litre,,"Beer, Wine & Spirits"
606461,Yellowtail Malbec,W,false,550,https://ecom-su-static-prod.wtrecom.com/images/products/3/LN_606461_BP_3.jpg,https://www.waitrose.com/ecom/products/yellowtail-malbec/606461-823643-823644,Yellowtail Malbec,75cl,£7.99,£7.99/75cl,,"Beer, Wine & Spirits"
586320,Tanqueray Alcohol Free 0.0 Spirit,G,false,551,https://ecom-su-static-prod.wtrecom.com/images/products/3/LN_586320_BP_3.jpg,https://www.waitrose.com/ecom/products/tanqueray-alcohol-free-00-spirit/586320-755933-755934,Tanqueray Alcohol Free 0.0 Spirit,70cl,£18.00,£25.72/litre,,"Beer, Wine & Spirits"
895053,Pinot Gris Urmeer Löss,W,true,552,https://ecom-su-static-prod.wtrecom.com/images/products/3/LN_895053_BP_3.jpg,https://www.waitrose.com/ecom/products/pinot-gris-urmeer-loss/895053-581710-581711,Pinot Gris Urmeer Löss,75cl,£9.49,£9.49/75cl,Buyers Choice,"Beer, Wine & Spirits"
889176,Brooklyn Pilsner,G,false,553,https://ecom-su-static-prod.wtrecom.com/images/products/3/LN_889176_BP_3.jpg,https://www.waitrose.com/ecom/products/brooklyn-pilsner/889176-803845-803846,Brooklyn Pilsner,12x330ml,£10.00,£2.53/litre,,"Beer, Wine & Spirits"
831363,Freixenet Cordon Negro Brut Cava,W,false,554,https://ecom-su-static-prod.wtrecom.com/images/products/3/LN_831363_BP_3.jpg,https://www.waitrose.com/ecom/products/freixenet-cordon-negro-brut-cava/831363-805833-805834,Freixenet Cordon Negro Brut Cava,75cl,£10.99,£10.99/75cl,,"Beer, Wine & Spirits"
538752,Birra Moretti Sale Di Mare Unfiltered Lager Beer Bottle 4PK,G,false,555,https://ecom-su-static-prod.wtrecom.com/images/products/3/LN_538752_BP_3.jpg,https://www.waitrose.com/ecom/products/birra-moretti-sale-di-mare-unfiltered-lager-beer-bottle-4pk/538752-822121-822122,Birra Moretti Sale Di Mare Unfiltered Lager Beer Bottle 4PK,4x330ml,£7.00,£5.31/litre,,"Beer, Wine & Spirits"
823719,Melini Chianti Classico,W,true,556,https://ecom-su-static-prod.wtrecom.com/images/products/3/LN_823719_BP_3.jpg,https://www.waitrose.com/ecom/products/melini-chianti-classico/823719-783696-783697,Melini Chianti Classico,75cl,£8.99,£8.99/75cl,save £4.00. Was £12.99,"Beer, Wine & Spirits"
057736,Cave de Turckheim Gewurztraminer,W,false,557,https://ecom-su-static-prod.wtrecom.com/images/products/3/LN_057736_BP_3.jpg,https://www.waitrose.com/ecom/products/cave-de-turckheim-gewurztraminer/057736-29006-29007,Cave de Turckheim Gewurztraminer,75cl,£11.49,£11.49/75cl,,"Beer, Wine & Spirits"
516321,Waitrose Blended Scotch Whisky,G,false,558,https://ecom-su-static-prod.wtrecom.com/images/products/3/LN_516321_BP_3.jpg,https://www.waitrose.com/ecom/products/waitrose-blended-scotch-whisky/516321-152515-152516,Waitrose Blended Scotch Whisky,70cl,£15.50,£22.15/litre,,"Beer, Wine & Spirits"
089364,Lanson Brut Rosé Champagne,W,true,559,https://ecom-su-static-prod.wtrecom.com/images/products/3/LN_089364_BP_3.jpg,https://www.waitrose.com/ecom/products/lanson-brut-rose-champagne/089364-46048-46049,Lanson Brut Rosé Champagne,75cl,£37.99,£37.99/75cl,save £10.00. Was £47.99,"Beer, Wine & Spirits"
638234,Hobgoblin Gold Ale Bottle,G,false,560,https://ecom-su-static-prod.wtrecom.com/images/products/3/LN_638234_BP_3.jpg,https://www.waitrose.com/ecom/products/hobgoblin-gold-ale-bottle/638234-361827-361828,Hobgoblin Gold Ale Bottle,500ml,£2.00,£4/litre,,"Beer, Wine & Spirits"
063002,Malibu Caribbean White Rum with Coconut Flavour,G,false,561,https://ecom-su-static-prod.wtrecom.com/images/products/3/LN_063002_BP_3.jpg,https://www.waitrose.com/ecom/products/malibu-caribbean-white-rum-with-coconut-flavour/063002-31985-31986,Malibu Caribbean White Rum with Coconut Flavour,70cl,£16.75,£23.93/litre,,"Beer, Wine & Spirits"
082374,Errazuriz Estate Cabernet Sauvignon,W,true,562,https://ecom-su-static-prod.wtrecom.com/images/products/3/LN_082374_BP_3.jpg,https://www.waitrose.com/ecom/products/errazuriz-estate-cabernet-sauvignon/082374-41905-41906,Errazuriz Estate Cabernet Sauvignon,75cl,£7.99,£7.99/75cl,save £1.00. Was £8.99,"Beer, Wine & Spirits"
610693,Sancerre Les Marennes,W,true,563,https://ecom-su-static-prod.wtrecom.com/images/products/3/LN_610693_BP_3.jpg,https://www.waitrose.com/ecom/products/sancerre-les-marennes/610693-336162-336163,Sancerre Les Marennes,75cl,£16.99,£16.99/75cl,save £3.00. Was £19.99,"Beer, Wine & Spirits"
669385,Wolf Blass Yellow Label Chardonnay,W,true,564,https://ecom-su-static-prod.wtrecom.com/images/products/3/LN_669385_BP_3.jpg,https://www.waitrose.com/ecom/products/wolf-blass-yellow-label-chardonnay/669385-770116-770117,Wolf Blass Yellow Label Chardonnay,75cl,£7.99,£7.99/75cl,save £1.00. Was £8.99,"Beer, Wine & Spirits"
544365,Beefsteak Club Malbec Rosé,W,false,565,https://ecom-su-static-prod.wtrecom.com/images/products/3/LN_544365_BP_3.jpg,https://www.waitrose.com/ecom/products/beefsteak-club-malbec-rose/544365-753863-753864,Beefsteak Club Malbec Rosé,75cl,£8.99,£8.99/75cl,,"Beer, Wine & Spirits"
060166,Theakston Old Peculier Yorkshire,G,false,566,https://ecom-su-static-prod.wtrecom.com/images/products/3/LN_060166_BP_3.jpg,https://www.waitrose.com/ecom/products/theakston-old-peculier-yorkshire/060166-30392-30393,Theakston Old Peculier Yorkshire,500ml,£2.20,£4.40/litre,,"Beer, Wine & Spirits"
026120,Belvedere Organic Vodka,G,false,567,https://ecom-su-static-prod.wtrecom.com/images/products/3/LN_026120_BP_3.jpg,https://www.waitrose.com/ecom/products/belvedere-organic-vodka/026120-12709-12710,Belvedere Organic Vodka,70cl,£39.00,£55.72/litre,,"Beer, Wine & Spirits"
818139,Tread Softly Rosé,W,false,568,https://ecom-su-static-prod.wtrecom.com/images/products/3/LN_818139_BP_3.jpg,https://www.waitrose.com/ecom/products/tread-softly-rose/818139-822833-822834,Tread Softly Rosé,75cl,£9.99,£9.99/75cl,,"Beer, Wine & Spirits"
841516,White Claw Hard Seltzer Natural Lime,G,true,569,https://ecom-su-static-prod.wtrecom.com/images/products/3/LN_841516_BP_3.jpg,https://www.waitrose.com/ecom/products/white-claw-hard-seltzer-natural-lime/841516-756173-756174,White Claw Hard Seltzer Natural Lime,330ml,£2.20,£6.67/litre,Mix & Match Add 4 for 3 Cheapest Item Free,"Beer, Wine & Spirits"
884902,Sorcova Pinot Noir,W,false,570,https://ecom-su-static-prod.wtrecom.com/images/products/3/LN_884902_BP_3.jpg,https://www.waitrose.com/ecom/products/sorcova-pinot-noir/884902-730498-730499,Sorcova Pinot Noir,75cl,£8.99,£8.99/75cl,,"Beer, Wine & Spirits"
718183,Golden Beers,G,false,571,https://ecom-su-static-prod.wtrecom.com/images/products/3/LN_718183_BP_3.jpg,https://www.waitrose.com/ecom/products/golden-beers/718183-804158-804159,Golden Beers,6x500ml,£12.00,£4/litre,,"Beer, Wine & Spirits"
654956,Northern Monk Heathen Hazy IPA,G,true,572,https://ecom-su-static-prod.wtrecom.com/images/products/3/LN_654956_BP_3.jpg,https://www.waitrose.com/ecom/products/northern-monk-heathen-hazy-ipa/654956-786208-786209,Northern Monk Heathen Hazy IPA,440ml,£4.25,£9.66/litre,Mix & Match Add 5 for 4 Cheapest Item Free,"Beer, Wine & Spirits"
753100,Hendrick's Grand Cabaret Gin,G,false,573,https://ecom-su-static-prod.wtrecom.com/images/products/3/LN_753100_BP_3.jpg,https://www.waitrose.com/ecom/products/hendricks-grand-cabaret-gin/753100-818939-818940,Hendrick's Grand Cabaret Gin,70cl,£32.50,£46.43/litre,,"Beer, Wine & Spirits"
522859,Stowford Press Westons Cider Herefordshire,G,false,574,https://ecom-su-static-prod.wtrecom.com/images/products/3/LN_522859_BP_3.jpg,https://www.waitrose.com/ecom/products/stowford-press-westons-cider-herefordshire/522859-271171-271172,Stowford Press Westons Cider Herefordshire,4x440ml,£4.00,£2.28/litre,,"Beer, Wine & Spirits"
818703,Erdinger Wheat Beer Bottle,G,true,575,https://ecom-su-static-prod.wtrecom.com/images/products/3/LN_818703_BP_3.jpg,https://www.waitrose.com/ecom/products/erdinger-wheat-beer-bottle/818703-692471-692472,Erdinger Wheat Beer Bottle,0.5L,£2.50,£5/litre,Add 2 for £4,"Beer, Wine & Spirits"
652920,Puklavec & Friends Sauvignon Blanc & Pinot Grigio,W,true,576,https://ecom-su-static-prod.wtrecom.com/images/products/3/LN_652920_BP_3.jpg,https://www.waitrose.com/ecom/products/puklavec-friends-sauvignon-blanc-pinot-grigio/652920-331247-331248,Puklavec & Friends Sauvignon Blanc & Pinot Grigio,75cl,£9.79,£9.79/75cl,Buyers Choice,"Beer, Wine & Spirits"
063030,Disaronno Originale Italian Liqueur,G,false,577,https://ecom-su-static-prod.wtrecom.com/images/products/3/LN_063030_BP_3.jpg,https://www.waitrose.com/ecom/products/disaronno-originale-italian-liqueur/063030-32011-32012,Disaronno Originale Italian Liqueur,500ml,£18.00,£36/litre,,"Beer, Wine & Spirits"
757164,Sipsmith London Dry Gin,G,true,578,https://ecom-su-static-prod.wtrecom.com/images/products/3/LN_757164_BP_3.jpg,https://www.waitrose.com/ecom/products/sipsmith-london-dry-gin/757164-107713-107714,Sipsmith London Dry Gin,70cl,£23.00,£32.86/litre,save £7.00. Was £30.00,"Beer, Wine & Spirits"
063101,Martell VS Fine Cognac,G,false,579,https://ecom-su-static-prod.wtrecom.com/images/products/3/LN_063101_BP_3.jpg,https://www.waitrose.com/ecom/products/martell-vs-fine-cognac/063101-32053-32054,Martell VS Fine Cognac,70cl,£34.00,£48.58/litre,,"Beer, Wine & Spirits"
433141,Old Mout Cider Pineapple & Raspberry Bottle Large,G,true,580,https://ecom-su-static-prod.wtrecom.com/images/products/3/LN_433141_BP_3.jpg,https://www.waitrose.com/ecom/products/old-mout-cider-pineapple-raspberry-bottle-large/433141-692544-692545,Old Mout Cider Pineapple & Raspberry Bottle Large,500ml,£2.50,£5/litre,Add 3 for £5.50,"Beer, Wine & Spirits"
742703,Chablis Esprit de Chablis,W,false,581,https://ecom-su-static-prod.wtrecom.com/images/products/3/LN_742703_BP_3.jpg,https://www.waitrose.com/ecom/products/chablis-esprit-de-chablis/742703-706585-706586,Chablis Esprit de Chablis,75cl,£17.99,£17.99/75cl,,"Beer, Wine & Spirits"
392045,Les Dauphins Côtes du Rhône Villages,W,true,582,https://ecom-su-static-prod.wtrecom.com/images/products/3/LN_392045_BP_3.jpg,https://www.waitrose.com/ecom/products/les-dauphins-cotes-du-rhone-villages/392045-141045-141046,Les Dauphins Côtes du Rhône Villages,75cl,£7.99,£7.99/75cl,save £3.00. Was £10.99,"Beer, Wine & Spirits"
548337,MOTH Cosmopolitan,G,true,583,https://ecom-su-static-prod.wtrecom.com/images/products/3/LN_548337_BP_3.jpg,https://www.waitrose.com/ecom/products/moth-cosmopolitan/548337-822723-822724,MOTH Cosmopolitan,125ml,£3.99,£31.92/litre,Mix & Match Add 4 for 3 Cheapest Item Free,"Beer, Wine & Spirits"
085371,Hine Rare Cognac,G,false,584,https://ecom-su-static-prod.wtrecom.com/images/products/3/LN_085371_BP_3.jpg,https://www.waitrose.com/ecom/products/hine-rare-cognac/085371-43428-43429,Hine Rare Cognac,70cl,£60.00,£85.72/litre,,"Beer, Wine & Spirits"
882484,Loriato Trebbiano,W,true,585,https://ecom-su-static-prod.wtrecom.com/images/products/3/LN_882484_BP_3.jpg,https://www.waitrose.com/ecom/products/loriato-trebbiano/882484-665782-665783,Loriato Trebbiano,75cl,£7.99,£7.99/75cl,save £1.00. Was £8.99,"Beer, Wine & Spirits"
605061,Baron De Ley Gran Reserva Rioja,W,false,586,https://ecom-su-static-prod.wtrecom.com/images/products/3/LN_605061_BP_3.jpg,https://www.waitrose.com/ecom/products/baron-de-ley-gran-reserva-rioja/605061-134587-134588,Baron De Ley Gran Reserva Rioja,75cl,£19.99,£19.99/75cl,,"Beer, Wine & Spirits"
562753,Badger Master Coffee Stoat,G,true,587,https://ecom-su-static-prod.wtrecom.com/images/products/3/LN_562753_BP_3.jpg,https://www.waitrose.com/ecom/products/badger-master-coffee-stoat/562753-815248-815249,Badger Master Coffee Stoat,500ml,£2.25,£4.50/litre,Add 4 for £7,"Beer, Wine & Spirits"
831902,Budweiser,G,true,588,https://ecom-su-static-prod.wtrecom.com/images/products/3/LN_831902_BP_3.jpg,https://www.waitrose.com/ecom/products/budweiser/831902-815407-815408,Budweiser,4x300ml,£3.50,£2.92/litre,save £1.00. Was £4.50,"Beer, Wine & Spirits"
508164,Sous Le Soleil Chardonnay Vin de France,W,false,589,https://ecom-su-static-prod.wtrecom.com/images/products/3/LN_508164_BP_3.jpg,https://www.waitrose.com/ecom/products/sous-le-soleil-chardonnay-vin-de-france/508164-464426-464427,Sous Le Soleil Chardonnay Vin de France,75cl,£6.99,£6.99/75cl,,"Beer, Wine & Spirits"
504100,Altano Organic Douro,W,true,590,https://ecom-su-static-prod.wtrecom.com/images/products/3/LN_504100_BP_3.jpg,https://www.waitrose.com/ecom/products/altano-organic-douro/504100-141146-141147,Altano Organic Douro,75cl,£9.99,£9.99/75cl,save £3.00. Was £12.99,"Beer, Wine & Spirits"
846864,Malfy Rosa Pink Grapefruit Flavoured Gin,G,true,591,https://ecom-su-static-prod.wtrecom.com/images/products/3/LN_846864_BP_3.jpg,https://www.waitrose.com/ecom/products/malfy-rosa-pink-grapefruit-flavoured-gin/846864-727797-727798,Malfy Rosa Pink Grapefruit Flavoured Gin,70cl,£25.00,£35.72/litre,save £6.50. Was £31.50,"Beer, Wine & Spirits"
700523,Bacardi Mango Mojito Premix Rum Cocktail,G,true,592,https://ecom-su-static-prod.wtrecom.com/images/products/3/LN_700523_BP_3.jpg,https://www.waitrose.com/ecom/products/bacardi-mango-mojito-premix-rum-cocktail/700523-805425-805426,Bacardi Mango Mojito Premix Rum Cocktail,250ml,£2.00,£8/litre,Mix & Match Add 4 for 3 Cheapest Item Free,"Beer, Wine & Spirits"
605047,Peroni Nastro Azzurro Stile Capri Beer Lager Bottles,G,false,593,https://ecom-su-static-prod.wtrecom.com/images/products/3/LN_605047_BP_3.jpg,https://www.waitrose.com/ecom/products/peroni-nastro-azzurro-stile-capri-beer-lager-bottles/605047-804120-804121,Peroni Nastro Azzurro Stile Capri Beer Lager Bottles,3x330ml,£5.00,£5.06/litre,,"Beer, Wine & Spirits"
838962,Waitrose Loved & Found Trincadeira,W,false,594,https://ecom-su-static-prod.wtrecom.com/images/products/3/LN_838962_BP_3.jpg,https://www.waitrose.com/ecom/products/waitrose-loved-found-trincadeira/838962-804522-804523,Waitrose Loved & Found Trincadeira,75cl,£8.99,£8.99/75cl,,"Beer, Wine & Spirits"
859883,Vault City Brewing Rhubarb & Custard,G,true,595,https://ecom-su-static-prod.wtrecom.com/images/products/3/LN_859883_BP_3.jpg,https://www.waitrose.com/ecom/products/vault-city-brewing-rhubarb-custard/859883-815442-815443,Vault City Brewing Rhubarb & Custard,440ml,£3.00,£6.82/litre,Mix & Match Add 5 for 4 Cheapest Item Free,"Beer, Wine & Spirits"
064410,Graham's Late-Bottled Vintage Port,W,false,596,https://ecom-su-static-prod.wtrecom.com/images/products/3/LN_064410_BP_3.jpg,https://www.waitrose.com/ecom/products/grahams-late-bottled-vintage-port/064410-32688-32689,Graham's Late-Bottled Vintage Port,75cl,£18.99,£18.99/75cl,,"Beer, Wine & Spirits"
068934,Chapel Down Bacchus,W,true,597,https://ecom-su-static-prod.wtrecom.com/images/products/3/LN_068934_BP_3.jpg,https://www.waitrose.com/ecom/products/chapel-down-bacchus/068934-34949-34950,Chapel Down Bacchus,75cl,£12.49,£12.49/75cl,save £2.50. Was £14.99,"Beer, Wine & Spirits"
734714,Henry Westons Organic Still Cider,G,false,598,https://ecom-su-static-prod.wtrecom.com/images/products/3/LN_734714_BP_3.jpg,https://www.waitrose.com/ecom/products/henry-westons-organic-still-cider/734714-776800-776801,Henry Westons Organic Still Cider,3L,£9.45,£3.15/litre,,"Beer, Wine & Spirits"
847005,La Carezza Pinot Nero Veneto,W,true,599,https://ecom-su-static-prod.wtrecom.com/images/products/3/LN_847005_BP_3.jpg,https://www.waitrose.com/ecom/products/la-carezza-pinot-nero-veneto/847005-718661-718662,La Carezza Pinot Nero Veneto,75cl,£8.99,£8.99/75cl,save £3.00. Was £11.99,"Beer, Wine & Spirits"
883982,Old Master Hen,G,false,600,https://ecom-su-static-prod.wtrecom.com/images/products/3/LN_883982_BP_3.jpg,https://www.waitrose.com/ecom/products/old-master-hen/883982-827002-827003,Old Master Hen,500ml,£1.50,£3/litre,,"Beer, Wine & Spirits"
572067,Haig Club Clubman Single Grain Scotch Whisky,G,false,601,https://ecom-su-static-prod.wtrecom.com/images/products/3/LN_572067_BP_3.jpg,https://www.waitrose.com/ecom/products/haig-club-clubman-single-grain-scotch-whisky/572067-547008-547009,Haig Club Clubman Single Grain Scotch Whisky,700ml,£31.00,£44.29/litre,,"Beer, Wine & Spirits"
050052,Azevedo Vinho Verde,W,true,602,https://ecom-su-static-prod.wtrecom.com/images/products/3/LN_050052_BP_3.jpg,https://www.waitrose.com/ecom/products/azevedo-vinho-verde/050052-24909-24910,Azevedo Vinho Verde,75cl,£8.99,£8.99/75cl,save £1.00. Was £9.99,"Beer, Wine & Spirits"
098469,Hogs Back Brewery T.E.A. England,G,true,603,https://ecom-su-static-prod.wtrecom.com/images/products/3/LN_098469_BP_3.jpg,https://www.waitrose.com/ecom/products/hogs-back-brewery-tea-england/098469-50237-50238,Hogs Back Brewery T.E.A. England,500ml,£2.20,£4.40/litre,Add 4 for £7,"Beer, Wine & Spirits"
643842,Louis Latour White Burgundy France,W,true,604,https://ecom-su-static-prod.wtrecom.com/images/products/3/LN_643842_BP_3.jpg,https://www.waitrose.com/ecom/products/louis-latour-white-burgundy-france/643842-91407-91408,Louis Latour White Burgundy France,75cl,£14.99,£14.99/75cl,save £3.00. Was £17.99,"Beer, Wine & Spirits"
406819,Doom Bar Amber Ale,G,false,605,https://ecom-su-static-prod.wtrecom.com/images/products/3/LN_406819_BP_3.jpg,https://www.waitrose.com/ecom/products/doom-bar-amber-ale/406819-757251-757252,Doom Bar Amber Ale,10x440ml,£12.50,£2.85/litre,,"Beer, Wine & Spirits"
566263,Campo Viejo Rioja Reserva Red Wine,W,true,606,https://ecom-su-static-prod.wtrecom.com/images/products/3/LN_566263_BP_3.jpg,https://www.waitrose.com/ecom/products/campo-viejo-rioja-reserva-red-wine/566263-732938-732939,Campo Viejo Rioja Reserva Red Wine,75cl,£8.99,£8.99/75cl,save £2.00. Was £10.99,"Beer, Wine & Spirits"
539272,No.1 Cederberg Syrah,W,false,607,https://ecom-su-static-prod.wtrecom.com/images/products/3/LN_539272_BP_3.jpg,https://www.waitrose.com/ecom/products/no1-cederberg-syrah/539272-712111-712112,No.1 Cederberg Syrah,75cl,£12.99,£12.99/75cl,,"Beer, Wine & Spirits"
598492,"Simpsons Estate Pinot Noir Rosé Kent, England",W,true,608,https://ecom-su-static-prod.wtrecom.com/images/products/3/LN_598492_BP_3.jpg,https://www.waitrose.com/ecom/products/simpsons-estate-pinot-noir-rose-kent-england/598492-696164-696165,"Simpsons Estate Pinot Noir Rosé Kent, England",75cl,£14.99,£14.99/75cl,Buyers Choice,"Beer, Wine & Spirits"
051334,Domaine Chatelain Pouilly-Fumé,W,false,609,https://ecom-su-static-prod.wtrecom.com/images/products/3/LN_051334_BP_3.jpg,https://www.waitrose.com/ecom/products/domaine-chatelain-pouilly-fume/051334-25551-25552,Domaine Chatelain Pouilly-Fumé,75cl,£17.99,£17.99/75cl,,"Beer, Wine & Spirits"
816131,Carlsberg Export Lager Cans,G,false,610,https://ecom-su-static-prod.wtrecom.com/images/products/3/LN_816131_BP_3.jpg,https://www.waitrose.com/ecom/products/carlsberg-export-lager-cans/816131-731703-731704,Carlsberg Export Lager Cans,4x568ml,£6.50,£2.87/litre,,"Beer, Wine & Spirits"
637439,Champagne Lanson Le Black Creation,G,true,611,https://ecom-su-static-prod.wtrecom.com/images/products/3/LN_637439_BP_3.jpg,https://www.waitrose.com/ecom/products/champagne-lanson-le-black-creation/637439-405680-405681,Champagne Lanson Le Black Creation,20cl,£9.99,£37.47/75cl,save £3.00. Was £12.99,"Beer, Wine & Spirits"
504549,Saint Clair Sauvignon Blanc,W,true,612,https://ecom-su-static-prod.wtrecom.com/images/products/3/LN_504549_BP_3.jpg,https://www.waitrose.com/ecom/products/saint-clair-sauvignon-blanc/504549-771579-771580,Saint Clair Sauvignon Blanc,75cl,£11.99,£11.99/75cl,save £4.00. Was £15.99,"Beer, Wine & Spirits"
626103,Melini Chianti Riserva,W,false,613,https://ecom-su-static-prod.wtrecom.com/images/products/3/LN_626103_BP_3.jpg,https://www.waitrose.com/ecom/products/melini-chianti-riserva/626103-138525-138526,Melini Chianti Riserva,75cl,£9.99,£9.99/75cl,,"Beer, Wine & Spirits"
565745,Secret Cellar Pinot Grigio South Africa,W,true,614,https://ecom-su-static-prod.wtrecom.com/images/products/3/LN_565745_BP_3.jpg,https://www.waitrose.com/ecom/products/secret-cellar-pinot-grigio-south-africa/565745-371420-371421,Secret Cellar Pinot Grigio South Africa,75cl,£7.49,£7.49/75cl,save £2.50. Was £9.99,"Beer, Wine & Spirits"
758452,Loved & Found Cerceal,W,false,615,https://ecom-su-static-prod.wtrecom.com/images/products/3/LN_758452_BP_3.jpg,https://www.waitrose.com/ecom/products/loved-found-cerceal/758452-824498-824499,Loved & Found Cerceal,75cl,£8.99,£8.99/75cl,,"Beer, Wine & Spirits"
083422,Zenato Villa Flora Lugana Veneto,W,false,616,https://ecom-su-static-prod.wtrecom.com/images/products/3/LN_083422_BP_3.jpg,https://www.waitrose.com/ecom/products/zenato-villa-flora-lugana-veneto/083422-42367-42368,Zenato Villa Flora Lugana Veneto,75cl,£13.99,£13.99/75cl,,"Beer, Wine & Spirits"
743419,Porcupine Ridge Rosé,W,true,617,https://ecom-su-static-prod.wtrecom.com/images/products/3/LN_743419_BP_3.jpg,https://www.waitrose.com/ecom/products/porcupine-ridge-rose/743419-589449-589450,Porcupine Ridge Rosé,75cl,£6.99,£6.99/75cl,save £2.00. Was £8.99,"Beer, Wine & Spirits"
612593,"Recchia Bardolino Veneto, Italy",W,false,618,https://ecom-su-static-prod.wtrecom.com/images/products/3/LN_612593_BP_3.jpg,https://www.waitrose.com/ecom/products/recchia-bardolino-veneto-italy/612593-86891-86892,"Recchia Bardolino Veneto, Italy",75cl,£9.99,£9.99/75cl,,"Beer, Wine & Spirits"
064407,Taylor's Late Bottled Vintage Port,W,false,619,https://ecom-su-static-prod.wtrecom.com/images/products/3/LN_064407_BP_3.jpg,https://www.waitrose.com/ecom/products/taylors-late-bottled-vintage-port/064407-32686-32687,Taylor's Late Bottled Vintage Port,75cl,£19.99,£19.99/75cl,,"Beer, Wine & Spirits"
856210,Thomson & Scott Noughty Rouge Dealcoholized Wine,G,false,620,https://ecom-su-static-prod.wtrecom.com/images/products/3/LN_856210_BP_3.jpg,https://www.waitrose.com/ecom/products/thomson-scott-noughty-rouge-dealcoholized-wine/856210-793630-793631,Thomson & Scott Noughty Rouge Dealcoholized Wine,75cl,£9.95,£9.95/75cl,,"Beer, Wine & Spirits"
495921,Mucho Mas,W,false,621,https://ecom-su-static-prod.wtrecom.com/images/products/3/LN_495921_BP_3.jpg,https://www.waitrose.com/ecom/products/mucho-mas/495921-824486-824487,Mucho Mas,75cl,£8.49,£8.49/75cl,,"Beer, Wine & Spirits"
372490,Waitrose Tawny Port,W,false,622,https://ecom-su-static-prod.wtrecom.com/images/products/3/LN_372490_BP_3.jpg,https://www.waitrose.com/ecom/products/waitrose-tawny-port/372490-136253-136254,Waitrose Tawny Port,75cl,£9.49,£9.49/75cl,,"Beer, Wine & Spirits"
674719,Frei Brothers Sonoma Reserve Chardonnay,W,false,623,https://ecom-su-static-prod.wtrecom.com/images/products/3/LN_674719_BP_3.jpg,https://www.waitrose.com/ecom/products/frei-brothers-sonoma-reserve-chardonnay/674719-590216-590217,Frei Brothers Sonoma Reserve Chardonnay,75cl,£18.99,£18.99/75cl,,"Beer, Wine & Spirits"
083851,Bredon Cuvée Jean Louis Brut NV Champagne,W,true,624,https://ecom-su-static-prod.wtrecom.com/images/products/3/LN_083851_BP_3.jpg,https://www.waitrose.com/ecom/products/bredon-cuvee-jean-louis-brut-nv-champagne/083851-42580-42581,Bredon Cuvée Jean Louis Brut NV Champagne,75cl,£19.99,£19.99/75cl,save £10.00. Was £29.99,"Beer, Wine & Spirits"
420297,White Claw Hard Seltzer Mango,G,true,625,https://ecom-su-static-prod.wtrecom.com/images/products/3/LN_420297_BP_3.jpg,https://www.waitrose.com/ecom/products/white-claw-hard-seltzer-mango/420297-755767-755768,White Claw Hard Seltzer Mango,330ml,£2.20,£6.67/litre,Mix & Match Add 4 for 3 Cheapest Item Free,"Beer, Wine & Spirits"
711505,Inch's Medium Apple Cider Can 10PK,G,true,626,https://ecom-su-static-prod.wtrecom.com/images/products/3/LN_711505_BP_3.jpg,https://www.waitrose.com/ecom/products/inchs-medium-apple-cider-can-10pk/711505-803811-803812,Inch's Medium Apple Cider Can 10PK,10x440ml,£9.00,£2.05/litre,save £2.00. Was £11.00,"Beer, Wine & Spirits"
588885,"Calvet Reserve Sauvignon Blanc Bordeaux, France",W,false,627,https://ecom-su-static-prod.wtrecom.com/images/products/3/LN_588885_BP_3.jpg,https://www.waitrose.com/ecom/products/calvet-reserve-sauvignon-blanc-bordeaux-france/588885-83473-83474,"Calvet Reserve Sauvignon Blanc Bordeaux, France",75cl,£9.99,£9.99/75cl,,"Beer, Wine & Spirits"
659472,The Kraken Black Spiced Rum,G,false,628,https://ecom-su-static-prod.wtrecom.com/images/products/3/LN_659472_BP_3.jpg,https://www.waitrose.com/ecom/products/the-kraken-black-spiced-rum/659472-216013-216014,The Kraken Black Spiced Rum,700ml,£29.00,£41.43/litre,,"Beer, Wine & Spirits"
828469,Chase GB Gin,G,true,629,https://ecom-su-static-prod.wtrecom.com/images/products/3/LN_828469_BP_3.jpg,https://www.waitrose.com/ecom/products/chase-gb-gin/828469-298671-298672,Chase GB Gin,70cl,£20.00,£28.58/litre,save £7.00. Was £27.00,"Beer, Wine & Spirits"
462091,Altos de Torona Albariño,W,true,630,https://ecom-su-static-prod.wtrecom.com/images/products/3/LN_462091_BP_3.jpg,https://www.waitrose.com/ecom/products/altos-de-torona-albarino/462091-804418-804419,Altos de Torona Albariño,75cl,£12.99,£12.99/75cl,save £2.00. Was £14.99,"Beer, Wine & Spirits"
691860,Villa Antinori Toscana,W,false,631,https://ecom-su-static-prod.wtrecom.com/images/products/3/LN_691860_BP_3.jpg,https://www.waitrose.com/ecom/products/villa-antinori-toscana/691860-771929-771930,Villa Antinori Toscana,75cl,£14.99,£14.99/75cl,,"Beer, Wine & Spirits"
529910,Gordon's Sicilian Lemon Distilled Flavoured Gin,G,false,632,https://ecom-su-static-prod.wtrecom.com/images/products/3/LN_529910_BP_3.jpg,https://www.waitrose.com/ecom/products/gordons-sicilian-lemon-distilled-flavoured-gin/529910-760552-760553,Gordon's Sicilian Lemon Distilled Flavoured Gin,70cl,£18.50,£26.43/litre,,"Beer, Wine & Spirits"
366533,Tripel Karmeliet Belgium,G,false,633,https://ecom-su-static-prod.wtrecom.com/images/products/3/LN_366533_BP_3.jpg,https://www.waitrose.com/ecom/products/tripel-karmeliet-belgium/366533-51564-51565,Tripel Karmeliet Belgium,33cl,£3.50,£10.61/litre,,"Beer, Wine & Spirits"
801416,Kylie Minogue Prosecco DOC Rosé,W,true,634,https://ecom-su-static-prod.wtrecom.com/images/products/3/LN_801416_BP_3.jpg,https://www.waitrose.com/ecom/products/kylie-minogue-prosecco-doc-rose/801416-812988-812989,Kylie Minogue Prosecco DOC Rosé,75cl,£8.99,£8.99/75cl,save £2.00. Was £10.99,"Beer, Wine & Spirits"
860193,Waitrose Beaujolais Villages,W,false,635,https://ecom-su-static-prod.wtrecom.com/images/products/3/LN_860193_BP_3.jpg,https://www.waitrose.com/ecom/products/waitrose-beaujolais-villages/860193-408219-408220,Waitrose Beaujolais Villages,75cl,£11.99,£11.99/75cl,,"Beer, Wine & Spirits"
686685,L'Arène Des Anges Rosé Costières de Nîmes,W,true,636,https://ecom-su-static-prod.wtrecom.com/images/products/3/LN_686685_BP_3.jpg,https://www.waitrose.com/ecom/products/larene-des-anges-rose-costieres-de-nimes/686685-729146-729147,L'Arène Des Anges Rosé Costières de Nîmes,75cl,£7.99,£7.99/75cl,save £2.00. Was £9.99,"Beer, Wine & Spirits"
866701,Palacio de Primavera Tinto,W,true,637,https://ecom-su-static-prod.wtrecom.com/images/products/3/LN_866701_BP_3.jpg,https://www.waitrose.com/ecom/products/palacio-de-primavera-tinto/866701-761706-761707,Palacio de Primavera Tinto,75cl,£6.99,£6.99/75cl,save £2.50. Was £9.49,"Beer, Wine & Spirits"
823634,Lost and Grounded Keller Pils Bristol,G,true,638,https://ecom-su-static-prod.wtrecom.com/images/products/3/LN_823634_BP_3.jpg,https://www.waitrose.com/ecom/products/lost-and-grounded-keller-pils-bristol/823634-692475-692476,Lost and Grounded Keller Pils Bristol,440ml,£3.00,£6.82/litre,Mix & Match Add 5 for 4 Cheapest Item Free,"Beer, Wine & Spirits"
575486,Kopparberg Strawberry & Lime Cider,G,true,639,https://ecom-su-static-prod.wtrecom.com/images/products/3/LN_575486_BP_3.jpg,https://www.waitrose.com/ecom/products/kopparberg-strawberry-lime-cider/575486-776708-776709,Kopparberg Strawberry & Lime Cider,4x330ml,£5.65,£4.29/litre,Add 2 for £10,"Beer, Wine & Spirits"
760884,Cotswolds Dry Gin,G,false,640,https://ecom-su-static-prod.wtrecom.com/images/products/3/LN_760884_BP_3.jpg,https://www.waitrose.com/ecom/products/cotswolds-dry-gin/760884-600820-600821,Cotswolds Dry Gin,700ml,£38.50,£55/litre,,"Beer, Wine & Spirits"
794627,Pommery Champagne NV Brut Royal,W,false,641,https://ecom-su-static-prod.wtrecom.com/images/products/3/LN_794627_BP_3.jpg,https://www.waitrose.com/ecom/products/pommery-champagne-nv-brut-royal/794627-694716-694717,Pommery Champagne NV Brut Royal,75cl,£44.99,£44.99/75cl,,"Beer, Wine & Spirits"
842940,St Austell Hicks Strong Ale,G,true,642,https://ecom-su-static-prod.wtrecom.com/images/products/3/LN_842940_BP_3.jpg,https://www.waitrose.com/ecom/products/st-austell-hicks-strong-ale/842940-826190-826191,St Austell Hicks Strong Ale,500ml,£2.20,£4.40/litre,Add 3 for £5.50,"Beer, Wine & Spirits"
792655,Weihenstephaner Hefe Weissbier Germany,G,false,643,https://ecom-su-static-prod.wtrecom.com/images/products/3/LN_792655_BP_3.jpg,https://www.waitrose.com/ecom/products/weihenstephaner-hefe-weissbier-germany/792655-112757-112758,Weihenstephaner Hefe Weissbier Germany,500ml,£2.75,£5.50/litre,,"Beer, Wine & Spirits"
813115,Terre da Vino Barolo DOCG Vendemmia,W,false,644,https://ecom-su-static-prod.wtrecom.com/images/products/3/LN_813115_BP_3.jpg,https://www.waitrose.com/ecom/products/terre-da-vino-barolo-docg-vendemmia/813115-648236-648237,Terre da Vino Barolo DOCG Vendemmia,75cl,£19.99,£19.99/75cl,,"Beer, Wine & Spirits"
585060,Grifone d'Oro Soave Classico,W,true,645,https://ecom-su-static-prod.wtrecom.com/images/products/3/LN_585060_BP_3.jpg,https://www.waitrose.com/ecom/products/grifone-doro-soave-classico/585060-804458-804459,Grifone d'Oro Soave Classico,75cl,£7.99,£7.99/75cl,save £1.00. Was £8.99,"Beer, Wine & Spirits"
646587,Vento'z Alvarinho,W,false,646,https://ecom-su-static-prod.wtrecom.com/images/products/3/LN_646587_BP_3.jpg,https://www.waitrose.com/ecom/products/ventoz-alvarinho/646587-783668-783669,Vento'z Alvarinho,75cl,£9.99,£9.99/75cl,,"Beer, Wine & Spirits"
710422,St Germain French Elderflower Liqueur,G,true,647,https://ecom-su-static-prod.wtrecom.com/images/products/3/LN_710422_BP_3.jpg,https://www.waitrose.com/ecom/products/st-germain-french-elderflower-liqueur/710422-100908-100909,St Germain French Elderflower Liqueur,50cl,£20.00,£40/litre,save £1.50. Was £21.50,"Beer, Wine & Spirits"
475359,Chandon Garden Spritz,W,true,648,https://ecom-su-static-prod.wtrecom.com/images/products/3/LN_475359_BP_3.jpg,https://www.waitrose.com/ecom/products/chandon-garden-spritz/475359-800014-800015,Chandon Garden Spritz,75cl,£19.99,£19.99/75cl,Buyers Choice,"Beer, Wine & Spirits"
459266,Rekorderlig Wild Berries,G,true,649,https://ecom-su-static-prod.wtrecom.com/images/products/3/LN_459266_BP_3.jpg,https://www.waitrose.com/ecom/products/rekorderlig-wild-berries/459266-822067-822068,Rekorderlig Wild Berries,500ml,£2.50,£5/litre,Add 3 for £6,"Beer, Wine & Spirits"
605320,Penfolds Max's Shiraz,W,true,650,https://ecom-su-static-prod.wtrecom.com/images/products/3/LN_605320_BP_3.jpg,https://www.waitrose.com/ecom/products/penfolds-maxs-shiraz/605320-585581-585582,Penfolds Max's Shiraz,75cl,£15.99,£15.99/75cl,save £4.00. Was £19.99,"Beer, Wine & Spirits"
514303,Bacardi Raspberry Mojito Premix Rum Cocktail,G,true,651,https://ecom-su-static-prod.wtrecom.com/images/products/3/LN_514303_BP_3.jpg,https://www.waitrose.com/ecom/products/bacardi-raspberry-mojito-premix-rum-cocktail/514303-805421-805422,Bacardi Raspberry Mojito Premix Rum Cocktail,250ml,£2.00,£8/litre,Mix & Match Add 4 for 3 Cheapest Item Free,"Beer, Wine & Spirits"
995237,Brewgooder Fonio Session IPA,G,false,652,https://ecom-su-static-prod.wtrecom.com/images/products/3/LN_995237_BP_3.jpg,https://www.waitrose.com/ecom/products/brewgooder-fonio-session-ipa/995237-826356-826357,Brewgooder Fonio Session IPA,4x330ml,£6.50,£4.93/litre,,"Beer, Wine & Spirits"
990023,Small Beer Stout Bottle,G,false,653,https://ecom-su-static-prod.wtrecom.com/images/products/3/LN_990023_BP_3.jpg,https://www.waitrose.com/ecom/products/small-beer-stout-bottle/990023-826348-826349,Small Beer Stout Bottle,350ml,£2.25,£6.43/litre,,"Beer, Wine & Spirits"
982249,Northern Monk Heathen Club Hazy Pale,G,true,654,https://ecom-su-static-prod.wtrecom.com/images/products/3/LN_982249_BP_3.jpg,https://www.waitrose.com/ecom/products/northern-monk-heathen-club-hazy-pale/982249-826334-826335,Northern Monk Heathen Club Hazy Pale,4x330ml,£5.75,£4.36/litre,save £1.00. Was £6.75,"Beer, Wine & Spirits"
966796,Thornbridge Lord Marples,G,false,655,https://ecom-su-static-prod.wtrecom.com/images/products/3/LN_966796_BP_3.jpg,https://www.waitrose.com/ecom/products/thornbridge-lord-marples/966796-826300-826301,Thornbridge Lord Marples,500ml,£2.25,£4.50/litre,,"Beer, Wine & Spirits"
928575,BRLO Pale Ale,G,true,656,https://ecom-su-static-prod.wtrecom.com/images/products/3/LN_928575_BP_3.jpg,https://www.waitrose.com/ecom/products/brlo-pale-ale/928575-826258-826259,BRLO Pale Ale,330ml,£2.00,£6.07/litre,save 50p. Was £2.50,"Beer, Wine & Spirits"
923290,Northern Monk Fruit Twist IPA,G,true,657,https://ecom-su-static-prod.wtrecom.com/images/products/3/LN_923290_BP_3.jpg,https://www.waitrose.com/ecom/products/northern-monk-fruit-twist-ipa/923290-826256-826257,Northern Monk Fruit Twist IPA,440ml,£3.50,£7.96/litre,Mix & Match Add 5 for 4 Cheapest Item Free,"Beer, Wine & Spirits"
914491,BRLO Helles Lager,G,true,658,https://ecom-su-static-prod.wtrecom.com/images/products/3/LN_914491_BP_3.jpg,https://www.waitrose.com/ecom/products/brlo-helles-lager/914491-826244-826245,BRLO Helles Lager,330ml,£2.00,£6.07/litre,save 50p. Was £2.50,"Beer, Wine & Spirits"
912107,Double-Barrelled Parka Pale Ale,G,true,659,https://ecom-su-static-prod.wtrecom.com/images/products/3/LN_912107_BP_3.jpg,https://www.waitrose.com/ecom/products/double-barrelled-parka-pale-ale/912107-826240-826241,Double-Barrelled Parka Pale Ale,440ml,£3.00,£6.82/litre,Mix & Match Add 5 for 4 Cheapest Item Free,"Beer, Wine & Spirits"
911772,Magic Rock Botanicalist,G,true,660,https://ecom-su-static-prod.wtrecom.com/images/products/3/LN_911772_BP_3.jpg,https://www.waitrose.com/ecom/products/magic-rock-botanicalist/911772-826238-826239,Magic Rock Botanicalist,440ml,£3.50,£7.96/litre,Mix & Match Add 5 for 4 Cheapest Item Free,"Beer, Wine & Spirits"
905332,Toast New Dawn Session IPA,G,false,661,https://ecom-su-static-prod.wtrecom.com/images/products/3/LN_905332_BP_3.jpg,https://www.waitrose.com/ecom/products/toast-new-dawn-session-ipa/905332-826230-826231,Toast New Dawn Session IPA,330ml,£2.15,£6.52/litre,,"Beer, Wine & Spirits"
904970,Northern Monk Faith in Futures X Amy Hastings,G,true,662,https://ecom-su-static-prod.wtrecom.com/images/products/3/LN_904970_BP_3.jpg,https://www.waitrose.com/ecom/products/northern-monk-faith-in-futures-x-amy-hastings/904970-826228-826229,Northern Monk Faith in Futures X Amy Hastings,440ml,£3.75,£8.53/litre,Mix & Match Add 5 for 4 Cheapest Item Free,"Beer, Wine & Spirits"
899926,Veuve Clicquot Vintage Brut,W,false,663,https://ecom-su-static-prod.wtrecom.com/images/products/3/LN_899926_BP_3.jpg,https://www.waitrose.com/ecom/products/veuve-clicquot-vintage-brut/899926-813050-813051,Veuve Clicquot Vintage Brut,75cl,£68.99,£68.99/75cl,,"Beer, Wine & Spirits"
898332,Weinhaus Sauvignon Blanc Kalkstein,W,false,664,https://ecom-su-static-prod.wtrecom.com/images/products/3/LN_898332_BP_3.jpg,https://www.waitrose.com/ecom/products/weinhaus-sauvignon-blanc-kalkstein/898332-777490-777491,Weinhaus Sauvignon Blanc Kalkstein,75cl,£9.99,£9.99/75cl,,"Beer, Wine & Spirits"
898215,Mahou Spanish Lager,G,true,665,https://ecom-su-static-prod.wtrecom.com/images/products/3/LN_898215_BP_3.jpg,https://www.waitrose.com/ecom/products/mahou-spanish-lager/898215-822341-822342,Mahou Spanish Lager,4x330ml,£5.75,£4.36/litre,save 50p. Was £6.25,"Beer, Wine & Spirits"
898081,Leitz Magdalenenkreuz Riesling Kabinett,W,true,666,https://ecom-su-static-prod.wtrecom.com/images/products/3/LN_898081_BP_3.jpg,https://www.waitrose.com/ecom/products/leitz-magdalenenkreuz-riesling-kabinett/898081-420675-420676,Leitz Magdalenenkreuz Riesling Kabinett,75cl,£10.49,£10.49/75cl,25% Off. Was £13.99,"Beer, Wine & Spirits"
897845,Vina Arana Gran Reserva,W,false,667,https://ecom-su-static-prod.wtrecom.com/images/products/3/LN_897845_BP_3.jpg,https://www.waitrose.com/ecom/products/vina-arana-gran-reserva/897845-824516-824517,Vina Arana Gran Reserva,75cl,£36.99,£36.99/75cl,,"Beer, Wine & Spirits"
897002,Cambridge Dry Gin,G,false,668,https://ecom-su-static-prod.wtrecom.com/images/products/3/LN_897002_BP_3.jpg,https://www.waitrose.com/ecom/products/cambridge-dry-gin/897002-746609-746610,Cambridge Dry Gin,70cl,£42.00,£60/litre,,"Beer, Wine & Spirits"
895752,Château Musar Aana Cinsault Grenache & Cabernet Sauvignon,W,false,669,https://ecom-su-static-prod.wtrecom.com/images/products/3/LN_895752_BP_3.jpg,https://www.waitrose.com/ecom/products/chateau-musar-aana-cinsault-grenache-cabernet-sauvignon/895752-712407-712408,Château Musar Aana Cinsault Grenache & Cabernet Sauvignon,75cl,£22.99,£22.99/75cl,,"Beer, Wine & Spirits"
895099,Heineken Premium Lager Beer Can 4PK,G,false,670,https://ecom-su-static-prod.wtrecom.com/images/products/3/LN_895099_BP_3.jpg,https://www.waitrose.com/ecom/products/heineken-premium-lager-beer-can-4pk/895099-822335-822336,Heineken Premium Lager Beer Can 4PK,4x440ml,£6.00,£3.41/litre,,"Beer, Wine & Spirits"
895090,Barefoot Buttery Chardonnay,W,true,671,https://ecom-su-static-prod.wtrecom.com/images/products/3/LN_895090_BP_3.jpg,https://www.waitrose.com/ecom/products/barefoot-buttery-chardonnay/895090-824512-824513,Barefoot Buttery Chardonnay,75cl,£6.99,£6.99/75cl,save £1.00. Was £7.99,"Beer, Wine & Spirits"
894777,Vocation Brewery Crush Hour,G,false,672,https://ecom-su-static-prod.wtrecom.com/images/products/3/LN_894777_BP_3.jpg,https://www.waitrose.com/ecom/products/vocation-brewery-crush-hour/894777-826218-826219,Vocation Brewery Crush Hour,4x330ml,£6.50,£4.93/litre,,"Beer, Wine & Spirits"
894733,Stella Artois Alcohol Free,G,true,673,https://ecom-su-static-prod.wtrecom.com/images/products/3/LN_894733_BP_3.jpg,https://www.waitrose.com/ecom/products/stella-artois-alcohol-free/894733-827136-827137,Stella Artois Alcohol Free,4x330ml,£4.00,£3.04/litre,save 50p. Was £4.50,"Beer, Wine & Spirits"
894577,Tanqueray Sevilla 0.0,G,false,674,https://ecom-su-static-prod.wtrecom.com/images/products/3/LN_894577_BP_3.jpg,https://www.waitrose.com/ecom/products/tanqueray-sevilla-00/894577-805731-805732,Tanqueray Sevilla 0.0,70cl,£18.00,£25.72/litre,,"Beer, Wine & Spirits"
894535,19 Crimes Red Wine,W,true,675,https://ecom-su-static-prod.wtrecom.com/images/products/3/LN_894535_BP_3.jpg,https://www.waitrose.com/ecom/products/19-crimes-red-wine/894535-807489-807490,19 Crimes Red Wine,75cl,£8.49,£8.49/75cl,save £1.00. Was £9.49,"Beer, Wine & Spirits"
894221,Cave de Tain Grand Classique Crozes-Hermitage,W,false,676,https://ecom-su-static-prod.wtrecom.com/images/products/3/LN_894221_BP_3.jpg,https://www.waitrose.com/ecom/products/cave-de-tain-grand-classique-crozes-hermitage/894221-665800-665801,Cave de Tain Grand Classique Crozes-Hermitage,75cl,£16.99,£16.99/75cl,,"Beer, Wine & Spirits"
893941,Seedlip Garden 108 Non-Alcoholic Spirit,G,false,677,https://ecom-su-static-prod.wtrecom.com/images/products/3/LN_893941_BP_3.jpg,https://www.waitrose.com/ecom/products/seedlip-garden-108-non-alcoholic-spirit/893941-572851-572852,Seedlip Garden 108 Non-Alcoholic Spirit,70cl,£22.00,£31.43/litre,,"Beer, Wine & Spirits"
893018,Carling,G,false,678,https://ecom-su-static-prod.wtrecom.com/images/products/3/LN_893018_BP_3.jpg,https://www.waitrose.com/ecom/products/carling/893018-823899-823900,Carling,10x440ml,£9.50,£2.16/litre,,"Beer, Wine & Spirits"
892157,Waitrose Wine Bottle Stopper,G,false,679,https://ecom-su-static-prod.wtrecom.com/images/products/3/LN_892157_BP_3.jpg,https://www.waitrose.com/ecom/products/waitrose-wine-bottle-stopper/892157-625416-625417,Waitrose Wine Bottle Stopper,each,£3.50,£3.50 each,,"Beer, Wine & Spirits"
891959,Santa Tresa Organic Frappato,W,false,680,https://ecom-su-static-prod.wtrecom.com/images/products/3/LN_891959_BP_3.jpg,https://www.waitrose.com/ecom/products/santa-tresa-organic-frappato/891959-804554-804555,Santa Tresa Organic Frappato,75cl,£11.99,£11.99/75cl,,"Beer, Wine & Spirits"
891405,Château Carcanieux Cru Bourgeois Médoc,W,true,681,https://ecom-su-static-prod.wtrecom.com/images/products/3/LN_891405_BP_3.jpg,https://www.waitrose.com/ecom/products/chateau-carcanieux-cru-bourgeois-medoc/891405-768973-768974,Château Carcanieux Cru Bourgeois Médoc,75cl,£14.49,£14.49/75cl,save £2.00. Was £16.49,"Beer, Wine & Spirits"
888773,Mount Gay Black Barrel Barbados Golden Rum,G,false,682,https://ecom-su-static-prod.wtrecom.com/images/products/3/LN_888773_BP_3.jpg,https://www.waitrose.com/ecom/products/mount-gay-black-barrel-barbados-golden-rum/888773-735986-735987,Mount Gay Black Barrel Barbados Golden Rum,70cl,£42.00,£60/litre,,"Beer, Wine & Spirits"
888551,Slingsby Rhubarb Gin,G,false,683,https://ecom-su-static-prod.wtrecom.com/images/products/3/LN_888551_BP_3.jpg,https://www.waitrose.com/ecom/products/slingsby-rhubarb-gin/888551-778492-778493,Slingsby Rhubarb Gin,70cl,£31.50,£45/litre,,"Beer, Wine & Spirits"
888507,Etoile de Pauillac,W,false,684,https://ecom-su-static-prod.wtrecom.com/images/products/3/LN_888507_BP_3.jpg,https://www.waitrose.com/ecom/products/etoile-de-pauillac/888507-730514-730515,Etoile de Pauillac,75cl,£25.99,£25.99/75cl,,"Beer, Wine & Spirits"
887921,Amandla Shiraz Zinfandel,W,true,685,https://ecom-su-static-prod.wtrecom.com/images/products/3/LN_887921_BP_3.jpg,https://www.waitrose.com/ecom/products/amandla-shiraz-zinfandel/887921-788824-788825,Amandla Shiraz Zinfandel,75cl,£7.99,£7.99/75cl,save £2.00. Was £9.99,"Beer, Wine & Spirits"
887133,Cave de Turkheim Crémant d'Alsace Cuvée Brut,W,false,686,https://ecom-su-static-prod.wtrecom.com/images/products/3/LN_887133_BP_3.jpg,https://www.waitrose.com/ecom/products/cave-de-turkheim-cremant-dalsace-cuvee-brut/887133-723526-723527,Cave de Turkheim Crémant d'Alsace Cuvée Brut,75cl,£13.99,£13.99/75cl,,"Beer, Wine & Spirits"
886127,VIVIR Tequila Blanco,G,true,687,https://ecom-su-static-prod.wtrecom.com/images/products/3/LN_886127_BP_3.jpg,https://www.waitrose.com/ecom/products/vivir-tequila-blanco/886127-704525-704526,VIVIR Tequila Blanco,70cl,£34.00,£48.58/litre,save £6.00. Was £40.00,"Beer, Wine & Spirits"
886105,And Union Saturday Unfiltered Lager,G,true,688,https://ecom-su-static-prod.wtrecom.com/images/products/3/LN_886105_BP_3.jpg,https://www.waitrose.com/ecom/products/and-union-saturday-unfiltered-lager/886105-826214-826215,And Union Saturday Unfiltered Lager,330ml,£1.85,£5.61/litre,Add 3 for £5,"Beer, Wine & Spirits"
885888,Chateau Pey La Tour Bordeaux AOC,W,false,689,https://ecom-su-static-prod.wtrecom.com/images/products/3/LN_885888_BP_3.jpg,https://www.waitrose.com/ecom/products/chateau-pey-la-tour-bordeaux-aoc/885888-348559-348560,Chateau Pey La Tour Bordeaux AOC,75cl,£11.99,£11.99/75cl,,"Beer, Wine & Spirits"
885477,Lustau Pedro Ximenez Murillo,W,false,690,https://ecom-su-static-prod.wtrecom.com/images/products/3/LN_885477_BP_3.jpg,https://www.waitrose.com/ecom/products/lustau-pedro-ximenez-murillo/885477-589667-589668,Lustau Pedro Ximenez Murillo,50cl,£17.49,£26.24/75cl,,"Beer, Wine & Spirits"
884987,Lustau Vermut Rojo,W,false,691,https://ecom-su-static-prod.wtrecom.com/images/products/3/LN_884987_BP_3.jpg,https://www.waitrose.com/ecom/products/lustau-vermut-rojo/884987-601014-601015,Lustau Vermut Rojo,50cl,£15.00,£30/litre,,"Beer, Wine & Spirits"
884809,Brooklyn Stonewall IPA Cans,G,false,692,https://ecom-su-static-prod.wtrecom.com/images/products/3/LN_884809_BP_3.jpg,https://www.waitrose.com/ecom/products/brooklyn-stonewall-ipa-cans/884809-826210-826211,Brooklyn Stonewall IPA Cans,4x330ml,£7.00,£5.31/litre,,"Beer, Wine & Spirits"
884709,Carlos I Brandy de Jerez Solera Gran Reserva,G,false,693,https://ecom-su-static-prod.wtrecom.com/images/products/3/LN_884709_BP_3.jpg,https://www.waitrose.com/ecom/products/carlos-i-brandy-de-jerez-solera-gran-reserva/884709-819385-819386,Carlos I Brandy de Jerez Solera Gran Reserva,70cl,£34.00,£48.58/litre,,"Beer, Wine & Spirits"
884448,Bonterra Collection Organic Chard,W,false,694,https://ecom-su-static-prod.wtrecom.com/images/products/3/LN_884448_BP_3.jpg,https://www.waitrose.com/ecom/products/bonterra-collection-organic-chard/884448-745659-745660,Bonterra Collection Organic Chard,75cl,£12.99,£12.99/75cl,,"Beer, Wine & Spirits"
883916,Bushmills Single Malt Irish Whiskey Aged 10 Years,G,false,695,https://ecom-su-static-prod.wtrecom.com/images/products/3/LN_883916_BP_3.jpg,https://www.waitrose.com/ecom/products/bushmills-single-malt-irish-whiskey-aged-10-years/883916-756233-756234,Bushmills Single Malt Irish Whiskey Aged 10 Years,70cl,£38.00,£54.29/litre,,"Beer, Wine & Spirits"
883752,Beavertown Bloody ' Ell,G,true,696,https://ecom-su-static-prod.wtrecom.com/images/products/3/LN_883752_BP_3.jpg,https://www.waitrose.com/ecom/products/beavertown-bloody-ell/883752-826208-826209,Beavertown Bloody ' Ell,440ml,£3.50,£7.96/litre,Mix & Match Add 5 for 4 Cheapest Item Free,"Beer, Wine & Spirits"
883670,Whitley Neill Distiller's Cut Gin,G,true,697,https://ecom-su-static-prod.wtrecom.com/images/products/3/LN_883670_BP_3.jpg,https://www.waitrose.com/ecom/products/whitley-neill-distillers-cut-gin/883670-813040-813041,Whitley Neill Distiller's Cut Gin,70cl,£21.00,£30/litre,save £9.00. Was £30.00,"Beer, Wine & Spirits"
882920,Fuzion Winemaker's Selection Malbec,W,true,698,https://ecom-su-static-prod.wtrecom.com/images/products/3/LN_882920_BP_3.jpg,https://www.waitrose.com/ecom/products/fuzion-winemakers-selection-malbec/882920-648320-648321,Fuzion Winemaker's Selection Malbec,75cl,£7.99,£7.99/75cl,save £3.00. Was £10.99,"Beer, Wine & Spirits"
882837,Canadian Club Blended Whisky,G,true,699,https://ecom-su-static-prod.wtrecom.com/images/products/3/LN_882837_BP_3.jpg,https://www.waitrose.com/ecom/products/canadian-club-blended-whisky/882837-298711-298712,Canadian Club Blended Whisky,700ml,£18.00,£25.72/litre,save £6.50. Was £24.50,"Beer, Wine & Spirits"
882546,Jura Single Malt Bourbon Cask Scotch Whisky,G,true,700,https://ecom-su-static-prod.wtrecom.com/images/products/3/LN_882546_BP_3.jpg,https://www.waitrose.com/ecom/products/jura-single-malt-bourbon-cask-scotch-whisky/882546-665784-665785,Jura Single Malt Bourbon Cask Scotch Whisky,70cl,£25.00,£35.72/litre,save £14.00. Was £39.00,"Beer, Wine & Spirits"
881747,Elephant in the Room Chardonnay,W,true,701,https://ecom-su-static-prod.wtrecom.com/images/products/3/LN_881747_BP_3.jpg,https://www.waitrose.com/ecom/products/elephant-in-the-room-chardonnay/881747-783718-783719,Elephant in the Room Chardonnay,75cl,£8.49,£8.49/75cl,save £2.50. Was £10.99,"Beer, Wine & Spirits"
881554,Elgoods Warrior,G,false,702,https://ecom-su-static-prod.wtrecom.com/images/products/3/LN_881554_BP_3.jpg,https://www.waitrose.com/ecom/products/elgoods-warrior/881554-332095-332096,Elgoods Warrior,500ml,£2.10,£4.20/litre,,"Beer, Wine & Spirits"
881452,Kopparberg Strawberry & Pineapple Cans,G,true,703,https://ecom-su-static-prod.wtrecom.com/images/products/3/LN_881452_BP_3.jpg,https://www.waitrose.com/ecom/products/kopparberg-strawberry-pineapple-cans/881452-822317-822318,Kopparberg Strawberry & Pineapple Cans,4x330ml,£5.65,£4.29/litre,Add 2 for £10,"Beer, Wine & Spirits"
881189,Trevethan Cornish Dry Gin,G,false,704,https://ecom-su-static-prod.wtrecom.com/images/products/3/LN_881189_BP_3.jpg,https://www.waitrose.com/ecom/products/trevethan-cornish-dry-gin/881189-589651-589652,Trevethan Cornish Dry Gin,70cl,£35.00,£37.50/75cl,,"Beer, Wine & Spirits"
880646,Jam Shed Rosé,W,true,705,https://ecom-su-static-prod.wtrecom.com/images/products/3/LN_880646_BP_3.jpg,https://www.waitrose.com/ecom/products/jam-shed-rose/880646-802666-802667,Jam Shed Rosé,75cl,£6.99,£6.99/75cl,save £1.00. Was £7.99,"Beer, Wine & Spirits"
880279,Aloxe Corton 1er Cru rouge Domaine du Pavillon,W,false,706,https://ecom-su-static-prod.wtrecom.com/images/products/3/LN_880279_BP_3.jpg,https://www.waitrose.com/ecom/products/aloxe-corton-1er-cru-rouge-domaine-du-pavillon/880279-696432-696433,Aloxe Corton 1er Cru rouge Domaine du Pavillon,75cl,£59.99,£59.99/75cl,,"Beer, Wine & Spirits"
879219,Tamnavulin Sherry Cask Whisky,G,false,707,https://ecom-su-static-prod.wtrecom.com/images/products/3/LN_879219_BP_3.jpg,https://www.waitrose.com/ecom/products/tamnavulin-sherry-cask-whisky/879219-744145-744146,Tamnavulin Sherry Cask Whisky,70cl,£35.00,£50/litre,,"Beer, Wine & Spirits"
878350,Le Sablou Bergerac Sauvignon Blanc,W,false,708,https://ecom-su-static-prod.wtrecom.com/images/products/3/LN_878350_BP_3.jpg,https://www.waitrose.com/ecom/products/le-sablou-bergerac-sauvignon-blanc/878350-777468-777469,Le Sablou Bergerac Sauvignon Blanc,75cl,£8.99,£8.99/75cl,,"Beer, Wine & Spirits"
878163,J Russian River Valley Pinot Noir,W,false,709,https://ecom-su-static-prod.wtrecom.com/images/products/3/LN_878163_BP_3.jpg,https://www.waitrose.com/ecom/products/j-russian-river-valley-pinot-noir/878163-813034-813035,J Russian River Valley Pinot Noir,75cl,£29.99,£29.99/75cl,,"Beer, Wine & Spirits"
878025,Classic Beers,G,false,710,https://ecom-su-static-prod.wtrecom.com/images/products/3/LN_878025_BP_3.jpg,https://www.waitrose.com/ecom/products/classic-beers/878025-804208-804209,Classic Beers,6x500ml,£12.00,£4/litre,,"Beer, Wine & Spirits"
877291,Caleño Dark & Spicy Non-Alcoholic Spirit,G,false,711,https://ecom-su-static-prod.wtrecom.com/images/products/3/LN_877291_BP_3.jpg,https://www.waitrose.com/ecom/products/caleno-dark-spicy-non-alcoholic-spirit/877291-767307-767308,Caleño Dark & Spicy Non-Alcoholic Spirit,50cl,£18.00,£36/litre,,"Beer, Wine & Spirits"
876832,Woodford Reserve Double Oaked Barrel Finish Select,G,false,712,https://ecom-su-static-prod.wtrecom.com/images/products/3/LN_876832_BP_3.jpg,https://www.waitrose.com/ecom/products/woodford-reserve-double-oaked-barrel-finish-select/876832-756225-756226,Woodford Reserve Double Oaked Barrel Finish Select,70cl,£55.00,£78.58/litre,,"Beer, Wine & Spirits"
875589,The Ardmore Legacy Single Malt Whisky,G,true,713,https://ecom-su-static-prod.wtrecom.com/images/products/3/LN_875589_BP_3.jpg,https://www.waitrose.com/ecom/products/the-ardmore-legacy-single-malt-whisky/875589-580356-580357,The Ardmore Legacy Single Malt Whisky,70cl,£22.00,£31.43/litre,save £12.50. Was £34.50,"Beer, Wine & Spirits"
875105,Côte des Roses Organic Languedoc Rosé Limited Edition,W,true,714,https://ecom-su-static-prod.wtrecom.com/images/products/3/LN_875105_BP_3.jpg,https://www.waitrose.com/ecom/products/cote-des-roses-organic-languedoc-rose-limited-edition/875105-824510-824511,Côte des Roses Organic Languedoc Rosé Limited Edition,75cl,£11.99,£11.99/75cl,save £3.00. Was £14.99,"Beer, Wine & Spirits"
874788,Mavrodaphne of Patras Greece,W,false,715,https://ecom-su-static-prod.wtrecom.com/images/products/3/LN_874788_BP_3.jpg,https://www.waitrose.com/ecom/products/mavrodaphne-of-patras-greece/874788-210682-210683,Mavrodaphne of Patras Greece,75cl,£7.99,£7.99/75cl,,"Beer, Wine & Spirits"
874750,Pedro's Almacenista Amontillado Medium Dry Sherry,W,true,716,https://ecom-su-static-prod.wtrecom.com/images/products/3/LN_874750_BP_3.jpg,https://www.waitrose.com/ecom/products/pedros-almacenista-amontillado-medium-dry-sherry/874750-802418-802419,Pedro's Almacenista Amontillado Medium Dry Sherry,75cl,£11.99,£11.99/75cl,Buyers Choice,"Beer, Wine & Spirits"
874440,Adnams Copper House Gin,G,true,717,https://ecom-su-static-prod.wtrecom.com/images/products/3/LN_874440_BP_3.jpg,https://www.waitrose.com/ecom/products/adnams-copper-house-gin/874440-153701-153702,Adnams Copper House Gin,70cl,£25.00,£35.72/litre,save £8.00. Was £33.00,"Beer, Wine & Spirits"
874433,Duvel 6.66%,G,false,718,https://ecom-su-static-prod.wtrecom.com/images/products/3/LN_874433_BP_3.jpg,https://www.waitrose.com/ecom/products/duvel-666/874433-776900-776901,Duvel 6.66%,330ml,£2.35,£7.13/litre,,"Beer, Wine & Spirits"
874271,Johnnie Walker Double Black,G,true,719,https://ecom-su-static-prod.wtrecom.com/images/products/3/LN_874271_BP_3.jpg,https://www.waitrose.com/ecom/products/johnnie-walker-double-black/874271-813030-813031,Johnnie Walker Double Black,70cl,£30.00,£42.86/litre,save £12.00. Was £42.00,"Beer, Wine & Spirits"
873468,De Grendel Op die Berg Syrah,W,false,720,https://ecom-su-static-prod.wtrecom.com/images/products/3/LN_873468_BP_3.jpg,https://www.waitrose.com/ecom/products/de-grendel-op-die-berg-syrah/873468-804548-804549,De Grendel Op die Berg Syrah,75cl,£24.99,£24.99/75cl,,"Beer, Wine & Spirits"
873326,Zeno Alcohol-Liberated Sparkling,G,true,721,https://ecom-su-static-prod.wtrecom.com/images/products/3/LN_873326_BP_3.jpg,https://www.waitrose.com/ecom/products/zeno-alcohol-liberated-sparkling/873326-793984-793985,Zeno Alcohol-Liberated Sparkling,75cl,£9.99,£9.99/75cl,save £2.00. Was £11.99,"Beer, Wine & Spirits"
872321,Brewdog Gluten Free Punk IPA,G,false,722,https://ecom-su-static-prod.wtrecom.com/images/products/3/LN_872321_BP_3.jpg,https://www.waitrose.com/ecom/products/brewdog-gluten-free-punk-ipa/872321-777236-777237,Brewdog Gluten Free Punk IPA,4x330ml,£6.55,£4.97/litre,,"Beer, Wine & Spirits"
872024,Westmalle Trappist Dubbel Belgium,G,false,723,https://ecom-su-static-prod.wtrecom.com/images/products/3/LN_872024_BP_3.jpg,https://www.waitrose.com/ecom/products/westmalle-trappist-dubbel-belgium/872024-294335-294336,Westmalle Trappist Dubbel Belgium,33cl,£3.50,£10.61/litre,,"Beer, Wine & Spirits"
871991,La Perrière Touraine Sauvignon,W,true,724,https://ecom-su-static-prod.wtrecom.com/images/products/3/LN_871991_BP_3.jpg,https://www.waitrose.com/ecom/products/la-perriere-touraine-sauvignon/871991-696420-696421,La Perrière Touraine Sauvignon,75cl,£9.99,£9.99/75cl,Buyers Choice,"Beer, Wine & Spirits"
871225,Rekorderlig Peach & Raspberry,G,true,725,https://ecom-su-static-prod.wtrecom.com/images/products/3/LN_871225_BP_3.jpg,https://www.waitrose.com/ecom/products/rekorderlig-peach-raspberry/871225-822305-822306,Rekorderlig Peach & Raspberry,500ml,£2.50,£5/litre,Add 3 for £6,"Beer, Wine & Spirits"
870903,Cornish Orchards Avalen,G,false,726,https://ecom-su-static-prod.wtrecom.com/images/products/3/LN_870903_BP_3.jpg,https://www.waitrose.com/ecom/products/cornish-orchards-avalen/870903-822303-822304,Cornish Orchards Avalen,750ml,£13.50,£18/litre,,"Beer, Wine & Spirits"
870749,Blue Moon,G,true,727,https://ecom-su-static-prod.wtrecom.com/images/products/3/LN_870749_BP_3.jpg,https://www.waitrose.com/ecom/products/blue-moon/870749-786444-786445,Blue Moon,4x330ml,£6.75,£5.12/litre,Add 2 for £11,"Beer, Wine & Spirits"
870077,Tails Cocktails Espresso Martini Premixed Vodka Cocktail,G,false,728,https://ecom-su-static-prod.wtrecom.com/images/products/3/LN_870077_BP_3.jpg,https://www.waitrose.com/ecom/products/tails-cocktails-espresso-martini-premixed-vodka-cocktail/870077-778480-778481,Tails Cocktails Espresso Martini Premixed Vodka Cocktail,50cl,£16.00,£32/litre,,"Beer, Wine & Spirits"
870030,Northern Monk Apple Strudel & Custard,G,true,729,https://ecom-su-static-prod.wtrecom.com/images/products/3/LN_870030_BP_3.jpg,https://www.waitrose.com/ecom/products/northern-monk-apple-strudel-custard/870030-815452-815453,Northern Monk Apple Strudel & Custard,440ml,£3.25,£7.39/litre,Mix & Match Add 5 for 4 Cheapest Item Free,"Beer, Wine & Spirits"
869149,Graham's Blend No.12,W,false,730,https://ecom-su-static-prod.wtrecom.com/images/products/3/LN_869149_BP_3.jpg,https://www.waitrose.com/ecom/products/grahams-blend-no12/869149-802656-802657,Graham's Blend No.12,75cl,£27.99,£27.99/75cl,,"Beer, Wine & Spirits"
869064,Laurent-Perrier La Cuvée Champagne Brut NV,W,true,731,https://ecom-su-static-prod.wtrecom.com/images/products/3/LN_869064_BP_3.jpg,https://www.waitrose.com/ecom/products/laurent-perrier-la-cuvee-champagne-brut-nv/869064-368486-368487,Laurent-Perrier La Cuvée Champagne Brut NV,150cl,£84.99,£42.50/75cl,save £15.00. Was £99.99,"Beer, Wine & Spirits"
868940,Casamigos Reposado,G,false,732,https://ecom-su-static-prod.wtrecom.com/images/products/3/LN_868940_BP_3.jpg,https://www.waitrose.com/ecom/products/casamigos-reposado/868940-813024-813025,Casamigos Reposado,70cl,£40.00,£57.15/litre,,"Beer, Wine & Spirits"
868772,Beavertown Gamma Ray,G,false,733,https://ecom-su-static-prod.wtrecom.com/images/products/3/LN_868772_BP_3.jpg,https://www.waitrose.com/ecom/products/beavertown-gamma-ray/868772-692497-692498,Beavertown Gamma Ray,4x330ml,£8.75,£6.63/litre,,"Beer, Wine & Spirits"
868113,Shepherd Neame Whitstable Bay Black Stout,G,true,734,https://ecom-su-static-prod.wtrecom.com/images/products/3/LN_868113_BP_3.jpg,https://www.waitrose.com/ecom/products/shepherd-neame-whitstable-bay-black-stout/868113-826204-826205,Shepherd Neame Whitstable Bay Black Stout,500ml,£2.25,£4.50/litre,Add 4 for £7,"Beer, Wine & Spirits"
867910,St Peter's Gold Suffolk,G,true,735,https://ecom-su-static-prod.wtrecom.com/images/products/3/LN_867910_BP_3.jpg,https://www.waitrose.com/ecom/products/st-peters-gold-suffolk/867910-580334-580335,St Peter's Gold Suffolk,500ml,£2.25,£4.50/litre,Add 4 for £7,"Beer, Wine & Spirits"
867849,Nicolas Feuillatte Blanc de Blancs Champagne Brut,W,true,736,https://ecom-su-static-prod.wtrecom.com/images/products/3/LN_867849_BP_3.jpg,https://www.waitrose.com/ecom/products/nicolas-feuillatte-blanc-de-blancs-champagne-brut/867849-381518-381519,Nicolas Feuillatte Blanc de Blancs Champagne Brut,75cl,£26.99,£26.99/75cl,save £10.00. Was £36.99,"Beer, Wine & Spirits"
866752,Piper-Heidsieck Brut NV Champagne,W,true,737,https://ecom-su-static-prod.wtrecom.com/images/products/3/LN_866752_BP_3.jpg,https://www.waitrose.com/ecom/products/piper-heidsieck-brut-nv-champagne/866752-723508-723509,Piper-Heidsieck Brut NV Champagne,75cl,£29.99,£29.99/75cl,save £9.00. Was £38.99,"Beer, Wine & Spirits"
866372,The Botanist Islay Dry Gin Premium Scottish Gin,G,false,738,https://ecom-su-static-prod.wtrecom.com/images/products/3/LN_866372_BP_3.jpg,https://www.waitrose.com/ecom/products/the-botanist-islay-dry-gin-premium-scottish-gin/866372-499560-499561,The Botanist Islay Dry Gin Premium Scottish Gin,700ml,£39.00,£55.72/litre,,"Beer, Wine & Spirits"
865867,Marc Dudet Bourgogne Blanc,W,false,739,https://ecom-su-static-prod.wtrecom.com/images/products/3/LN_865867_BP_3.jpg,https://www.waitrose.com/ecom/products/marc-dudet-bourgogne-blanc/865867-772343-772344,Marc Dudet Bourgogne Blanc,75cl,£15.99,£15.99/75cl,,"Beer, Wine & Spirits"
865280,Birraficio Angelo Poretti,G,false,740,https://ecom-su-static-prod.wtrecom.com/images/products/3/LN_865280_BP_3.jpg,https://www.waitrose.com/ecom/products/birraficio-angelo-poretti/865280-803837-803838,Birraficio Angelo Poretti,12x330ml,£12.00,£3.04/litre,,"Beer, Wine & Spirits"
865222,Corona Extra,G,true,741,https://ecom-su-static-prod.wtrecom.com/images/products/3/LN_865222_BP_3.jpg,https://www.waitrose.com/ecom/products/corona-extra/865222-762210-762211,Corona Extra,6x330ml,£6.25,£3.16/litre,save £1.00. Was £7.25,"Beer, Wine & Spirits"
865173,Warner's Rhubarb Gin,G,true,742,https://ecom-su-static-prod.wtrecom.com/images/products/3/LN_865173_BP_3.jpg,https://www.waitrose.com/ecom/products/warners-rhubarb-gin/865173-547174-547175,Warner's Rhubarb Gin,70cl,£30.00,£42.86/litre,save £8.00. Was £38.00,"Beer, Wine & Spirits"
864714,Grey Goose Essences Vodka Spritz Watermelon & Basil Premix,G,true,743,https://ecom-su-static-prod.wtrecom.com/images/products/3/LN_864714_BP_3.jpg,https://www.waitrose.com/ecom/products/grey-goose-essences-vodka-spritz-watermelon-basil-premix/864714-776890-776891,Grey Goose Essences Vodka Spritz Watermelon & Basil Premix,250ml,£2.90,£11.60/litre,Mix & Match Add 4 for 3 Cheapest Item Free,"Beer, Wine & Spirits"
864515,The Duppy Share Pink Ting a Ling,G,true,744,https://ecom-su-static-prod.wtrecom.com/images/products/3/LN_864515_BP_3.jpg,https://www.waitrose.com/ecom/products/the-duppy-share-pink-ting-a-ling/864515-822865-822866,The Duppy Share Pink Ting a Ling,250ml,£2.50,£10/litre,Mix & Match Add 4 for 3 Cheapest Item Free,"Beer, Wine & Spirits"
863629,Greene King Hazy Day IPA,G,false,745,https://ecom-su-static-prod.wtrecom.com/images/products/3/LN_863629_BP_3.jpg,https://www.waitrose.com/ecom/products/greene-king-hazy-day-ipa/863629-826200-826201,Greene King Hazy Day IPA,4x330ml,£6.25,£4.74/litre,,"Beer, Wine & Spirits"
863485,No.1 Quinta de la Rosa Vintage Port,W,false,746,https://ecom-su-static-prod.wtrecom.com/images/products/3/LN_863485_BP_3.jpg,https://www.waitrose.com/ecom/products/no1-quinta-de-la-rosa-vintage-port/863485-744735-744736,No.1 Quinta de la Rosa Vintage Port,75cl,£29.99,£29.99/75cl,,"Beer, Wine & Spirits"
862564,Martini Non-Alcoholic Vibrante Aperitivo Vermouth,G,true,747,https://ecom-su-static-prod.wtrecom.com/images/products/3/LN_862564_BP_3.jpg,https://www.waitrose.com/ecom/products/martini-non-alcoholic-vibrante-aperitivo-vermouth/862564-810124-810125,Martini Non-Alcoholic Vibrante Aperitivo Vermouth,75cl,£8.00,£8/75cl,save £2.50. Was £10.50,"Beer, Wine & Spirits"
862200,Havana Club 3 Year Old White Rum,G,true,748,https://ecom-su-static-prod.wtrecom.com/images/products/3/LN_862200_BP_3.jpg,https://www.waitrose.com/ecom/products/havana-club-3-year-old-white-rum/862200-153645-153646,Havana Club 3 Year Old White Rum,70cl,£17.50,£25/litre,save £2.50. Was £20.00,"Beer, Wine & Spirits"
861839,Cocktail Collection Ciroc Cosmopolitan,G,false,749,https://ecom-su-static-prod.wtrecom.com/images/products/3/LN_861839_BP_3.jpg,https://www.waitrose.com/ecom/products/cocktail-collection-ciroc-cosmopolitan/861839-819300-819301,Cocktail Collection Ciroc Cosmopolitan,50cl,£15.00,£30/litre,,"Beer, Wine & Spirits"
860883,Loved & Found Gelber Muskateller,W,false,750,https://ecom-su-static-prod.wtrecom.com/images/products/3/LN_860883_BP_3.jpg,https://www.waitrose.com/ecom/products/loved-found-gelber-muskateller/860883-824508-824509,Loved & Found Gelber Muskateller,75cl,£8.99,£8.99/75cl,,"Beer, Wine & Spirits"
860734,Brewdog Shore Leave,G,false,751,https://ecom-su-static-prod.wtrecom.com/images/products/3/LN_860734_BP_3.jpg,https://www.waitrose.com/ecom/products/brewdog-shore-leave/860734-815446-815447,Brewdog Shore Leave,500ml,£2.35,£4.70/litre,,"Beer, Wine & Spirits"
860614,Savennieres Effet Papillon,W,false,752,https://ecom-su-static-prod.wtrecom.com/images/products/3/LN_860614_BP_3.jpg,https://www.waitrose.com/ecom/products/savennieres-effet-papillon/860614-804542-804543,Savennieres Effet Papillon,75cl,£19.99,£19.99/75cl,,"Beer, Wine & Spirits"
858865,Barton & Guestier Côtes de Provence Rosé,W,false,753,https://ecom-su-static-prod.wtrecom.com/images/products/3/LN_858865_BP_3.jpg,https://www.waitrose.com/ecom/products/barton-guestier-cotes-de-provence-rose/858865-506320-506321,Barton & Guestier Côtes de Provence Rosé,150cl,£23.99,£12/75cl,,"Beer, Wine & Spirits"
857070,Johannn Wolf Pinot Noir,W,false,754,https://ecom-su-static-prod.wtrecom.com/images/products/3/LN_857070_BP_3.jpg,https://www.waitrose.com/ecom/products/johannn-wolf-pinot-noir/857070-366249-366250,Johannn Wolf Pinot Noir,75cl,£10.99,£10.99/75cl,,"Beer, Wine & Spirits"
856486,Fourpure Citrus Session IPA,G,false,755,https://ecom-su-static-prod.wtrecom.com/images/products/3/LN_856486_BP_3.jpg,https://www.waitrose.com/ecom/products/fourpure-citrus-session-ipa/856486-815438-815439,Fourpure Citrus Session IPA,4x330ml,£6.65,£5.04/litre,,"Beer, Wine & Spirits"
855762,Valdo Aquarius Sparkling Rosé NV,W,false,756,https://ecom-su-static-prod.wtrecom.com/images/products/3/LN_855762_BP_3.jpg,https://www.waitrose.com/ecom/products/valdo-aquarius-sparkling-rose-nv/855762-826196-826197,Valdo Aquarius Sparkling Rosé NV,75cl,£12.99,£12.99/75cl,,"Beer, Wine & Spirits"
855632,Silent Pool Gin,G,true,757,https://ecom-su-static-prod.wtrecom.com/images/products/3/LN_855632_BP_3.jpg,https://www.waitrose.com/ecom/products/silent-pool-gin/855632-519111-519112,Silent Pool Gin,70cl,£34.50,£49.29/litre,save £8.50. Was £43.00,"Beer, Wine & Spirits"
855594,Penfolds Bin 28 Shiraz,W,true,758,https://ecom-su-static-prod.wtrecom.com/images/products/3/LN_855594_BP_3.jpg,https://www.waitrose.com/ecom/products/penfolds-bin-28-shiraz/855594-804538-804539,Penfolds Bin 28 Shiraz,75cl,£29.99,£29.99/75cl,Buyers Choice,"Beer, Wine & Spirits"
854584,Hayman's London Dry Gin,G,true,759,https://ecom-su-static-prod.wtrecom.com/images/products/3/LN_854584_BP_3.jpg,https://www.waitrose.com/ecom/products/haymans-london-dry-gin/854584-499554-499555,Hayman's London Dry Gin,70cl,£21.00,£30/litre,save £6.00. Was £27.00,"Beer, Wine & Spirits"
854047,Waitrose Touraine Sauvignon,W,false,760,https://ecom-su-static-prod.wtrecom.com/images/products/3/LN_854047_BP_3.jpg,https://www.waitrose.com/ecom/products/waitrose-touraine-sauvignon/854047-279002-279003,Waitrose Touraine Sauvignon,75cl,£7.99,£7.99/75cl,,"Beer, Wine & Spirits"
853453,Bombay Citron Presse Mediterranean Lemon Distilled Gin,G,false,761,https://ecom-su-static-prod.wtrecom.com/images/products/3/LN_853453_BP_3.jpg,https://www.waitrose.com/ecom/products/bombay-citron-presse-mediterranean-lemon-distilled-gin/853453-805002-805003,Bombay Citron Presse Mediterranean Lemon Distilled Gin,70cl,£25.00,£35.72/litre,,"Beer, Wine & Spirits"
852875,Warner's Pink Berry 0%,G,false,762,https://ecom-su-static-prod.wtrecom.com/images/products/3/LN_852875_BP_3.jpg,https://www.waitrose.com/ecom/products/warners-pink-berry-0/852875-783204-783205,Warner's Pink Berry 0%,50cl,£18.00,£36/litre,,"Beer, Wine & Spirits"
852430,Heidsieck & Co Monopole Blue Top Brut Champagne,W,false,763,https://ecom-su-static-prod.wtrecom.com/images/products/3/LN_852430_BP_3.jpg,https://www.waitrose.com/ecom/products/heidsieck-co-monopole-blue-top-brut-champagne/852430-791637-791638,Heidsieck & Co Monopole Blue Top Brut Champagne,75cl,£33.99,£33.99/75cl,,"Beer, Wine & Spirits"
852015,Torres Celeste Crianza,W,false,764,https://ecom-su-static-prod.wtrecom.com/images/products/3/LN_852015_BP_3.jpg,https://www.waitrose.com/ecom/products/torres-celeste-crianza/852015-511988-511989,Torres Celeste Crianza,75cl,£13.99,£13.99/75cl,,"Beer, Wine & Spirits"
851876,Olmeca Altos Reposado Tequila,G,false,765,https://ecom-su-static-prod.wtrecom.com/images/products/3/LN_851876_BP_3.jpg,https://www.waitrose.com/ecom/products/olmeca-altos-reposado-tequila/851876-298685-298686,Olmeca Altos Reposado Tequila,700ml,£30.00,£42.86/litre,,"Beer, Wine & Spirits"
851701,Jubel Beer Cut with Peach,G,false,766,https://ecom-su-static-prod.wtrecom.com/images/products/3/LN_851701_BP_3.jpg,https://www.waitrose.com/ecom/products/jubel-beer-cut-with-peach/851701-802950-802951,Jubel Beer Cut with Peach,4x330ml,£6.75,£5.12/litre,,"Beer, Wine & Spirits"
851102,The Glenlivet Caribbean Reserve Single Malt Whisky,G,false,767,https://ecom-su-static-prod.wtrecom.com/images/products/3/LN_851102_BP_3.jpg,https://www.waitrose.com/ecom/products/the-glenlivet-caribbean-reserve-single-malt-whisky/851102-744079-744080,The Glenlivet Caribbean Reserve Single Malt Whisky,70cl,£41.50,£59.29/litre,,"Beer, Wine & Spirits"
851078,Six Mile Walk Sauvignon Blanc,W,false,768,https://ecom-su-static-prod.wtrecom.com/images/products/3/LN_851078_BP_3.jpg,https://www.waitrose.com/ecom/products/six-mile-walk-sauvignon-blanc/851078-800784-800785,Six Mile Walk Sauvignon Blanc,75cl,£10.99,£10.99/75cl,,"Beer, Wine & Spirits"
850322,Guigal Côtes du Rhône Rosé,W,false,769,https://ecom-su-static-prod.wtrecom.com/images/products/3/LN_850322_BP_3.jpg,https://www.waitrose.com/ecom/products/guigal-cotes-du-rhone-rose/850322-758261-758262,Guigal Côtes du Rhône Rosé,75cl,£13.49,£13.49/75cl,,"Beer, Wine & Spirits"
850205,Rosa Blanca,G,false,770,https://ecom-su-static-prod.wtrecom.com/images/products/3/LN_850205_BP_3.jpg,https://www.waitrose.com/ecom/products/rosa-blanca/850205-815430-815431,Rosa Blanca,660ml,£2.50,£3.79/litre,,"Beer, Wine & Spirits"
849997,Recchia Amarone della Valpolicella,W,false,771,https://ecom-su-static-prod.wtrecom.com/images/products/3/LN_849997_BP_3.jpg,https://www.waitrose.com/ecom/products/recchia-amarone-della-valpolicella/849997-783704-783705,Recchia Amarone della Valpolicella,75cl,£24.99,£24.99/75cl,,"Beer, Wine & Spirits"
849599,Angioletti Secco Italian Cider,G,true,772,https://ecom-su-static-prod.wtrecom.com/images/products/3/LN_849599_BP_3.jpg,https://www.waitrose.com/ecom/products/angioletti-secco-italian-cider/849599-802164-802165,Angioletti Secco Italian Cider,500ml,£2.00,£4/litre,save 50p. Was £2.50,"Beer, Wine & Spirits"
849597,Cabernario No. 8,W,true,773,https://ecom-su-static-prod.wtrecom.com/images/products/3/LN_849597_BP_3.jpg,https://www.waitrose.com/ecom/products/cabernario-no-8/849597-795040-795041,Cabernario No. 8,75cl,£9.99,£9.99/75cl,save £5.00. Was £14.99,"Beer, Wine & Spirits"
849427,Charmes de Grand Corbin St Mililion Grand Cru,W,false,774,https://ecom-su-static-prod.wtrecom.com/images/products/3/LN_849427_BP_3.jpg,https://www.waitrose.com/ecom/products/charmes-de-grand-corbin-st-mililion-grand-cru/849427-804530-804531,Charmes de Grand Corbin St Mililion Grand Cru,75cl,£25.99,£25.99/75cl,,"Beer, Wine & Spirits"
849194,Zeno Alcohol-Liberated Red,G,true,775,https://ecom-su-static-prod.wtrecom.com/images/products/3/LN_849194_BP_3.jpg,https://www.waitrose.com/ecom/products/zeno-alcohol-liberated-red/849194-793980-793981,Zeno Alcohol-Liberated Red,75cl,£7.99,£7.99/75cl,save £2.00. Was £9.99,"Beer, Wine & Spirits"
848414,Fernet-Branca Bitters,G,false,776,https://ecom-su-static-prod.wtrecom.com/images/products/3/LN_848414_BP_3.jpg,https://www.waitrose.com/ecom/products/fernet-branca-bitters/848414-805000-805001,Fernet-Branca Bitters,70cl,£27.00,£38.58/litre,,"Beer, Wine & Spirits"
848371,"Bolney Estate Foxhole Rosé Sussex, England",W,true,777,https://ecom-su-static-prod.wtrecom.com/images/products/3/LN_848371_BP_3.jpg,https://www.waitrose.com/ecom/products/bolney-estate-foxhole-rose-sussex-england/848371-336414-336415,"Bolney Estate Foxhole Rosé Sussex, England",75cl,£13.99,£13.99/75cl,save £2.50. Was £16.49,"Beer, Wine & Spirits"
848086,Cruzcampo Sevilla Lager Beer Can 4PK,G,true,778,https://ecom-su-static-prod.wtrecom.com/images/products/3/LN_848086_BP_3.jpg,https://www.waitrose.com/ecom/products/cruzcampo-sevilla-lager-beer-can-4pk/848086-815426-815427,Cruzcampo Sevilla Lager Beer Can 4PK,4x440ml,£5.00,£2.85/litre,save £1.00. Was £6.00,"Beer, Wine & Spirits"
845888,Summer Road Old Vine Grenache,W,true,779,https://ecom-su-static-prod.wtrecom.com/images/products/3/LN_845888_BP_3.jpg,https://www.waitrose.com/ecom/products/summer-road-old-vine-grenache/845888-711322-711323,Summer Road Old Vine Grenache,75cl,£7.49,£7.49/75cl,save £2.00. Was £9.49,"Beer, Wine & Spirits"
845628,Aberlour 14 Year Old Single Malt Scotch Whisky,G,false,780,https://ecom-su-static-prod.wtrecom.com/images/products/3/LN_845628_BP_3.jpg,https://www.waitrose.com/ecom/products/aberlour-14-year-old-single-malt-scotch-whisky/845628-746601-746602,Aberlour 14 Year Old Single Malt Scotch Whisky,70cl,£63.00,£90/litre,,"Beer, Wine & Spirits"
844818,Château Deyrem Valentin Margaux AOP,W,false,781,https://ecom-su-static-prod.wtrecom.com/images/products/3/LN_844818_BP_3.jpg,https://www.waitrose.com/ecom/products/chateau-deyrem-valentin-margaux-aop/844818-448691-448692,Château Deyrem Valentin Margaux AOP,75cl,£32.99,£32.99/75cl,,"Beer, Wine & Spirits"
843005,Forza Della Natura Orange Catarratto,W,false,782,https://ecom-su-static-prod.wtrecom.com/images/products/3/LN_843005_BP_3.jpg,https://www.waitrose.com/ecom/products/forza-della-natura-orange-catarratto/843005-780877-780878,Forza Della Natura Orange Catarratto,75cl,£9.99,£9.99/75cl,,"Beer, Wine & Spirits"
842523,Escarpment Noir Pinot Noir,W,true,783,https://ecom-su-static-prod.wtrecom.com/images/products/3/LN_842523_BP_3.jpg,https://www.waitrose.com/ecom/products/escarpment-noir-pinot-noir/842523-730444-730445,Escarpment Noir Pinot Noir,75cl,£14.99,£14.99/75cl,save £5.00. Was £19.99,"Beer, Wine & Spirits"
842301,Via Roma Italian Lager,G,false,784,https://ecom-su-static-prod.wtrecom.com/images/products/3/LN_842301_BP_3.jpg,https://www.waitrose.com/ecom/products/via-roma-italian-lager/842301-822277-822278,Via Roma Italian Lager,660ml,£2.80,£4.25/litre,,"Beer, Wine & Spirits"
842116,Brewdog Shore Leave,G,false,785,https://ecom-su-static-prod.wtrecom.com/images/products/3/LN_842116_BP_3.jpg,https://www.waitrose.com/ecom/products/brewdog-shore-leave/842116-815413-815414,Brewdog Shore Leave,4x440ml,£6.25,£3.56/litre,,"Beer, Wine & Spirits"
841382,Seedlip Spice 94 Aromatic Non-Alcoholic Spirit,G,false,786,https://ecom-su-static-prod.wtrecom.com/images/products/3/LN_841382_BP_3.jpg,https://www.waitrose.com/ecom/products/seedlip-spice-94-aromatic-non-alcoholic-spirit/841382-572751-572752,Seedlip Spice 94 Aromatic Non-Alcoholic Spirit,70cl,£22.00,£31.43/litre,,"Beer, Wine & Spirits"
840897,Salmon Run Marlborough Sauvignon Blanc,W,false,787,https://ecom-su-static-prod.wtrecom.com/images/products/3/LN_840897_BP_3.jpg,https://www.waitrose.com/ecom/products/salmon-run-marlborough-sauvignon-blanc/840897-780869-780870,Salmon Run Marlborough Sauvignon Blanc,75cl,£10.99,£10.99/75cl,,"Beer, Wine & Spirits"
840631,Patrón Silver Tequila,G,true,788,https://ecom-su-static-prod.wtrecom.com/images/products/3/LN_840631_BP_3.jpg,https://www.waitrose.com/ecom/products/patron-silver-tequila/840631-728560-728561,Patrón Silver Tequila,700ml,£41.00,£58.58/litre,save £7.00. Was £48.00,"Beer, Wine & Spirits"
840242,Muscadet La Mariniere,W,false,789,https://ecom-su-static-prod.wtrecom.com/images/products/3/LN_840242_BP_3.jpg,https://www.waitrose.com/ecom/products/muscadet-la-mariniere/840242-777448-777449,Muscadet La Mariniere,75cl,£7.49,£7.49/75cl,,"Beer, Wine & Spirits"
839735,ANYDY DRNK LRG TMBLR,G,false,790,https://ecom-su-static-prod.wtrecom.com/images/products/3/LN_839735_BP_3.jpg,https://www.waitrose.com/ecom/products/anydy-drnk-lrg-tmblr/839735-305649-305650,ANYDY DRNK LRG TMBLR,1,£2.00,£2 each,,"Beer, Wine & Spirits"
839560,Oxney Organic Estate NV Brut Rose,W,false,791,https://ecom-su-static-prod.wtrecom.com/images/products/3/LN_839560_BP_3.jpg,https://www.waitrose.com/ecom/products/oxney-organic-estate-nv-brut-rose/839560-730434-730435,Oxney Organic Estate NV Brut Rose,75cl,£27.99,£27.99/75cl,,"Beer, Wine & Spirits"
839459,Pentire Coastal Spritz Non-Alcoholic Spirit,G,true,792,https://ecom-su-static-prod.wtrecom.com/images/products/3/LN_839459_BP_3.jpg,https://www.waitrose.com/ecom/products/pentire-coastal-spritz-non-alcoholic-spirit/839459-810116-810117,Pentire Coastal Spritz Non-Alcoholic Spirit,700ml,£21.60,£3.09/100ml,20% Off. Was £27.00,"Beer, Wine & Spirits"
839211,Baileys Chocolat Luxe Cream Liqueur,G,false,793,https://ecom-su-static-prod.wtrecom.com/images/products/3/LN_839211_BP_3.jpg,https://www.waitrose.com/ecom/products/baileys-chocolat-luxe-cream-liqueur/839211-298679-298680,Baileys Chocolat Luxe Cream Liqueur,500ml,£21.00,£42/litre,,"Beer, Wine & Spirits"
838804,1664 Blanc Lager Bottles,G,true,794,https://ecom-su-static-prod.wtrecom.com/images/products/3/LN_838804_BP_3.jpg,https://www.waitrose.com/ecom/products/1664-blanc-lager-bottles/838804-822273-822274,1664 Blanc Lager Bottles,12x330ml,£15.00,£3.79/litre,save £3.00. Was £18.00,"Beer, Wine & Spirits"
838266,Ciroc Passion & Lemonade,G,true,795,https://ecom-su-static-prod.wtrecom.com/images/products/3/LN_838266_BP_3.jpg,https://www.waitrose.com/ecom/products/ciroc-passion-lemonade/838266-822845-822846,Ciroc Passion & Lemonade,250ml,£2.90,£11.60/litre,Mix & Match Add 4 for 3 Cheapest Item Free,"Beer, Wine & Spirits"
838115,Hubert Brochard Sancerre,W,true,796,https://ecom-su-static-prod.wtrecom.com/images/products/3/LN_838115_BP_3.jpg,https://www.waitrose.com/ecom/products/hubert-brochard-sancerre/838115-499522-499523,Hubert Brochard Sancerre,75cl,£17.99,£17.99/75cl,save £3.00. Was £20.99,"Beer, Wine & Spirits"
837454,Campari Negroni Ready to Drink,G,true,797,https://ecom-su-static-prod.wtrecom.com/images/products/3/LN_837454_BP_3.jpg,https://www.waitrose.com/ecom/products/campari-negroni-ready-to-drink/837454-791245-791246,Campari Negroni Ready to Drink,50cl,£19.00,£38/litre,save £3.00. Was £22.00,"Beer, Wine & Spirits"
837001,Corryton Burge Winemakers Reserve Chardonnay,W,false,798,https://ecom-su-static-prod.wtrecom.com/images/products/3/LN_837001_BP_3.jpg,https://www.waitrose.com/ecom/products/corryton-burge-winemakers-reserve-chardonnay/837001-820670-820671,Corryton Burge Winemakers Reserve Chardonnay,75cl,£11.99,£11.99/75cl,,"Beer, Wine & Spirits"
835803,Patron Anejo Vintage Tequila,G,false,799,https://ecom-su-static-prod.wtrecom.com/images/products/3/LN_835803_BP_3.jpg,https://www.waitrose.com/ecom/products/patron-anejo-vintage-tequila/835803-804984-804985,Patron Anejo Vintage Tequila,70cl,£60.00,£85.72/litre,,"Beer, Wine & Spirits"
835771,Brewdog Elvis Juice,G,true,800,https://ecom-su-static-prod.wtrecom.com/images/products/3/LN_835771_BP_3.jpg,https://www.waitrose.com/ecom/products/brewdog-elvis-juice/835771-815409-815410,Brewdog Elvis Juice,4x330ml,£5.50,£4.17/litre,save £1.00. Was £6.50,"Beer, Wine & Spirits"
834205,Level Head Session IPA,G,false,801,https://ecom-su-static-prod.wtrecom.com/images/products/3/LN_834205_BP_3.jpg,https://www.waitrose.com/ecom/products/level-head-session-ipa/834205-786376-786377,Level Head Session IPA,4x330ml,£6.25,£4.74/litre,,"Beer, Wine & Spirits"
832943,"Denbies Rose Hill Rosé Surrey, England",W,false,802,https://ecom-su-static-prod.wtrecom.com/images/products/3/LN_832943_BP_3.jpg,https://www.waitrose.com/ecom/products/denbies-rose-hill-rose-surrey-england/832943-343580-343581,"Denbies Rose Hill Rosé Surrey, England",75cl,£11.49,£11.49/75cl,,"Beer, Wine & Spirits"
832125,Johnnie Walker Green Label 15YO,G,false,803,https://ecom-su-static-prod.wtrecom.com/images/products/3/LN_832125_BP_3.jpg,https://www.waitrose.com/ecom/products/johnnie-walker-green-label-15yo/832125-813010-813011,Johnnie Walker Green Label 15YO,70cl,£49.00,£52.51/75cl,,"Beer, Wine & Spirits"
831575,Montecastro Reserva Ribera del Duero,W,false,804,https://ecom-su-static-prod.wtrecom.com/images/products/3/LN_831575_BP_3.jpg,https://www.waitrose.com/ecom/products/montecastro-reserva-ribera-del-duero/831575-633614-633615,Montecastro Reserva Ribera del Duero,75cl,£27.99,£27.99/75cl,,"Beer, Wine & Spirits"
831434,Deanston Virgin Oak Single Malt Scotch Whisky,G,true,805,https://ecom-su-static-prod.wtrecom.com/images/products/3/LN_831434_BP_3.jpg,https://www.waitrose.com/ecom/products/deanston-virgin-oak-single-malt-scotch-whisky/831434-791237-791238,Deanston Virgin Oak Single Malt Scotch Whisky,700ml,£27.00,£38.58/litre,save £10.50. Was £37.50,"Beer, Wine & Spirits"
831162,Bombay Citron Presse Citrus Collins Premix Gin Cocktail,G,true,806,https://ecom-su-static-prod.wtrecom.com/images/products/3/LN_831162_BP_3.jpg,https://www.waitrose.com/ecom/products/bombay-citron-presse-citrus-collins-premix-gin-cocktail/831162-805429-805430,Bombay Citron Presse Citrus Collins Premix Gin Cocktail,250ml,£2.60,£10.40/litre,Mix & Match Add 4 for 3 Cheapest Item Free,"Beer, Wine & Spirits"
830779,Drouhin Dundee Hills Pinot Noir,W,false,807,https://ecom-su-static-prod.wtrecom.com/images/products/3/LN_830779_BP_3.jpg,https://www.waitrose.com/ecom/products/drouhin-dundee-hills-pinot-noir/830779-692030-692031,Drouhin Dundee Hills Pinot Noir,75cl,£37.99,£37.99/75cl,,"Beer, Wine & Spirits"
830604,Diplomático Mantuano,G,true,808,https://ecom-su-static-prod.wtrecom.com/images/products/3/LN_830604_BP_3.jpg,https://www.waitrose.com/ecom/products/diplomatico-mantuano/830604-683840-683841,Diplomático Mantuano,70cl,£26.50,£37.86/litre,save £5.50. Was £32.00,"Beer, Wine & Spirits"
830411,Isula Mea Syrah-Sciaccarellu Rosé IGP Ile de Beauté,W,true,809,https://ecom-su-static-prod.wtrecom.com/images/products/3/LN_830411_BP_3.jpg,https://www.waitrose.com/ecom/products/isula-mea-syrah-sciaccarellu-rose-igp-ile-de-beaute/830411-824506-824507,Isula Mea Syrah-Sciaccarellu Rosé IGP Ile de Beauté,75cl,£7.99,£7.99/75cl,save £2.00. Was £9.99,"Beer, Wine & Spirits"
830369,Beavertown Mixed Pack,G,false,810,https://ecom-su-static-prod.wtrecom.com/images/products/3/LN_830369_BP_3.jpg,https://www.waitrose.com/ecom/products/beavertown-mixed-pack/830369-823838-823838,Beavertown Mixed Pack,12x330ml,£17.00,£4.30/litre,,"Beer, Wine & Spirits"
830327,"Camel Valley Pinot Noir Rosé Brut Cornwall, England",W,true,811,https://ecom-su-static-prod.wtrecom.com/images/products/3/LN_830327_BP_3.jpg,https://www.waitrose.com/ecom/products/camel-valley-pinot-noir-rose-brut-cornwall-england/830327-336386-336387,"Camel Valley Pinot Noir Rosé Brut Cornwall, England",75cl,£28.99,£28.99/75cl,save £7.00. Was £35.99,"Beer, Wine & Spirits"
830314,Mud House Pinot Noir Central Otago,W,false,812,https://ecom-su-static-prod.wtrecom.com/images/products/3/LN_830314_BP_3.jpg,https://www.waitrose.com/ecom/products/mud-house-pinot-noir-central-otago/830314-696388-696389,Mud House Pinot Noir Central Otago,75cl,£12.99,£12.99/75cl,,"Beer, Wine & Spirits"
830053,Hattingley Valley Classic Reserve NV,W,false,813,https://ecom-su-static-prod.wtrecom.com/images/products/3/LN_830053_BP_3.jpg,https://www.waitrose.com/ecom/products/hattingley-valley-classic-reserve-nv/830053-424165-424166,Hattingley Valley Classic Reserve NV,75cl,£33.99,£33.99/75cl,,"Beer, Wine & Spirits"
828890,Mad Squirrel Roadkill New England IPA,G,true,814,https://ecom-su-static-prod.wtrecom.com/images/products/3/LN_828890_BP_3.jpg,https://www.waitrose.com/ecom/products/mad-squirrel-roadkill-new-england-ipa/828890-786362-786363,Mad Squirrel Roadkill New England IPA,440ml,£3.75,£8.53/litre,Mix & Match Add 5 for 4 Cheapest Item Free,"Beer, Wine & Spirits"
828279,Chablis Montmains Premier Cru,W,false,815,https://ecom-su-static-prod.wtrecom.com/images/products/3/LN_828279_BP_3.jpg,https://www.waitrose.com/ecom/products/chablis-montmains-premier-cru/828279-200553-200554,Chablis Montmains Premier Cru,75cl,£29.99,£29.99/75cl,,"Beer, Wine & Spirits"
827527,Renegade Brewery Good Old Boy Berkshire,G,false,816,https://ecom-su-static-prod.wtrecom.com/images/products/3/LN_827527_BP_3.jpg,https://www.waitrose.com/ecom/products/renegade-brewery-good-old-boy-berkshire/827527-220686-220687,Renegade Brewery Good Old Boy Berkshire,500ml,£2.10,£4.20/litre,,"Beer, Wine & Spirits"
826894,Yamazaki Distillers Single Malt Japanese Whisky,G,false,817,https://ecom-su-static-prod.wtrecom.com/images/products/3/LN_826894_BP_3.jpg,https://www.waitrose.com/ecom/products/yamazaki-distillers-single-malt-japanese-whisky/826894-353908-353909,Yamazaki Distillers Single Malt Japanese Whisky,70cl,£81.00,£115.72/litre,,"Beer, Wine & Spirits"
826631,Miraval Provence Sainte Victoire Rosé,W,true,818,https://ecom-su-static-prod.wtrecom.com/images/products/3/LN_826631_BP_3.jpg,https://www.waitrose.com/ecom/products/miraval-provence-sainte-victoire-rose/826631-772241-772242,Miraval Provence Sainte Victoire Rosé,75cl,£18.99,£18.99/75cl,save £6.00. Was £24.99,"Beer, Wine & Spirits"
826206,Chapelle de Bages Pauillac,W,false,819,https://ecom-su-static-prod.wtrecom.com/images/products/3/LN_826206_BP_3.jpg,https://www.waitrose.com/ecom/products/chapelle-de-bages-pauillac/826206-680583-680584,Chapelle de Bages Pauillac,75cl,£32.99,£32.99/75cl,,"Beer, Wine & Spirits"
826148,Camden Pale Ale,G,true,820,https://ecom-su-static-prod.wtrecom.com/images/products/3/LN_826148_BP_3.jpg,https://www.waitrose.com/ecom/products/camden-pale-ale/826148-692477-692478,Camden Pale Ale,330ml,£2.00,£6.07/litre,Add 4 for £6,"Beer, Wine & Spirits"
824671,Singha,G,true,821,https://ecom-su-static-prod.wtrecom.com/images/products/3/LN_824671_BP_3.jpg,https://www.waitrose.com/ecom/products/singha/824671-746545-746546,Singha,630ml,£2.80,£4.45/litre,Add 2 for £5,"Beer, Wine & Spirits"
823989,Château de Rochemorin AOC Pessac-Leognan,W,false,822,https://ecom-su-static-prod.wtrecom.com/images/products/3/LN_823989_BP_3.jpg,https://www.waitrose.com/ecom/products/chateau-de-rochemorin-aoc-pessac-leognan/823989-734668-734669,Château de Rochemorin AOC Pessac-Leognan,75cl,£19.99,£19.99/75cl,,"Beer, Wine & Spirits"
823547,Johnnie Walker Gold Reserve,G,false,823,https://ecom-su-static-prod.wtrecom.com/images/products/3/LN_823547_BP_3.jpg,https://www.waitrose.com/ecom/products/johnnie-walker-gold-reserve/823547-813004-813005,Johnnie Walker Gold Reserve,70cl,£53.00,£75.72/litre,,"Beer, Wine & Spirits"
823509,Waitrose Winged Corkscrew,G,false,824,https://ecom-su-static-prod.wtrecom.com/images/products/3/LN_823509_BP_3.jpg,https://www.waitrose.com/ecom/products/waitrose-winged-corkscrew/823509-625324-625325,Waitrose Winged Corkscrew,each,£6.50,£6.50 each,,"Beer, Wine & Spirits"
823314,Rasteau Edition Limitee,W,true,825,https://ecom-su-static-prod.wtrecom.com/images/products/3/LN_823314_BP_3.jpg,https://www.waitrose.com/ecom/products/rasteau-edition-limitee/823314-785992-785993,Rasteau Edition Limitee,75cl,£11.99,£11.99/75cl,save £4.00. Was £15.99,"Beer, Wine & Spirits"
822591,Old Mout Cider Berries & Cherries Can 4PK,G,false,826,https://ecom-su-static-prod.wtrecom.com/images/products/3/LN_822591_BP_3.jpg,https://www.waitrose.com/ecom/products/old-mout-cider-berries-cherries-can-4pk/822591-822259-822260,Old Mout Cider Berries & Cherries Can 4PK,4x330ml,£5.50,£4.17/litre,,"Beer, Wine & Spirits"
821752,Tyskie Cans,G,false,827,https://ecom-su-static-prod.wtrecom.com/images/products/3/LN_821752_BP_3.jpg,https://www.waitrose.com/ecom/products/tyskie-cans/821752-823829-823830,Tyskie Cans,4x500ml,£5.50,£2.75/litre,,"Beer, Wine & Spirits"
821154,Black Tot Finest Caribbean Rum,G,false,828,https://ecom-su-static-prod.wtrecom.com/images/products/3/LN_821154_BP_3.jpg,https://www.waitrose.com/ecom/products/black-tot-finest-caribbean-rum/821154-778444-778445,Black Tot Finest Caribbean Rum,70cl,£41.00,£58.58/litre,,"Beer, Wine & Spirits"
820984,Old Mout Cider Kiwi & Lime,G,false,829,https://ecom-su-static-prod.wtrecom.com/images/products/3/LN_820984_BP_3.jpg,https://www.waitrose.com/ecom/products/old-mout-cider-kiwi-lime/820984-823827-823828,Old Mout Cider Kiwi & Lime,10x330ml,£9.00,£2.73/litre,,"Beer, Wine & Spirits"
820000,1800 Silver Tequila,G,true,830,https://ecom-su-static-prod.wtrecom.com/images/products/3/LN_820000_BP_3.jpg,https://www.waitrose.com/ecom/products/1800-silver-tequila/820000-735934-735935,1800 Silver Tequila,70cl,£27.00,£38.58/litre,save £8.00. Was £35.00,"Beer, Wine & Spirits"
819478,Nicolas Feuillatte Reserve Exclusive NV Rosé Champagne,W,false,831,https://ecom-su-static-prod.wtrecom.com/images/products/3/LN_819478_BP_3.jpg,https://www.waitrose.com/ecom/products/nicolas-feuillatte-reserve-exclusive-nv-rose-champagne/819478-689672-689673,Nicolas Feuillatte Reserve Exclusive NV Rosé Champagne,75cl,£36.99,£36.99/75cl,,"Beer, Wine & Spirits"
819422,Orchard Pig Reveller,G,true,832,https://ecom-su-static-prod.wtrecom.com/images/products/3/LN_819422_BP_3.jpg,https://www.waitrose.com/ecom/products/orchard-pig-reveller/819422-822255-822256,Orchard Pig Reveller,4x440ml,£4.75,£2.70/litre,save £1.00. Was £5.75,"Beer, Wine & Spirits"
819370,The Balvenie Doublewood 12 Year Old,G,false,833,https://ecom-su-static-prod.wtrecom.com/images/products/3/LN_819370_BP_3.jpg,https://www.waitrose.com/ecom/products/the-balvenie-doublewood-12-year-old/819370-298663-298664,The Balvenie Doublewood 12 Year Old,20cl,£17.50,£87.50/litre,,"Beer, Wine & Spirits"
819276,Sipsmith FreeGlider Non-alcoholic Spirit,G,true,834,https://ecom-su-static-prod.wtrecom.com/images/products/3/LN_819276_BP_3.jpg,https://www.waitrose.com/ecom/products/sipsmith-freeglider-non-alcoholic-spirit/819276-747590-747591,Sipsmith FreeGlider Non-alcoholic Spirit,70cl,£15.00,£21.43/litre,save £4.00. Was £19.00,"Beer, Wine & Spirits"
818746,Waitrose English Dry White,W,false,835,https://ecom-su-static-prod.wtrecom.com/images/products/3/LN_818746_BP_3.jpg,https://www.waitrose.com/ecom/products/waitrose-english-dry-white/818746-343516-343517,Waitrose English Dry White,75cl,£9.99,£9.99/75cl,,"Beer, Wine & Spirits"
817754,De Kuyper Cherry Brandy Liqueur,G,true,836,https://ecom-su-static-prod.wtrecom.com/images/products/3/LN_817754_BP_3.jpg,https://www.waitrose.com/ecom/products/de-kuyper-cherry-brandy-liqueur/817754-695224-695225,De Kuyper Cherry Brandy Liqueur,50cl,£12.00,£24/litre,save £3.20. Was £15.20,"Beer, Wine & Spirits"
817128,PepperBox Shiraz,W,false,837,https://ecom-su-static-prod.wtrecom.com/images/products/3/LN_817128_BP_3.jpg,https://www.waitrose.com/ecom/products/pepperbox-shiraz/817128-779777-779778,PepperBox Shiraz,75cl,£10.99,£10.99/75cl,,"Beer, Wine & Spirits"
817090,Jack Daniel's Triple Mash Blended Whiskey,G,true,838,https://ecom-su-static-prod.wtrecom.com/images/products/3/LN_817090_BP_3.jpg,https://www.waitrose.com/ecom/products/jack-daniels-triple-mash-blended-whiskey/817090-804974-804975,Jack Daniel's Triple Mash Blended Whiskey,70cl,£34.00,£48.58/litre,save £10.00. Was £44.00,"Beer, Wine & Spirits"
815454,Chase Marmalade Aged Vodka,G,false,839,https://ecom-su-static-prod.wtrecom.com/images/products/3/LN_815454_BP_3.jpg,https://www.waitrose.com/ecom/products/chase-marmalade-aged-vodka/815454-804972-804973,Chase Marmalade Aged Vodka,70cl,£31.50,£45/litre,,"Beer, Wine & Spirits"
814828,Sapling Climate Positive Vodka,G,false,840,https://ecom-su-static-prod.wtrecom.com/images/products/3/LN_814828_BP_3.jpg,https://www.waitrose.com/ecom/products/sapling-climate-positive-vodka/814828-819105-819106,Sapling Climate Positive Vodka,70cl,£32.00,£45.72/litre,,"Beer, Wine & Spirits"
814533,Klinker Brick Marisa Vineyard Zinfandel,W,true,841,https://ecom-su-static-prod.wtrecom.com/images/products/3/LN_814533_BP_3.jpg,https://www.waitrose.com/ecom/products/klinker-brick-marisa-vineyard-zinfandel/814533-817058-817059,Klinker Brick Marisa Vineyard Zinfandel,75cl,£22.99,£22.99/75cl,save £5.00. Was £27.99,"Beer, Wine & Spirits"
813160,Two Tribes Metroland Session IPA,G,false,842,https://ecom-su-static-prod.wtrecom.com/images/products/3/LN_813160_BP_3.jpg,https://www.waitrose.com/ecom/products/two-tribes-metroland-session-ipa/813160-786338-786339,Two Tribes Metroland Session IPA,330ml,£2.35,£7.13/litre,,"Beer, Wine & Spirits"
812988,No.1 8 Year Old Blended Scotch Whisky,G,false,843,https://ecom-su-static-prod.wtrecom.com/images/products/3/LN_812988_BP_3.jpg,https://www.waitrose.com/ecom/products/no1-8-year-old-blended-scotch-whisky/812988-237654-237655,No.1 8 Year Old Blended Scotch Whisky,70cl,£23.00,£32.86/litre,,"Beer, Wine & Spirits"
812139,Le Sabbie dell'Etna Rosso,W,true,844,https://ecom-su-static-prod.wtrecom.com/images/products/3/LN_812139_BP_3.jpg,https://www.waitrose.com/ecom/products/le-sabbie-delletna-rosso/812139-665676-665677,Le Sabbie dell'Etna Rosso,75cl,£12.49,£12.49/75cl,save £2.50. Was £14.99,"Beer, Wine & Spirits"
812047,1000 Stories Bourbon Barrel-Aged Gold Rush Red,W,false,845,https://ecom-su-static-prod.wtrecom.com/images/products/3/LN_812047_BP_3.jpg,https://www.waitrose.com/ecom/products/1000-stories-bourbon-barrel-aged-gold-rush-red/812047-788748-788749,1000 Stories Bourbon Barrel-Aged Gold Rush Red,75cl,£15.99,£15.99/75cl,,"Beer, Wine & Spirits"
811298,Starward Left-Field Single Malt Australian Whisky,G,false,846,https://ecom-su-static-prod.wtrecom.com/images/products/3/LN_811298_BP_3.jpg,https://www.waitrose.com/ecom/products/starward-left-field-single-malt-australian-whisky/811298-746593-746594,Starward Left-Field Single Malt Australian Whisky,700ml,£39.50,£56.43/litre,,"Beer, Wine & Spirits"
810541,Drambuie Scotch Whisky Liqueur,G,false,847,https://ecom-su-static-prod.wtrecom.com/images/products/3/LN_810541_BP_3.jpg,https://www.waitrose.com/ecom/products/drambuie-scotch-whisky-liqueur/810541-760644-760645,Drambuie Scotch Whisky Liqueur,50cl,£22.00,£44/litre,,"Beer, Wine & Spirits"
810498,Jack Daniel's & Coca-Cola,G,true,848,https://ecom-su-static-prod.wtrecom.com/images/products/3/LN_810498_BP_3.jpg,https://www.waitrose.com/ecom/products/jack-daniels-coca-cola/810498-805427-805428,Jack Daniel's & Coca-Cola,330ml,£2.30,£6.97/litre,Mix & Match Add 4 for 3 Cheapest Item Free,"Beer, Wine & Spirits"
808420,Toast Grassroots Pale Ale,G,false,849,https://ecom-su-static-prod.wtrecom.com/images/products/3/LN_808420_BP_3.jpg,https://www.waitrose.com/ecom/products/toast-grassroots-pale-ale/808420-815385-815386,Toast Grassroots Pale Ale,330ml,£2.15,£6.52/litre,,"Beer, Wine & Spirits"
807880,Kopparberg Raspberry Cider,G,false,850,https://ecom-su-static-prod.wtrecom.com/images/products/3/LN_807880_BP_3.jpg,https://www.waitrose.com/ecom/products/kopparberg-raspberry-cider/807880-822249-822250,Kopparberg Raspberry Cider,500ml,£2.50,£5/litre,,"Beer, Wine & Spirits"
807690,Grey Goose Essences Vodka Spritz Strawberry & Lemon Premix,G,true,851,https://ecom-su-static-prod.wtrecom.com/images/products/3/LN_807690_BP_3.jpg,https://www.waitrose.com/ecom/products/grey-goose-essences-vodka-spritz-strawberry-lemon-premix/807690-776852-776853,Grey Goose Essences Vodka Spritz Strawberry & Lemon Premix,250ml,£2.90,£11.60/litre,Mix & Match Add 4 for 3 Cheapest Item Free,"Beer, Wine & Spirits"
806991,Domaine Carême Spring Vouvray Sec Chenin Blanc,W,false,852,https://ecom-su-static-prod.wtrecom.com/images/products/3/LN_806991_BP_3.jpg,https://www.waitrose.com/ecom/products/domaine-careme-spring-vouvray-sec-chenin-blanc/806991-700720-700721,Domaine Carême Spring Vouvray Sec Chenin Blanc,75cl,£15.99,£15.99/75cl,,"Beer, Wine & Spirits"
806628,And Union Friday IPA Germany,G,true,853,https://ecom-su-static-prod.wtrecom.com/images/products/3/LN_806628_BP_3.jpg,https://www.waitrose.com/ecom/products/and-union-friday-ipa-germany/806628-662361-662362,And Union Friday IPA Germany,330ml,£1.85,£5.61/litre,Add 3 for £5,"Beer, Wine & Spirits"
806479,Laurent-Perrier La Cuvée Brut NV,W,false,854,https://ecom-su-static-prod.wtrecom.com/images/products/3/LN_806479_BP_3.jpg,https://www.waitrose.com/ecom/products/laurent-perrier-la-cuvee-brut-nv/806479-378755-378756,Laurent-Perrier La Cuvée Brut NV,37.5cl,£26.99,£53.98/75cl,,"Beer, Wine & Spirits"
806311,Haku Vodka,G,true,855,https://ecom-su-static-prod.wtrecom.com/images/products/3/LN_806311_BP_3.jpg,https://www.waitrose.com/ecom/products/haku-vodka/806311-695212-695213,Haku Vodka,70cl,£31.00,£44.29/litre,save £6.00. Was £37.00,"Beer, Wine & Spirits"
806084,CleanCo Clean R Non-Alcoholic Rum Replacement,G,true,856,https://ecom-su-static-prod.wtrecom.com/images/products/3/LN_806084_BP_3.jpg,https://www.waitrose.com/ecom/products/cleanco-clean-r-non-alcoholic-rum-replacement/806084-793594-793595,CleanCo Clean R Non-Alcoholic Rum Replacement,70cl,£10.00,£14.29/litre,save £7.00. Was £17.00,"Beer, Wine & Spirits"
805588,Stella Artois Unfiltered Super Premium Lager Beer Cans,G,true,857,https://ecom-su-static-prod.wtrecom.com/images/products/3/LN_805588_BP_3.jpg,https://www.waitrose.com/ecom/products/stella-artois-unfiltered-super-premium-lager-beer-cans/805588-778436-778437,Stella Artois Unfiltered Super Premium Lager Beer Cans,6x330ml,£6.50,£3.29/litre,save 75p. Was £7.25,"Beer, Wine & Spirits"
805150,White Claw Watermelon,G,true,858,https://ecom-su-static-prod.wtrecom.com/images/products/3/LN_805150_BP_3.jpg,https://www.waitrose.com/ecom/products/white-claw-watermelon/805150-822815-822816,White Claw Watermelon,330ml,£2.20,£6.67/litre,Mix & Match Add 4 for 3 Cheapest Item Free,"Beer, Wine & Spirits"
804624,Goslings Black Seal Bermuda Black Rum,G,false,859,https://ecom-su-static-prod.wtrecom.com/images/products/3/LN_804624_BP_3.jpg,https://www.waitrose.com/ecom/products/goslings-black-seal-bermuda-black-rum/804624-443032-443033,Goslings Black Seal Bermuda Black Rum,70cl,£29.00,£41.43/litre,,"Beer, Wine & Spirits"
804552,St. Peter's Plum Porter,G,true,860,https://ecom-su-static-prod.wtrecom.com/images/products/3/LN_804552_BP_3.jpg,https://www.waitrose.com/ecom/products/st-peters-plum-porter/804552-815381-815382,St. Peter's Plum Porter,500ml,£2.25,£4.50/litre,Add 4 for £7,"Beer, Wine & Spirits"
804365,Loch Lomond 10 Year Old Single Malt Whisky,G,true,861,https://ecom-su-static-prod.wtrecom.com/images/products/3/LN_804365_BP_3.jpg,https://www.waitrose.com/ecom/products/loch-lomond-10-year-old-single-malt-whisky/804365-683820-683821,Loch Lomond 10 Year Old Single Malt Whisky,70cl,£25.00,£35.72/litre,save £15.00. Was £40.00,"Beer, Wine & Spirits"
803442,Plantation X.O 20th Anniversary Rum,G,true,862,https://ecom-su-static-prod.wtrecom.com/images/products/3/LN_803442_BP_3.jpg,https://www.waitrose.com/ecom/products/plantation-xo-20th-anniversary-rum/803442-778434-778435,Plantation X.O 20th Anniversary Rum,70cl,£44.00,£62.86/litre,save £5.00. Was £49.00,"Beer, Wine & Spirits"
803028,Eccelsa Vermentino,W,true,863,https://ecom-su-static-prod.wtrecom.com/images/products/3/LN_803028_BP_3.jpg,https://www.waitrose.com/ecom/products/eccelsa-vermentino/803028-804506-804507,Eccelsa Vermentino,750ml,£8.99,,save £1.00. Was £9.99,"Beer, Wine & Spirits"
802999,Tiny Rebel Clwb Tropica Tropical IPA,G,true,864,https://ecom-su-static-prod.wtrecom.com/images/products/3/LN_802999_BP_3.jpg,https://www.waitrose.com/ecom/products/tiny-rebel-clwb-tropica-tropical-ipa/802999-728514-728515,Tiny Rebel Clwb Tropica Tropical IPA,4x330ml,£7.40,£5.61/litre,save 60p. Was £8.00,"Beer, Wine & Spirits"
802921,HChocolat Velvetised Choc Cream,G,false,865,https://ecom-su-static-prod.wtrecom.com/images/products/3/LN_802921_BP_3.jpg,https://www.waitrose.com/ecom/products/hchocolat-velvetised-choc-cream/802921-778432-778433,HChocolat Velvetised Choc Cream,500ml,£23.00,£46/litre,,"Beer, Wine & Spirits"
802043,Casamigos Blanco Tequila,G,true,866,https://ecom-su-static-prod.wtrecom.com/images/products/3/LN_802043_BP_3.jpg,https://www.waitrose.com/ecom/products/casamigos-blanco-tequila/802043-728510-728511,Casamigos Blanco Tequila,70cl,£35.00,£50/litre,save £15.00. Was £50.00,"Beer, Wine & Spirits"
801863,Henney's Autumn Gold,G,true,867,https://ecom-su-static-prod.wtrecom.com/images/products/3/LN_801863_BP_3.jpg,https://www.waitrose.com/ecom/products/henneys-autumn-gold/801863-692656-692657,Henney's Autumn Gold,500ml,£2.50,£5/litre,Add 3 for £6,"Beer, Wine & Spirits"
801395,Northern Monk Faith Hazy Pale Ale,G,false,868,https://ecom-su-static-prod.wtrecom.com/images/products/3/LN_801395_BP_3.jpg,https://www.waitrose.com/ecom/products/northern-monk-faith-hazy-pale-ale/801395-757471-757472,Northern Monk Faith Hazy Pale Ale,4x330ml,£6.75,£5.12/litre,,"Beer, Wine & Spirits"
801306,Flor de Muga Grenache Rosé,W,true,869,https://ecom-su-static-prod.wtrecom.com/images/products/3/LN_801306_BP_3.jpg,https://www.waitrose.com/ecom/products/flor-de-muga-grenache-rose/801306-691934-691935,Flor de Muga Grenache Rosé,75cl,£16.99,£16.99/75cl,save £3.00. Was £19.99,"Beer, Wine & Spirits"
800782,Famille Brocard Organic Chablis,W,false,870,https://ecom-su-static-prod.wtrecom.com/images/products/3/LN_800782_BP_3.jpg,https://www.waitrose.com/ecom/products/famille-brocard-organic-chablis/800782-772143-772144,Famille Brocard Organic Chablis,75cl,£19.99,£19.99/75cl,,"Beer, Wine & Spirits"
800114,Louis Jadot Beaune Premier Cru,W,false,871,https://ecom-su-static-prod.wtrecom.com/images/products/3/LN_800114_BP_3.jpg,https://www.waitrose.com/ecom/products/louis-jadot-beaune-premier-cru/800114-726554-726555,Louis Jadot Beaune Premier Cru,75cl,£37.99,£37.99/75cl,,"Beer, Wine & Spirits"
800022,Cave de Lugny Mácon-Lugny La Carte,W,false,872,https://ecom-su-static-prod.wtrecom.com/images/products/3/LN_800022_BP_3.jpg,https://www.waitrose.com/ecom/products/cave-de-lugny-macon-lugny-la-carte/800022-648222-648223,Cave de Lugny Mácon-Lugny La Carte,75cl,£17.99,£17.99/75cl,,"Beer, Wine & Spirits"
799602,Masi Costasera Amarone Classico DOCG,W,true,873,https://ecom-su-static-prod.wtrecom.com/images/products/3/LN_799602_BP_3.jpg,https://www.waitrose.com/ecom/products/masi-costasera-amarone-classico-docg/799602-779769-779770,Masi Costasera Amarone Classico DOCG,75cl,£29.99,£29.99/75cl,save £8.00. Was £37.99,"Beer, Wine & Spirits"
797937,CleanCo Clean T Non-Alcoholic Tequila,G,true,874,https://ecom-su-static-prod.wtrecom.com/images/products/3/LN_797937_BP_3.jpg,https://www.waitrose.com/ecom/products/cleanco-clean-t-non-alcoholic-tequila/797937-793586-793587,CleanCo Clean T Non-Alcoholic Tequila,70cl,£12.00,£17.15/litre,save £5.00. Was £17.00,"Beer, Wine & Spirits"
797717,Mirabeau Rosé Gin,G,false,875,https://ecom-su-static-prod.wtrecom.com/images/products/3/LN_797717_BP_3.jpg,https://www.waitrose.com/ecom/products/mirabeau-rose-gin/797717-718101-718102,Mirabeau Rosé Gin,70cl,£32.00,£45.72/litre,,"Beer, Wine & Spirits"
797534,Faustino I Gran Reserva,W,false,876,https://ecom-su-static-prod.wtrecom.com/images/products/3/LN_797534_BP_3.jpg,https://www.waitrose.com/ecom/products/faustino-i-gran-reserva/797534-772131-772132,Faustino I Gran Reserva,75cl,£17.99,£17.99/75cl,,"Beer, Wine & Spirits"
796279,Sipsmith Lemon Drizzle Gin,G,true,877,https://ecom-su-static-prod.wtrecom.com/images/products/3/LN_796279_BP_3.jpg,https://www.waitrose.com/ecom/products/sipsmith-lemon-drizzle-gin/796279-731693-731694,Sipsmith Lemon Drizzle Gin,70cl,£22.00,£31.43/litre,Reduced to Clear. Was £30.00,"Beer, Wine & Spirits"
796111,Berthier Coteaux du Giennois Sauvignon Blanc,W,false,878,https://ecom-su-static-prod.wtrecom.com/images/products/3/LN_796111_BP_3.jpg,https://www.waitrose.com/ecom/products/berthier-coteaux-du-giennois-sauvignon-blanc/796111-696340-696341,Berthier Coteaux du Giennois Sauvignon Blanc,75cl,£13.99,£13.99/75cl,,"Beer, Wine & Spirits"
795958,John Lewis Infusing Jug,G,true,879,https://ecom-su-static-prod.wtrecom.com/images/products/3/LN_795958_BP_3.jpg,https://www.waitrose.com/ecom/products/john-lewis-infusing-jug/795958-658653-658654,John Lewis Infusing Jug,each,£15.00,£15 each,25% Off. Was £15.00,"Beer, Wine & Spirits"
795462,Hidalgo Manzanilla Pasada Pastrana,W,false,880,https://ecom-su-static-prod.wtrecom.com/images/products/3/LN_795462_BP_3.jpg,https://www.waitrose.com/ecom/products/hidalgo-manzanilla-pasada-pastrana/795462-113188-113189,Hidalgo Manzanilla Pasada Pastrana,75cl,£17.99,£17.99/75cl,,"Beer, Wine & Spirits"
794891,Venturina Freisa d'Asti,W,false,881,https://ecom-su-static-prod.wtrecom.com/images/products/3/LN_794891_BP_3.jpg,https://www.waitrose.com/ecom/products/venturina-freisa-dasti/794891-804504-804505,Venturina Freisa d'Asti,75cl,£10.99,£10.99/75cl,,"Beer, Wine & Spirits"
794851,Siren Broken Dream Nitro Breakfast Stout,G,true,882,https://ecom-su-static-prod.wtrecom.com/images/products/3/LN_794851_BP_3.jpg,https://www.waitrose.com/ecom/products/siren-broken-dream-nitro-breakfast-stout/794851-743987-743988,Siren Broken Dream Nitro Breakfast Stout,440ml,£3.10,£7.05/litre,Mix & Match Add 5 for 4 Cheapest Item Free,"Beer, Wine & Spirits"
793584,Kopke White Port Colheita 2010,W,true,883,https://ecom-su-static-prod.wtrecom.com/images/products/3/LN_793584_BP_3.jpg,https://www.waitrose.com/ecom/products/kopke-white-port-colheita-2010/793584-810470-810471,Kopke White Port Colheita 2010,75cl,£35.99,£35.99/75cl,save £7.00. Was £42.99,"Beer, Wine & Spirits"
789068,Ventoux Rémy Ferbras,W,false,884,https://ecom-su-static-prod.wtrecom.com/images/products/3/LN_789068_BP_3.jpg,https://www.waitrose.com/ecom/products/ventoux-remy-ferbras/789068-585661-585662,Ventoux Rémy Ferbras,75cl,£9.99,£9.99/75cl,,"Beer, Wine & Spirits"
788911,Pierro Chardonnay Margaret River W Australia,W,false,885,https://ecom-su-static-prod.wtrecom.com/images/products/3/LN_788911_BP_3.jpg,https://www.waitrose.com/ecom/products/pierro-chardonnay-margaret-river-w-australia/788911-112271-112272,Pierro Chardonnay Margaret River W Australia,75cl,£52.99,£52.99/75cl,,"Beer, Wine & Spirits"
788151,Tiny Rebel Clwb Tropica IPA,G,true,886,https://ecom-su-static-prod.wtrecom.com/images/products/3/LN_788151_BP_3.jpg,https://www.waitrose.com/ecom/products/tiny-rebel-clwb-tropica-ipa/788151-826182-826183,Tiny Rebel Clwb Tropica IPA,440ml,£3.50,£7.96/litre,Mix & Match Add 5 for 4 Cheapest Item Free,"Beer, Wine & Spirits"
788067,Strongbow Dark Fruit Cider Can 4PK,G,true,887,https://ecom-su-static-prod.wtrecom.com/images/products/3/LN_788067_BP_3.jpg,https://www.waitrose.com/ecom/products/strongbow-dark-fruit-cider-can-4pk/788067-812541-812542,Strongbow Dark Fruit Cider Can 4PK,4x440ml,£5.50,£3.13/litre,save £1.00. Was £6.50,"Beer, Wine & Spirits"
786263,"Hush Heath Estate Balfour Brut Rosé Kent, England",W,true,888,https://ecom-su-static-prod.wtrecom.com/images/products/3/LN_786263_BP_3.jpg,https://www.waitrose.com/ecom/products/hush-heath-estate-balfour-brut-rose-kent-england/786263-111911-111912,"Hush Heath Estate Balfour Brut Rosé Kent, England",75cl,£34.99,£34.99/75cl,save £5.00. Was £39.99,"Beer, Wine & Spirits"
785664,Picos Y Rios Sauvignon Blanc,W,true,889,https://ecom-su-static-prod.wtrecom.com/images/products/3/LN_785664_BP_3.jpg,https://www.waitrose.com/ecom/products/picos-y-rios-sauvignon-blanc/785664-812980-812981,Picos Y Rios Sauvignon Blanc,75cl,£6.99,£6.99/75cl,save £2.00. Was £8.99,"Beer, Wine & Spirits"
785085,Benriach Original Ten Speyside Single Malt Scotch Whisky,G,false,890,https://ecom-su-static-prod.wtrecom.com/images/products/3/LN_785085_BP_3.jpg,https://www.waitrose.com/ecom/products/benriach-original-ten-speyside-single-malt-scotch-whisky/785085-756111-756112,Benriach Original Ten Speyside Single Malt Scotch Whisky,70cl,£42.00,£60/litre,,"Beer, Wine & Spirits"
784645,Blason du Rhône Châteauneuf-du-Pape,W,false,891,https://ecom-su-static-prod.wtrecom.com/images/products/3/LN_784645_BP_3.jpg,https://www.waitrose.com/ecom/products/blason-du-rhone-chateauneuf-du-pape/784645-129494-129495,Blason du Rhône Châteauneuf-du-Pape,75cl,£25.99,£25.99/75cl,,"Beer, Wine & Spirits"
784340,Discarded Banana Peel Rum,G,true,892,https://ecom-su-static-prod.wtrecom.com/images/products/3/LN_784340_BP_3.jpg,https://www.waitrose.com/ecom/products/discarded-banana-peel-rum/784340-756109-756110,Discarded Banana Peel Rum,70cl,£26.00,£37.15/litre,save £6.00. Was £32.00,"Beer, Wine & Spirits"
784113,Warner's Blossom Gin,G,true,893,https://ecom-su-static-prod.wtrecom.com/images/products/3/LN_784113_BP_3.jpg,https://www.waitrose.com/ecom/products/warners-blossom-gin/784113-806832-806833,Warner's Blossom Gin,700ml,£24.00,£34.29/litre,save £6.00. Was £30.00,"Beer, Wine & Spirits"
783892,Atlantique Sauvignon Blanc France,W,false,894,https://ecom-su-static-prod.wtrecom.com/images/products/3/LN_783892_BP_3.jpg,https://www.waitrose.com/ecom/products/atlantique-sauvignon-blanc-france/783892-780791-780792,Atlantique Sauvignon Blanc France,75cl,£8.99,£8.99/75cl,,"Beer, Wine & Spirits"
783837,Piccozza Pinot Bianco,W,false,895,https://ecom-su-static-prod.wtrecom.com/images/products/3/LN_783837_BP_3.jpg,https://www.waitrose.com/ecom/products/piccozza-pinot-bianco/783837-756953-756954,Piccozza Pinot Bianco,75cl,£12.99,£12.99/75cl,,"Beer, Wine & Spirits"
783386,Henry Westons Signature Vintage Cider,G,true,896,https://ecom-su-static-prod.wtrecom.com/images/products/3/LN_783386_BP_3.jpg,https://www.waitrose.com/ecom/products/henry-westons-signature-vintage-cider/783386-822227-822228,Henry Westons Signature Vintage Cider,500ml,£2.50,£5/litre,Add 3 for £6,"Beer, Wine & Spirits"
782958,John Lewis Wedding Fleck Bottle Bag,G,false,897,https://ecom-su-static-prod.wtrecom.com/images/products/3/LN_782958_BP_3.jpg,https://www.waitrose.com/ecom/products/john-lewis-wedding-fleck-bottle-bag/782958-721506-721507,John Lewis Wedding Fleck Bottle Bag,each,£2.50,£2.50 each,,"Beer, Wine & Spirits"
782949,Le Manoir Sancerre,W,false,898,https://ecom-su-static-prod.wtrecom.com/images/products/3/LN_782949_BP_3.jpg,https://www.waitrose.com/ecom/products/le-manoir-sancerre/782949-408862-408863,Le Manoir Sancerre,75cl,£25.99,£25.99/75cl,,"Beer, Wine & Spirits"
782233,No.1 Espresso Martini,G,true,899,https://ecom-su-static-prod.wtrecom.com/images/products/3/LN_782233_BP_3.jpg,https://www.waitrose.com/ecom/products/no1-espresso-martini/782233-812539-812540,No.1 Espresso Martini,50cl,£14.00,£28/litre,save £4.00. Was £18.00,"Beer, Wine & Spirits"
781803,Loved & Found Ribolla Gialla Spumante NV,W,false,900,https://ecom-su-static-prod.wtrecom.com/images/products/3/LN_781803_BP_3.jpg,https://www.waitrose.com/ecom/products/loved-found-ribolla-gialla-spumante-nv/781803-822807-822808,Loved & Found Ribolla Gialla Spumante NV,75cl,£8.99,£8.99/75cl,,"Beer, Wine & Spirits"
779681,Bowmore 12 Year Old Single Malt Scotch Whisky,G,false,901,https://ecom-su-static-prod.wtrecom.com/images/products/3/LN_779681_BP_3.jpg,https://www.waitrose.com/ecom/products/bowmore-12-year-old-single-malt-scotch-whisky/779681-110933-110934,Bowmore 12 Year Old Single Malt Scotch Whisky,70cl,£47.00,£67.15/litre,,"Beer, Wine & Spirits"
779118,Wild Turkey 101 Bourbon Whiskey,G,true,902,https://ecom-su-static-prod.wtrecom.com/images/products/3/LN_779118_BP_3.jpg,https://www.waitrose.com/ecom/products/wild-turkey-101-bourbon-whiskey/779118-791199-791200,Wild Turkey 101 Bourbon Whiskey,70cl,£25.00,£35.72/litre,save £9.00. Was £34.00,"Beer, Wine & Spirits"
779053,Lillet Rosé Wine-Based Aperitif,G,false,903,https://ecom-su-static-prod.wtrecom.com/images/products/3/LN_779053_BP_3.jpg,https://www.waitrose.com/ecom/products/lillet-rose-wine-based-aperitif/779053-778414-778415,Lillet Rosé Wine-Based Aperitif,75cl,£20.00,£26.67/litre,,"Beer, Wine & Spirits"
778795,Dominique Piron Beaujolais Villages,W,true,904,https://ecom-su-static-prod.wtrecom.com/images/products/3/LN_778795_BP_3.jpg,https://www.waitrose.com/ecom/products/dominique-piron-beaujolais-villages/778795-700516-700517,Dominique Piron Beaujolais Villages,75cl,£10.99,£10.99/75cl,save £3.00. Was £13.99,"Beer, Wine & Spirits"
777375,Château La Croix Taillefer Organic Pomerol,W,false,905,https://ecom-su-static-prod.wtrecom.com/images/products/3/LN_777375_BP_3.jpg,https://www.waitrose.com/ecom/products/chateau-la-croix-taillefer-organic-pomerol/777375-110568-110569,Château La Croix Taillefer Organic Pomerol,75cl,£30.99,£30.99/75cl,,"Beer, Wine & Spirits"
777247,Waitrose Blueprint Moscatel de Valencia,W,false,906,https://ecom-su-static-prod.wtrecom.com/images/products/3/LN_777247_BP_3.jpg,https://www.waitrose.com/ecom/products/waitrose-blueprint-moscatel-de-valencia/777247-744649-744650,Waitrose Blueprint Moscatel de Valencia,75cl,£7.99,£7.99/75cl,,"Beer, Wine & Spirits"
776795,Caorunn Scottish Gin,G,true,907,https://ecom-su-static-prod.wtrecom.com/images/products/3/LN_776795_BP_3.jpg,https://www.waitrose.com/ecom/products/caorunn-scottish-gin/776795-237630-237631,Caorunn Scottish Gin,70cl,£24.50,£35/litre,save £6.50. Was £31.00,"Beer, Wine & Spirits"
776684,Kriek Boon Cherry Lambic Belgium,G,false,908,https://ecom-su-static-prod.wtrecom.com/images/products/3/LN_776684_BP_3.jpg,https://www.waitrose.com/ecom/products/kriek-boon-cherry-lambic-belgium/776684-662345-662346,Kriek Boon Cherry Lambic Belgium,375ml,£3.50,£9.34/litre,,"Beer, Wine & Spirits"
776083,Régnié AOP Cuvée Tim Domaine Pardon,W,false,909,https://ecom-su-static-prod.wtrecom.com/images/products/3/LN_776083_BP_3.jpg,https://www.waitrose.com/ecom/products/regnie-aop-cuvee-tim-domaine-pardon/776083-788706-788707,Régnié AOP Cuvée Tim Domaine Pardon,75cl,£14.99,£14.99/75cl,,"Beer, Wine & Spirits"
775731,Château Tour Chapoux Bordeaux Supérieur,W,false,910,https://ecom-su-static-prod.wtrecom.com/images/products/3/LN_775731_BP_3.jpg,https://www.waitrose.com/ecom/products/chateau-tour-chapoux-bordeaux-superieur/775731-110329-110330,Château Tour Chapoux Bordeaux Supérieur,75cl,£9.99,£9.99/75cl,,"Beer, Wine & Spirits"
772474,Nico de Pegoes Rosé,W,false,911,https://ecom-su-static-prod.wtrecom.com/images/products/3/LN_772474_BP_3.jpg,https://www.waitrose.com/ecom/products/nico-de-pegoes-rose/772474-729228-729229,Nico de Pegoes Rosé,75cl,£8.99,£8.99/75cl,,"Beer, Wine & Spirits"
771607,Villa Maria Private Bin Pinot Noir,W,false,912,https://ecom-su-static-prod.wtrecom.com/images/products/3/LN_771607_BP_3.jpg,https://www.waitrose.com/ecom/products/villa-maria-private-bin-pinot-noir/771607-824500-824501,Villa Maria Private Bin Pinot Noir,75cl,£12.99,£12.99/75cl,,"Beer, Wine & Spirits"
771581,Montecillo Reserva Rioja,W,true,913,https://ecom-su-static-prod.wtrecom.com/images/products/3/LN_771581_BP_3.jpg,https://www.waitrose.com/ecom/products/montecillo-reserva-rioja/771581-812970-812971,Montecillo Reserva Rioja,75cl,£10.99,£10.99/75cl,save £5.00. Was £15.99,"Beer, Wine & Spirits"
770575,Sheppy's Vintage Reserve Oak Aged Sparkling Cider Somerset,G,false,914,https://ecom-su-static-prod.wtrecom.com/images/products/3/LN_770575_BP_3.jpg,https://www.waitrose.com/ecom/products/sheppys-vintage-reserve-oak-aged-sparkling-cider-somerset/770575-109610-109611,Sheppy's Vintage Reserve Oak Aged Sparkling Cider Somerset,500ml,£2.50,£5/litre,,"Beer, Wine & Spirits"
770210,Bacardi Spiced Premium Rum Spirit Drink,G,false,915,https://ecom-su-static-prod.wtrecom.com/images/products/3/LN_770210_BP_3.jpg,https://www.waitrose.com/ecom/products/bacardi-spiced-premium-rum-spirit-drink/770210-756095-756096,Bacardi Spiced Premium Rum Spirit Drink,70cl,£18.00,£25.72/litre,,"Beer, Wine & Spirits"
769506,Harveys Signature 12 Year Old Cream Sherry,W,true,916,https://ecom-su-static-prod.wtrecom.com/images/products/3/LN_769506_BP_3.jpg,https://www.waitrose.com/ecom/products/harveys-signature-12-year-old-cream-sherry/769506-443018-443019,Harveys Signature 12 Year Old Cream Sherry,50cl,£13.99,£20.99/75cl,save £2.00. Was £15.99,"Beer, Wine & Spirits"
769370,"Domaine J.Jacques Girard, Pernand-Vergelesses Burgundy",W,false,917,https://ecom-su-static-prod.wtrecom.com/images/products/3/LN_769370_BP_3.jpg,https://www.waitrose.com/ecom/products/domaine-jjacques-girard-pernand-vergelesses-burgundy/769370-109431-109432,"Domaine J.Jacques Girard, Pernand-Vergelesses Burgundy",75cl,£26.99,£26.99/75cl,,"Beer, Wine & Spirits"
768341,Beavertown Lupuloid IPA,G,true,918,https://ecom-su-static-prod.wtrecom.com/images/products/3/LN_768341_BP_3.jpg,https://www.waitrose.com/ecom/products/beavertown-lupuloid-ipa/768341-815363-815364,Beavertown Lupuloid IPA,440ml,£3.60,£8.19/litre,Mix & Match Add 5 for 4 Cheapest Item Free,"Beer, Wine & Spirits"
766448,Merser & Co Signature Rum,G,true,919,https://ecom-su-static-prod.wtrecom.com/images/products/3/LN_766448_BP_3.jpg,https://www.waitrose.com/ecom/products/merser-co-signature-rum/766448-778406-778407,Merser & Co Signature Rum,70cl,£23.00,£32.86/litre,save £6.00. Was £29.00,"Beer, Wine & Spirits"
766232,Estrella Galicia Lager,G,false,920,https://ecom-su-static-prod.wtrecom.com/images/products/3/LN_766232_BP_3.jpg,https://www.waitrose.com/ecom/products/estrella-galicia-lager/766232-822213-822214,Estrella Galicia Lager,660ml,£2.80,£4.25/litre,,"Beer, Wine & Spirits"
765544,Zeno Alcohol-Liberated White,G,true,921,https://ecom-su-static-prod.wtrecom.com/images/products/3/LN_765544_BP_3.jpg,https://www.waitrose.com/ecom/products/zeno-alcohol-liberated-white/765544-793974-793975,Zeno Alcohol-Liberated White,75cl,£7.99,£7.99/75cl,save £2.00. Was £9.99,"Beer, Wine & Spirits"
765367,Brewdog Wingman,G,true,922,https://ecom-su-static-prod.wtrecom.com/images/products/3/LN_765367_BP_3.jpg,https://www.waitrose.com/ecom/products/brewdog-wingman/765367-815359-815360,Brewdog Wingman,440ml,£3.00,£6.82/litre,Mix & Match Add 5 for 4 Cheapest Item Free,"Beer, Wine & Spirits"
765256,Greene King Abbot Ale England,G,false,923,https://ecom-su-static-prod.wtrecom.com/images/products/3/LN_765256_BP_3.jpg,https://www.waitrose.com/ecom/products/greene-king-abbot-ale-england/765256-271225-271226,Greene King Abbot Ale England,500ml,£2.25,£4.50/litre,,"Beer, Wine & Spirits"
765032,Gusbourne Exclusive Release,W,true,924,https://ecom-su-static-prod.wtrecom.com/images/products/3/LN_765032_BP_3.jpg,https://www.waitrose.com/ecom/products/gusbourne-exclusive-release/765032-738969-738970,Gusbourne Exclusive Release,75cl,£31.99,£31.99/75cl,save £10.00. Was £41.99,"Beer, Wine & Spirits"
764932,CLOS MARGALAINE 2014 CB06,W,false,925,https://ecom-su-static-prod.wtrecom.com/images/products/3/LN_764932_BP_3.jpg,https://www.waitrose.com/ecom/products/clos-margalaine-2014-cb06/764932-804500-804501,CLOS MARGALAINE 2014 CB06,75cl,£30.99,£30.99/75cl,,"Beer, Wine & Spirits"
763834,Dark Star Brewing Co. American Pale Ale 4.7% Beer,G,true,926,https://ecom-su-static-prod.wtrecom.com/images/products/3/LN_763834_BP_3.jpg,https://www.waitrose.com/ecom/products/dark-star-brewing-co-american-pale-ale-47-beer/763834-692650-692651,Dark Star Brewing Co. American Pale Ale 4.7% Beer,500ml,£2.50,£5/litre,Add 3 for £5.75,"Beer, Wine & Spirits"
763692,Waitrose Champagne Saver,G,false,927,https://ecom-su-static-prod.wtrecom.com/images/products/3/LN_763692_BP_3.jpg,https://www.waitrose.com/ecom/products/waitrose-champagne-saver/763692-625262-625263,Waitrose Champagne Saver,each,£4.50,£4.50 each,,"Beer, Wine & Spirits"
763532,Cocktail Collection Johnnie Walker Old Fashioned,G,false,928,https://ecom-su-static-prod.wtrecom.com/images/products/3/LN_763532_BP_3.jpg,https://www.waitrose.com/ecom/products/cocktail-collection-johnnie-walker-old-fashioned/763532-818965-818966,Cocktail Collection Johnnie Walker Old Fashioned,50cl,£15.00,£30/litre,,"Beer, Wine & Spirits"
763295,Penfolds Koonunga Hill Shiraz Cabernet,W,false,929,https://ecom-su-static-prod.wtrecom.com/images/products/3/LN_763295_BP_3.jpg,https://www.waitrose.com/ecom/products/penfolds-koonunga-hill-shiraz-cabernet/763295-779743-779744,Penfolds Koonunga Hill Shiraz Cabernet,75cl,£11.49,£11.49/75cl,,"Beer, Wine & Spirits"
763025,Mad Squirrel Aztec Mountain IPA,G,true,930,https://ecom-su-static-prod.wtrecom.com/images/products/3/LN_763025_BP_3.jpg,https://www.waitrose.com/ecom/products/mad-squirrel-aztec-mountain-ipa/763025-826176-826177,Mad Squirrel Aztec Mountain IPA,440ml,£3.75,£8.53/litre,Mix & Match Add 5 for 4 Cheapest Item Free,"Beer, Wine & Spirits"
760806,Terre Da Vino Barolo Riserva Docg,W,false,931,https://ecom-su-static-prod.wtrecom.com/images/products/3/LN_760806_BP_3.jpg,https://www.waitrose.com/ecom/products/terre-da-vino-barolo-riserva-docg/760806-369774-369775,Terre Da Vino Barolo Riserva Docg,75cl,£27.99,£27.99/75cl,,"Beer, Wine & Spirits"
758883,Camden Eazy IPA,G,false,932,https://ecom-su-static-prod.wtrecom.com/images/products/3/LN_758883_BP_3.jpg,https://www.waitrose.com/ecom/products/camden-eazy-ipa/758883-815355-815356,Camden Eazy IPA,4x330ml,£6.75,£5.12/litre,,"Beer, Wine & Spirits"
758406,1664 Biere Lager Cans,G,false,933,https://ecom-su-static-prod.wtrecom.com/images/products/3/LN_758406_BP_3.jpg,https://www.waitrose.com/ecom/products/1664-biere-lager-cans/758406-822209-822210,1664 Biere Lager Cans,10x440ml,£13.00,£2.96/litre,,"Beer, Wine & Spirits"
758156,Joseph Drouhin Chorey Les Beaune,W,false,934,https://ecom-su-static-prod.wtrecom.com/images/products/3/LN_758156_BP_3.jpg,https://www.waitrose.com/ecom/products/joseph-drouhin-chorey-les-beaune/758156-134723-134724,Joseph Drouhin Chorey Les Beaune,75cl,£29.99,£29.99/75cl,,"Beer, Wine & Spirits"
757310,Cocchi Extra Dry Vermouth,W,true,935,https://ecom-su-static-prod.wtrecom.com/images/products/3/LN_757310_BP_3.jpg,https://www.waitrose.com/ecom/products/cocchi-extra-dry-vermouth/757310-778400-778401,Cocchi Extra Dry Vermouth,50cl,£17.00,£34/litre,save £3.00. Was £20.00,"Beer, Wine & Spirits"
755908,Laphroaig Select Islay Single Malt Whisky,G,true,936,https://ecom-su-static-prod.wtrecom.com/images/products/3/LN_755908_BP_3.jpg,https://www.waitrose.com/ecom/products/laphroaig-select-islay-single-malt-whisky/755908-381392-381393,Laphroaig Select Islay Single Malt Whisky,70cl,£25.00,£35.72/litre,save £13.00. Was £38.00,"Beer, Wine & Spirits"
755768,Brewdog Wingman,G,true,937,https://ecom-su-static-prod.wtrecom.com/images/products/3/LN_755768_BP_3.jpg,https://www.waitrose.com/ecom/products/brewdog-wingman/755768-826174-826175,Brewdog Wingman,4x330ml,£5.50,£4.17/litre,save £1.00. Was £6.50,"Beer, Wine & Spirits"
754561,Sipsmith Zesty Orange Gin,G,true,938,https://ecom-su-static-prod.wtrecom.com/images/products/3/LN_754561_BP_3.jpg,https://www.waitrose.com/ecom/products/sipsmith-zesty-orange-gin/754561-731683-731684,Sipsmith Zesty Orange Gin,70cl,£22.00,£31.43/litre,Reduced to Clear. Was £30.00,"Beer, Wine & Spirits"
753744,Audemus Pink Pepper Gin,G,false,939,https://ecom-su-static-prod.wtrecom.com/images/products/3/LN_753744_BP_3.jpg,https://www.waitrose.com/ecom/products/audemus-pink-pepper-gin/753744-496198-496199,Audemus Pink Pepper Gin,70cl,£39.00,£55.72/litre,,"Beer, Wine & Spirits"
753629,"St Michael-Eppan Pinot Grigio Alto Adige, Italy",W,true,940,https://ecom-su-static-prod.wtrecom.com/images/products/3/LN_753629_BP_3.jpg,https://www.waitrose.com/ecom/products/st-michael-eppan-pinot-grigio-alto-adige-italy/753629-107181-107182,"St Michael-Eppan Pinot Grigio Alto Adige, Italy",75cl,£10.99,£10.99/75cl,save £3.00. Was £13.99,"Beer, Wine & Spirits"
753327,Bourgogne Pinot Noir Cave de Lugny,W,true,941,https://ecom-su-static-prod.wtrecom.com/images/products/3/LN_753327_BP_3.jpg,https://www.waitrose.com/ecom/products/bourgogne-pinot-noir-cave-de-lugny/753327-696300-696301,Bourgogne Pinot Noir Cave de Lugny,75cl,£13.99,£13.99/75cl,save £3.00. Was £16.99,"Beer, Wine & Spirits"
751939,Bird in Hand Rosé,W,false,942,https://ecom-su-static-prod.wtrecom.com/images/products/3/LN_751939_BP_3.jpg,https://www.waitrose.com/ecom/products/bird-in-hand-rose/751939-709693-709694,Bird in Hand Rosé,75cl,£14.99,£14.99/75cl,,"Beer, Wine & Spirits"
750838,Great Heart Red Blend Swartland,W,false,943,https://ecom-su-static-prod.wtrecom.com/images/products/3/LN_750838_BP_3.jpg,https://www.waitrose.com/ecom/products/great-heart-red-blend-swartland/750838-754619-754620,Great Heart Red Blend Swartland,75cl,£15.99,£15.99/75cl,,"Beer, Wine & Spirits"
749959,Vignerons Ardechois Syrah Red,W,false,944,https://ecom-su-static-prod.wtrecom.com/images/products/3/LN_749959_BP_3.jpg,https://www.waitrose.com/ecom/products/vignerons-ardechois-syrah-red/749959-804496-804497,Vignerons Ardechois Syrah Red,75cl,£9.99,£9.99/75cl,,"Beer, Wine & Spirits"
749611,Brooklyn Pilsner Lager Bottle,G,false,945,https://ecom-su-static-prod.wtrecom.com/images/products/3/LN_749611_BP_3.jpg,https://www.waitrose.com/ecom/products/brooklyn-pilsner-lager-bottle/749611-804168-804169,Brooklyn Pilsner Lager Bottle,660ml,£2.50,£3.79/litre,,"Beer, Wine & Spirits"
749062,Camden Stout,G,false,946,https://ecom-su-static-prod.wtrecom.com/images/products/3/LN_749062_BP_3.jpg,https://www.waitrose.com/ecom/products/camden-stout/749062-823759-823760,Camden Stout,10x440ml,£13.00,£2.96/litre,,"Beer, Wine & Spirits"
748836,Hattiers Egremont Premium Reserve Rum,G,false,947,https://ecom-su-static-prod.wtrecom.com/images/products/3/LN_748836_BP_3.jpg,https://www.waitrose.com/ecom/products/hattiers-egremont-premium-reserve-rum/748836-760622-760623,Hattiers Egremont Premium Reserve Rum,70cl,£41.00,£58.58/litre,,"Beer, Wine & Spirits"
748729,Malfy Con Arancia Blood Orange Flavoured Gin,G,true,948,https://ecom-su-static-prod.wtrecom.com/images/products/3/LN_748729_BP_3.jpg,https://www.waitrose.com/ecom/products/malfy-con-arancia-blood-orange-flavoured-gin/748729-756077-756078,Malfy Con Arancia Blood Orange Flavoured Gin,70cl,£25.00,£35.72/litre,save £6.50. Was £31.50,"Beer, Wine & Spirits"
748010,Cocchi Rosa,W,true,949,https://ecom-su-static-prod.wtrecom.com/images/products/3/LN_748010_BP_3.jpg,https://www.waitrose.com/ecom/products/cocchi-rosa/748010-654293-654294,Cocchi Rosa,50cl,£16.00,£32/litre,save £3.00. Was £19.00,"Beer, Wine & Spirits"
747473,The Sexton Single Malt Irish Whiskey,G,true,950,https://ecom-su-static-prod.wtrecom.com/images/products/3/LN_747473_BP_3.jpg,https://www.waitrose.com/ecom/products/the-sexton-single-malt-irish-whiskey/747473-704297-704298,The Sexton Single Malt Irish Whiskey,70cl,£27.00,£38.58/litre,save £7.00. Was £34.00,"Beer, Wine & Spirits"
747441,Smirnoff Passionfruit Martini Cocktail Premix Can,G,true,951,https://ecom-su-static-prod.wtrecom.com/images/products/3/LN_747441_BP_3.jpg,https://www.waitrose.com/ecom/products/smirnoff-passionfruit-martini-cocktail-premix-can/747441-756075-756076,Smirnoff Passionfruit Martini Cocktail Premix Can,250ml,£2.60,£10.40/litre,Mix & Match Add 4 for 3 Cheapest Item Free,"Beer, Wine & Spirits"
747212,Vocation Brewery Aoraki DIPA,G,true,952,https://ecom-su-static-prod.wtrecom.com/images/products/3/LN_747212_BP_3.jpg,https://www.waitrose.com/ecom/products/vocation-brewery-aoraki-dipa/747212-826172-826173,Vocation Brewery Aoraki DIPA,440ml,£4.00,£9.10/litre,Mix & Match Add 5 for 4 Cheapest Item Free,"Beer, Wine & Spirits"
745908,Meursault Vielles Vignes Domaine Monnier & Fils,W,false,953,https://ecom-su-static-prod.wtrecom.com/images/products/3/LN_745908_BP_3.jpg,https://www.waitrose.com/ecom/products/meursault-vielles-vignes-domaine-monnier-fils/745908-353836-353837,Meursault Vielles Vignes Domaine Monnier & Fils,75cl,£62.99,£62.99/75cl,,"Beer, Wine & Spirits"
743859,Reyka Vodka,G,true,954,https://ecom-su-static-prod.wtrecom.com/images/products/3/LN_743859_BP_3.jpg,https://www.waitrose.com/ecom/products/reyka-vodka/743859-203300-203301,Reyka Vodka,70cl,£25.00,£35.72/litre,save £6.50. Was £31.50,"Beer, Wine & Spirits"
743221,Ramsbury Single Estate Vodka,G,false,955,https://ecom-su-static-prod.wtrecom.com/images/products/3/LN_743221_BP_3.jpg,https://www.waitrose.com/ecom/products/ramsbury-single-estate-vodka/743221-704291-704292,Ramsbury Single Estate Vodka,70cl,£31.00,£44.29/litre,,"Beer, Wine & Spirits"
741429,Beavertown Satellite Supper Session,G,true,956,https://ecom-su-static-prod.wtrecom.com/images/products/3/LN_741429_BP_3.jpg,https://www.waitrose.com/ecom/products/beavertown-satellite-supper-session/741429-826170-826171,Beavertown Satellite Supper Session,4x330ml,£6.00,£4.55/litre,save £1.25. Was £7.25,"Beer, Wine & Spirits"
741195,Vocation Macaroon Stout,G,true,957,https://ecom-su-static-prod.wtrecom.com/images/products/3/LN_741195_BP_3.jpg,https://www.waitrose.com/ecom/products/vocation-macaroon-stout/741195-815344-815345,Vocation Macaroon Stout,440ml,£3.50,£7.96/litre,Mix & Match Add 5 for 4 Cheapest Item Free,"Beer, Wine & Spirits"
739935,Lanson Champagne Rosé Brut NV,W,false,958,https://ecom-su-static-prod.wtrecom.com/images/products/3/LN_739935_BP_3.jpg,https://www.waitrose.com/ecom/products/lanson-champagne-rose-brut-nv/739935-105182-105183,Lanson Champagne Rosé Brut NV,37.5cl,£26.99,£53.98/75cl,,"Beer, Wine & Spirits"
739782,Damm Lemon,G,false,959,https://ecom-su-static-prod.wtrecom.com/images/products/3/LN_739782_BP_3.jpg,https://www.waitrose.com/ecom/products/damm-lemon/739782-823749-823750,Damm Lemon,4x330ml,£4.50,£3.41/litre,,"Beer, Wine & Spirits"
739443,Tails Cocktails Passion Fruit Martini Premixed Cocktail,G,false,960,https://ecom-su-static-prod.wtrecom.com/images/products/3/LN_739443_BP_3.jpg,https://www.waitrose.com/ecom/products/tails-cocktails-passion-fruit-martini-premixed-cocktail/739443-778390-778391,Tails Cocktails Passion Fruit Martini Premixed Cocktail,50cl,£16.00,£32/litre,,"Beer, Wine & Spirits"
739194,Sapporo Premium Beer,G,false,961,https://ecom-su-static-prod.wtrecom.com/images/products/3/LN_739194_BP_3.jpg,https://www.waitrose.com/ecom/products/sapporo-premium-beer/739194-822201-822202,Sapporo Premium Beer,650ml,£3.25,£5/litre,,"Beer, Wine & Spirits"
738711,The Macallan Double Cask 12 Year Old,G,false,962,https://ecom-su-static-prod.wtrecom.com/images/products/3/LN_738711_BP_3.jpg,https://www.waitrose.com/ecom/products/the-macallan-double-cask-12-year-old/738711-743931-743932,The Macallan Double Cask 12 Year Old,70cl,£81.00,£115.72/litre,,"Beer, Wine & Spirits"
738001,Sxollie Golden Delicious Xider,G,true,963,https://ecom-su-static-prod.wtrecom.com/images/products/3/LN_738001_BP_3.jpg,https://www.waitrose.com/ecom/products/sxollie-golden-delicious-xider/738001-801694-801695,Sxollie Golden Delicious Xider,500ml,£2.50,£5/litre,Add 2 for £4,"Beer, Wine & Spirits"
737752,Stellenrust Cinsault,W,false,964,https://ecom-su-static-prod.wtrecom.com/images/products/3/LN_737752_BP_3.jpg,https://www.waitrose.com/ecom/products/stellenrust-cinsault/737752-593861-593862,Stellenrust Cinsault,75cl,£10.99,£10.99/75cl,,"Beer, Wine & Spirits"
737571,Fireflower Shiraz,W,true,965,https://ecom-su-static-prod.wtrecom.com/images/products/3/LN_737571_BP_3.jpg,https://www.waitrose.com/ecom/products/fireflower-shiraz/737571-812950-812951,Fireflower Shiraz,75cl,£6.99,£6.99/75cl,save £2.00. Was £8.99,"Beer, Wine & Spirits"
736956,Roku Japanese Gin Premium Craft Gin,G,true,966,https://ecom-su-static-prod.wtrecom.com/images/products/3/LN_736956_BP_3.jpg,https://www.waitrose.com/ecom/products/roku-japanese-gin-premium-craft-gin/736956-654267-654268,Roku Japanese Gin Premium Craft Gin,70cl,£26.00,£37.15/litre,save £7.50. Was £33.50,"Beer, Wine & Spirits"
736313,Farm Hand Organic Merlot,W,false,967,https://ecom-su-static-prod.wtrecom.com/images/products/3/LN_736313_BP_3.jpg,https://www.waitrose.com/ecom/products/farm-hand-organic-merlot/736313-783684-783685,Farm Hand Organic Merlot,75cl,£9.99,£9.99/75cl,,"Beer, Wine & Spirits"
735971,CleanCo Clean G Rhubarb Non-Alcoholic Gin Replacement,G,true,968,https://ecom-su-static-prod.wtrecom.com/images/products/3/LN_735971_BP_3.jpg,https://www.waitrose.com/ecom/products/cleanco-clean-g-rhubarb-non-alcoholic-gin-replacement/735971-793548-793549,CleanCo Clean G Rhubarb Non-Alcoholic Gin Replacement,70cl,£12.00,£17.15/litre,save £5.00. Was £17.00,"Beer, Wine & Spirits"
734388,Louis Jadot Chassagne Montrachet Premier Cru,W,false,969,https://ecom-su-static-prod.wtrecom.com/images/products/3/LN_734388_BP_3.jpg,https://www.waitrose.com/ecom/products/louis-jadot-chassagne-montrachet-premier-cru/734388-316369-316370,Louis Jadot Chassagne Montrachet Premier Cru,75cl,£76.99,£76.99/75cl,,"Beer, Wine & Spirits"
734059,SXOLLIE Granny Smith Xider,G,true,970,https://ecom-su-static-prod.wtrecom.com/images/products/3/LN_734059_BP_3.jpg,https://www.waitrose.com/ecom/products/sxollie-granny-smith-xider/734059-812517-812518,SXOLLIE Granny Smith Xider,500ml,£2.50,£5/litre,Add 2 for £4,"Beer, Wine & Spirits"
733943,Strongbow Dark Fruit,G,false,971,https://ecom-su-static-prod.wtrecom.com/images/products/3/LN_733943_BP_3.jpg,https://www.waitrose.com/ecom/products/strongbow-dark-fruit/733943-823743-823744,Strongbow Dark Fruit,10x440ml,£10.50,£2.39/litre,,"Beer, Wine & Spirits"
733163,CleanCo Clean W Non-Alcoholic Whiskey,G,false,972,https://ecom-su-static-prod.wtrecom.com/images/products/3/LN_733163_BP_3.jpg,https://www.waitrose.com/ecom/products/cleanco-clean-w-non-alcoholic-whiskey/733163-793542-793543,CleanCo Clean W Non-Alcoholic Whiskey,70cl,£18.00,£25.72/litre,,"Beer, Wine & Spirits"
730028,Aerstone Land Cask 10 Year Old Whisky,G,true,973,https://ecom-su-static-prod.wtrecom.com/images/products/3/LN_730028_BP_3.jpg,https://www.waitrose.com/ecom/products/aerstone-land-cask-10-year-old-whisky/730028-778388-778389,Aerstone Land Cask 10 Year Old Whisky,70cl,£24.00,£34.29/litre,save £10.50. Was £34.50,"Beer, Wine & Spirits"
729100,Guinness 0.0%,G,false,974,https://ecom-su-static-prod.wtrecom.com/images/products/3/LN_729100_BP_3.jpg,https://www.waitrose.com/ecom/products/guinness-00/729100-805723-805724,Guinness 0.0%,10x440ml,£12.00,£2.73/litre,,"Beer, Wine & Spirits"
727790,"Muscat De Beaumes De Venise 1348 Rhône, France",W,true,975,https://ecom-su-static-prod.wtrecom.com/images/products/3/LN_727790_BP_3.jpg,https://www.waitrose.com/ecom/products/muscat-de-beaumes-de-venise-1348-rhone-france/727790-103385-103386,"Muscat De Beaumes De Venise 1348 Rhône, France",37.5cl,£6.99,£13.98/75cl,save £2.00. Was £8.99,"Beer, Wine & Spirits"
727742,Rosa Blanca Cans,G,false,976,https://ecom-su-static-prod.wtrecom.com/images/products/3/LN_727742_BP_3.jpg,https://www.waitrose.com/ecom/products/rosa-blanca-cans/727742-822195-822196,Rosa Blanca Cans,4x440ml,£5.00,£2.85/litre,,"Beer, Wine & Spirits"
725830,Sancerre le Clocher d'Amelie,W,false,977,https://ecom-su-static-prod.wtrecom.com/images/products/3/LN_725830_BP_3.jpg,https://www.waitrose.com/ecom/products/sancerre-le-clocher-damelie/725830-436949-436950,Sancerre le Clocher d'Amelie,75cl,£20.99,£20.99/75cl,,"Beer, Wine & Spirits"
725572,Brewdog King Crush,G,true,978,https://ecom-su-static-prod.wtrecom.com/images/products/3/LN_725572_BP_3.jpg,https://www.waitrose.com/ecom/products/brewdog-king-crush/725572-826168-826169,Brewdog King Crush,440ml,£4.25,£9.66/litre,Mix & Match Add 5 for 4 Cheapest Item Free,"Beer, Wine & Spirits"
724905,Cantina Segreti Castelao,W,true,979,https://ecom-su-static-prod.wtrecom.com/images/products/3/LN_724905_BP_3.jpg,https://www.waitrose.com/ecom/products/cantina-segreti-castelao/724905-807475-807476,Cantina Segreti Castelao,75cl,£6.99,£6.99/75cl,save £2.00. Was £8.99,"Beer, Wine & Spirits"
724500,Absolut Blue Original Swedish Vodka,G,true,980,https://ecom-su-static-prod.wtrecom.com/images/products/3/LN_724500_BP_3.jpg,https://www.waitrose.com/ecom/products/absolut-blue-original-swedish-vodka/724500-130984-130985,Absolut Blue Original Swedish Vodka,350ml,£11.00,£31.43/litre,save £1.50. Was £12.50,"Beer, Wine & Spirits"
723563,MontGras DeVine Zinfandel Chile,W,false,981,https://ecom-su-static-prod.wtrecom.com/images/products/3/LN_723563_BP_3.jpg,https://www.waitrose.com/ecom/products/montgras-devine-zinfandel-chile/723563-779715-779716,MontGras DeVine Zinfandel Chile,75cl,£8.99,£8.99/75cl,,"Beer, Wine & Spirits"
723303,Waitrose Fairtrade Pinotage,W,false,982,https://ecom-su-static-prod.wtrecom.com/images/products/3/LN_723303_BP_3.jpg,https://www.waitrose.com/ecom/products/waitrose-fairtrade-pinotage/723303-706557-706558,Waitrose Fairtrade Pinotage,75cl,£8.99,£8.99/75cl,,"Beer, Wine & Spirits"
721750,Hobgoblin Session IPA Cans,G,false,983,https://ecom-su-static-prod.wtrecom.com/images/products/3/LN_721750_BP_3.jpg,https://www.waitrose.com/ecom/products/hobgoblin-session-ipa-cans/721750-815336-815337,Hobgoblin Session IPA Cans,4x440ml,£5.00,£2.85/litre,,"Beer, Wine & Spirits"
721312,Brewdog Hazy Jane,G,true,984,https://ecom-su-static-prod.wtrecom.com/images/products/3/LN_721312_BP_3.jpg,https://www.waitrose.com/ecom/products/brewdog-hazy-jane/721312-757431-757432,Brewdog Hazy Jane,440ml,£3.00,£6.82/litre,Mix & Match Add 5 for 4 Cheapest Item Free,"Beer, Wine & Spirits"
721035,Torres Floralis Moscatel Oro NV Spain,W,false,985,https://ecom-su-static-prod.wtrecom.com/images/products/3/LN_721035_BP_3.jpg,https://www.waitrose.com/ecom/products/torres-floralis-moscatel-oro-nv-spain/721035-102470-102471,Torres Floralis Moscatel Oro NV Spain,50cl,£10.99,£16.49/75cl,,"Beer, Wine & Spirits"
720727,Chablis 1er Cru Vau de Vey Tremblay-Marchive,W,false,986,https://ecom-su-static-prod.wtrecom.com/images/products/3/LN_720727_BP_3.jpg,https://www.waitrose.com/ecom/products/chablis-1er-cru-vau-de-vey-tremblay-marchive/720727-768465-768466,Chablis 1er Cru Vau de Vey Tremblay-Marchive,75cl,£32.99,£32.99/75cl,,"Beer, Wine & Spirits"
720667,Brewdog Triple Hazy,G,true,987,https://ecom-su-static-prod.wtrecom.com/images/products/3/LN_720667_BP_3.jpg,https://www.waitrose.com/ecom/products/brewdog-triple-hazy/720667-743910-743911,Brewdog Triple Hazy,440ml,£4.75,£10.80/litre,Mix & Match Add 5 for 4 Cheapest Item Free,"Beer, Wine & Spirits"
719848,Terra Pura Sauvignon Blanc,W,true,988,https://ecom-su-static-prod.wtrecom.com/images/products/3/LN_719848_BP_3.jpg,https://www.waitrose.com/ecom/products/terra-pura-sauvignon-blanc/719848-800500-800501,Terra Pura Sauvignon Blanc,75cl,£7.99,£7.99/75cl,Save 1/3. Was £11.99,"Beer, Wine & Spirits"
719732,Old Golden Hen Bottle,G,false,989,https://ecom-su-static-prod.wtrecom.com/images/products/3/LN_719732_BP_3.jpg,https://www.waitrose.com/ecom/products/old-golden-hen-bottle/719732-826166-826167,Old Golden Hen Bottle,500ml,£2.25,£4.50/litre,,"Beer, Wine & Spirits"
719722,"Jean-Luc Baldes Malbec du Clos Triguedina Cahors, France",W,false,990,https://ecom-su-static-prod.wtrecom.com/images/products/3/LN_719722_BP_3.jpg,https://www.waitrose.com/ecom/products/jean-luc-baldes-malbec-du-clos-triguedina-cahors-france/719722-102269-102270,"Jean-Luc Baldes Malbec du Clos Triguedina Cahors, France",75cl,£11.99,£11.99/75cl,,"Beer, Wine & Spirits"
718089,Louis Guntrum Pinot Noir,W,false,991,https://ecom-su-static-prod.wtrecom.com/images/products/3/LN_718089_BP_3.jpg,https://www.waitrose.com/ecom/products/louis-guntrum-pinot-noir/718089-689446-689447,Louis Guntrum Pinot Noir,75cl,£15.99,£15.99/75cl,,"Beer, Wine & Spirits"
717615,Aberlour 12 Year Old Single Malt Scotch Whisky,G,false,992,https://ecom-su-static-prod.wtrecom.com/images/products/3/LN_717615_BP_3.jpg,https://www.waitrose.com/ecom/products/aberlour-12-year-old-single-malt-scotch-whisky/717615-298615-298616,Aberlour 12 Year Old Single Malt Scotch Whisky,70cl,£45.00,£64.29/litre,,"Beer, Wine & Spirits"
717391,Pedro's Dry Almacenista Palo Cortado Sherry,W,false,993,https://ecom-su-static-prod.wtrecom.com/images/products/3/LN_717391_BP_3.jpg,https://www.waitrose.com/ecom/products/pedros-dry-almacenista-palo-cortado-sherry/717391-802398-802399,Pedro's Dry Almacenista Palo Cortado Sherry,75cl,£14.99,£14.99/75cl,,"Beer, Wine & Spirits"
716425,Brockmans Gin,G,false,994,https://ecom-su-static-prod.wtrecom.com/images/products/3/LN_716425_BP_3.jpg,https://www.waitrose.com/ecom/products/brockmans-gin/716425-760612-760613,Brockmans Gin,70cl,£37.25,£53.22/litre,,"Beer, Wine & Spirits"
716332,Norton Torrontes,W,true,995,https://ecom-su-static-prod.wtrecom.com/images/products/3/LN_716332_BP_3.jpg,https://www.waitrose.com/ecom/products/norton-torrontes/716332-812944-812945,Norton Torrontes,75cl,£7.99,£7.99/75cl,save £2.00. Was £9.99,"Beer, Wine & Spirits"
715694,Mad Fish Sauvignon Blanc,W,false,996,https://ecom-su-static-prod.wtrecom.com/images/products/3/LN_715694_BP_3.jpg,https://www.waitrose.com/ecom/products/mad-fish-sauvignon-blanc/715694-771987-771988,Mad Fish Sauvignon Blanc,75cl,£9.99,£9.99/75cl,,"Beer, Wine & Spirits"
712080,Beavertown Lunar Haze IPA,G,true,997,https://ecom-su-static-prod.wtrecom.com/images/products/3/LN_712080_BP_3.jpg,https://www.waitrose.com/ecom/products/beavertown-lunar-haze-ipa/712080-802852-802853,Beavertown Lunar Haze IPA,4x330ml,£6.75,£5.12/litre,save £1.75. Was £8.50,"Beer, Wine & Spirits"
711936,No.1 Cognac VSOP,G,false,998,https://ecom-su-static-prod.wtrecom.com/images/products/3/LN_711936_BP_3.jpg,https://www.waitrose.com/ecom/products/no1-cognac-vsop/711936-237608-237609,No.1 Cognac VSOP,70cl,£31.00,£44.29/litre,,"Beer, Wine & Spirits"
711773,Savigny-les-Beaune 1er Cru Jean-Jacques Girard,W,false,999,https://ecom-su-static-prod.wtrecom.com/images/products/3/LN_711773_BP_3.jpg,https://www.waitrose.com/ecom/products/savigny-les-beaune-1er-cru-jean-jacques-girard/711773-804486-804487,Savigny-les-Beaune 1er Cru Jean-Jacques Girard,75cl,£34.99,£34.99/75cl,,"Beer, Wine & Spirits"
711617,Sheppy's 200 Cider,G,false,1000,https://ecom-su-static-prod.wtrecom.com/images/products/3/LN_711617_BP_3.jpg,https://www.waitrose.com/ecom/products/sheppys-200-cider/711617-692632-692633,Sheppy's 200 Cider,500ml,£2.50,£5/litre,,"Beer, Wine & Spirits"
710900,L'Empreinte Rouge Lirac,W,false,1001,https://ecom-su-static-prod.wtrecom.com/images/products/3/LN_710900_BP_3.jpg,https://www.waitrose.com/ecom/products/lempreinte-rouge-lirac/710900-771965-771966,L'Empreinte Rouge Lirac,75cl,£13.99,£13.99/75cl,,"Beer, Wine & Spirits"
709302,"Joseph Drouhin Rully Burgundy, France",W,false,1002,https://ecom-su-static-prod.wtrecom.com/images/products/3/LN_709302_BP_3.jpg,https://www.waitrose.com/ecom/products/joseph-drouhin-rully-burgundy-france/709302-100753-100754,"Joseph Drouhin Rully Burgundy, France",75cl,£29.99,£29.99/75cl,,"Beer, Wine & Spirits"
706694,Kanonkop Kadette Pinotage,W,false,1003,https://ecom-su-static-prod.wtrecom.com/images/products/3/LN_706694_BP_3.jpg,https://www.waitrose.com/ecom/products/kanonkop-kadette-pinotage/706694-779705-779706,Kanonkop Kadette Pinotage,75cl,£13.99,£13.99/75cl,,"Beer, Wine & Spirits"
702712,"Viñalba Reserve Malbec Patagonia, Argentina",W,false,1004,https://ecom-su-static-prod.wtrecom.com/images/products/3/LN_702712_BP_3.jpg,https://www.waitrose.com/ecom/products/vinalba-reserve-malbec-patagonia-argentina/702712-547068-547069,"Viñalba Reserve Malbec Patagonia, Argentina",75cl,£14.99,£14.99/75cl,,"Beer, Wine & Spirits"
699894,Pedro's Dry Almacenista Oloroso Sherry,W,false,1005,https://ecom-su-static-prod.wtrecom.com/images/products/3/LN_699894_BP_3.jpg,https://www.waitrose.com/ecom/products/pedros-dry-almacenista-oloroso-sherry/699894-802392-802393,Pedro's Dry Almacenista Oloroso Sherry,75cl,£12.99,£12.99/75cl,,"Beer, Wine & Spirits"
699754,De Kuyper Blue Curaçao,G,true,1006,https://ecom-su-static-prod.wtrecom.com/images/products/3/LN_699754_BP_3.jpg,https://www.waitrose.com/ecom/products/de-kuyper-blue-curacao/699754-695146-695147,De Kuyper Blue Curaçao,35cl,£7.50,£21.43/litre,save £2.50. Was £10.00,"Beer, Wine & Spirits"
699184,Domaine Michaut Chablis 1er Cru Vau-Ligneau,W,false,1007,https://ecom-su-static-prod.wtrecom.com/images/products/3/LN_699184_BP_3.jpg,https://www.waitrose.com/ecom/products/domaine-michaut-chablis-1er-cru-vau-ligneau/699184-780731-780732,Domaine Michaut Chablis 1er Cru Vau-Ligneau,75cl,£24.99,£24.99/75cl,,"Beer, Wine & Spirits"
696675,Prunotto Barolo,W,false,1008,https://ecom-su-static-prod.wtrecom.com/images/products/3/LN_696675_BP_3.jpg,https://www.waitrose.com/ecom/products/prunotto-barolo/696675-733744-733745,Prunotto Barolo,75cl,£49.99,£49.99/75cl,,"Beer, Wine & Spirits"
694181,El Piadoso Rioja Gran Reserva Doca,W,false,1009,https://ecom-su-static-prod.wtrecom.com/images/products/3/LN_694181_BP_3.jpg,https://www.waitrose.com/ecom/products/el-piadoso-rioja-gran-reserva-doca/694181-665574-665575,El Piadoso Rioja Gran Reserva Doca,75cl,£17.99,£17.99/75cl,,"Beer, Wine & Spirits"
693658,Pouilly-Vinzelles Joseph Drouhin,W,false,1010,https://ecom-su-static-prod.wtrecom.com/images/products/3/LN_693658_BP_3.jpg,https://www.waitrose.com/ecom/products/pouilly-vinzelles-joseph-drouhin/693658-812942-812943,Pouilly-Vinzelles Joseph Drouhin,75cl,£29.99,£29.99/75cl,,"Beer, Wine & Spirits"
693608,Graham's 10 Year Old Tawny Port,W,false,1011,https://ecom-su-static-prod.wtrecom.com/images/products/3/LN_693608_BP_3.jpg,https://www.waitrose.com/ecom/products/grahams-10-year-old-tawny-port/693608-141280-141281,Graham's 10 Year Old Tawny Port,75cl,£23.49,£23.49/75cl,,"Beer, Wine & Spirits"
692580,Gérard Bertrand Naturae Organic Merlot,W,false,1012,https://ecom-su-static-prod.wtrecom.com/images/products/3/LN_692580_BP_3.jpg,https://www.waitrose.com/ecom/products/gerard-bertrand-naturae-organic-merlot/692580-771933-771934,Gérard Bertrand Naturae Organic Merlot,75cl,£11.99,£11.99/75cl,,"Beer, Wine & Spirits"
691735,Waitrose Loved & Found Zibibbo,W,false,1013,https://ecom-su-static-prod.wtrecom.com/images/products/3/LN_691735_BP_3.jpg,https://www.waitrose.com/ecom/products/waitrose-loved-found-zibibbo/691735-804482-804483,Waitrose Loved & Found Zibibbo,75cl,£9.99,£9.99/75cl,,"Beer, Wine & Spirits"
691688,Chase Rhubarb & Bramley Apple Flavoured Gin,G,true,1014,https://ecom-su-static-prod.wtrecom.com/images/products/3/LN_691688_BP_3.jpg,https://www.waitrose.com/ecom/products/chase-rhubarb-bramley-apple-flavoured-gin/691688-674730-674731,Chase Rhubarb & Bramley Apple Flavoured Gin,70cl,£20.00,£28.58/litre,save £10.50. Was £30.50,"Beer, Wine & Spirits"
690645,Le Sauvignon Blanc de Balthazar,W,true,1015,https://ecom-su-static-prod.wtrecom.com/images/products/3/LN_690645_BP_3.jpg,https://www.waitrose.com/ecom/products/le-sauvignon-blanc-de-balthazar/690645-771925-771926,Le Sauvignon Blanc de Balthazar,75cl,£8.99,£8.99/75cl,Buyers Choice,"Beer, Wine & Spirits"
690543,Stella Artois Unfiltered,G,false,1016,https://ecom-su-static-prod.wtrecom.com/images/products/3/LN_690543_BP_3.jpg,https://www.waitrose.com/ecom/products/stella-artois-unfiltered/690543-822187-822188,Stella Artois Unfiltered,620ml,£2.80,£4.52/litre,,"Beer, Wine & Spirits"
686871,Norton Winemaker's Reserve Malbec,W,false,1017,https://ecom-su-static-prod.wtrecom.com/images/products/3/LN_686871_BP_3.jpg,https://www.waitrose.com/ecom/products/norton-winemakers-reserve-malbec/686871-138571-138572,Norton Winemaker's Reserve Malbec,75cl,£13.99,£13.99/75cl,,"Beer, Wine & Spirits"
686423,JUBEL Beer Mixed Pack,G,false,1018,https://ecom-su-static-prod.wtrecom.com/images/products/3/LN_686423_BP_3.jpg,https://www.waitrose.com/ecom/products/jubel-beer-mixed-pack/686423-823707-823708,JUBEL Beer Mixed Pack,8x330ml,£13.00,£4.93/litre,,"Beer, Wine & Spirits"
685143,"No.1 Sauternes, Château Suduiraut Bordeaux, France",W,false,1019,https://ecom-su-static-prod.wtrecom.com/images/products/3/LN_685143_BP_3.jpg,https://www.waitrose.com/ecom/products/no1-sauternes-chateau-suduiraut-bordeaux-france/685143-97326-97327,"No.1 Sauternes, Château Suduiraut Bordeaux, France",37.5cl,£17.99,£35.98/75cl,,"Beer, Wine & Spirits"
683422,Akashi Japanese Blended Whisky,G,false,1020,https://ecom-su-static-prod.wtrecom.com/images/products/3/LN_683422_BP_3.jpg,https://www.waitrose.com/ecom/products/akashi-japanese-blended-whisky/683422-518992-518993,Akashi Japanese Blended Whisky,50cl,£35.00,£70/litre,,"Beer, Wine & Spirits"
683325,John Lewis Acrylic Drinks Dispenser,G,true,1021,https://ecom-su-static-prod.wtrecom.com/images/products/3/LN_683325_BP_3.jpg,https://www.waitrose.com/ecom/products/john-lewis-acrylic-drinks-dispenser/683325-680308-680309,John Lewis Acrylic Drinks Dispenser,each,£15.00,£15 each,25% Off. Was £20.00,"Beer, Wine & Spirits"
683220,Talisker Skye Single Malt Scotch Whisky,G,true,1022,https://ecom-su-static-prod.wtrecom.com/images/products/3/LN_683220_BP_3.jpg,https://www.waitrose.com/ecom/products/talisker-skye-single-malt-scotch-whisky/683220-442956-442957,Talisker Skye Single Malt Scotch Whisky,70cl,£28.00,£40/litre,save £18.00. Was £46.00,"Beer, Wine & Spirits"
682415,Louis Latour Red Burgundy France,W,false,1023,https://ecom-su-static-prod.wtrecom.com/images/products/3/LN_682415_BP_3.jpg,https://www.waitrose.com/ecom/products/louis-latour-red-burgundy-france/682415-96931-96932,Louis Latour Red Burgundy France,75cl,£19.99,£19.99/75cl,,"Beer, Wine & Spirits"
680873,Scapegrace Release VII: Dimension Single Malt Whisky,G,false,1024,https://ecom-su-static-prod.wtrecom.com/images/products/3/LN_680873_BP_3.jpg,https://www.waitrose.com/ecom/products/scapegrace-release-vii-dimension-single-malt-whisky/680873-818812-818813,Scapegrace Release VII: Dimension Single Malt Whisky,70cl,£49.00,£70/litre,,"Beer, Wine & Spirits"
680297,Lustau Vermut Rosé,W,true,1025,https://ecom-su-static-prod.wtrecom.com/images/products/3/LN_680297_BP_3.jpg,https://www.waitrose.com/ecom/products/lustau-vermut-rose/680297-694602-694603,Lustau Vermut Rosé,50cl,£12.50,£25/litre,save £2.50. Was £15.00,"Beer, Wine & Spirits"
680155,Penfolds Bin 311 Chardonnay,W,false,1026,https://ecom-su-static-prod.wtrecom.com/images/products/3/LN_680155_BP_3.jpg,https://www.waitrose.com/ecom/products/penfolds-bin-311-chardonnay/680155-804480-804481,Penfolds Bin 311 Chardonnay,75cl,£29.99,£29.99/75cl,,"Beer, Wine & Spirits"
679895,La Rioja Alta Viña Alberdi Rioja Reserva,W,false,1027,https://ecom-su-static-prod.wtrecom.com/images/products/3/LN_679895_BP_3.jpg,https://www.waitrose.com/ecom/products/la-rioja-alta-vina-alberdi-rioja-reserva/679895-750305-750306,La Rioja Alta Viña Alberdi Rioja Reserva,75cl,£19.99,£19.99/75cl,,"Beer, Wine & Spirits"
679109,Nyetimber Classic Cuvée Multi Vintage,W,true,1028,https://ecom-su-static-prod.wtrecom.com/images/products/3/LN_679109_BP_3.jpg,https://www.waitrose.com/ecom/products/nyetimber-classic-cuvee-multi-vintage/679109-694598-694599,Nyetimber Classic Cuvée Multi Vintage,37.5cl,£15.99,£31.98/75cl,save £6.00. Was £21.99,"Beer, Wine & Spirits"
676349,Waitrose Double Jigger Measure,G,false,1029,https://ecom-su-static-prod.wtrecom.com/images/products/3/LN_676349_BP_3.jpg,https://www.waitrose.com/ecom/products/waitrose-double-jigger-measure/676349-625187-625188,Waitrose Double Jigger Measure,each,£4.50,£4.50 each,,"Beer, Wine & Spirits"
675881,Camden Hells,G,false,1030,https://ecom-su-static-prod.wtrecom.com/images/products/3/LN_675881_BP_3.jpg,https://www.waitrose.com/ecom/products/camden-hells/675881-802840-802841,Camden Hells,660ml,£3.00,£4.55/litre,,"Beer, Wine & Spirits"
674928,Wolf Blass Red Label Chardonnay Semillon,W,false,1031,https://ecom-su-static-prod.wtrecom.com/images/products/3/LN_674928_BP_3.jpg,https://www.waitrose.com/ecom/products/wolf-blass-red-label-chardonnay-semillon/674928-771893-771894,Wolf Blass Red Label Chardonnay Semillon,75cl,£7.99,£7.99/75cl,,"Beer, Wine & Spirits"
672335,Gaia Organic Malbec,W,true,1032,https://ecom-su-static-prod.wtrecom.com/images/products/3/LN_672335_BP_3.jpg,https://www.waitrose.com/ecom/products/gaia-organic-malbec/672335-768373-768374,Gaia Organic Malbec,75cl,£12.99,£12.99/75cl,save £4.00. Was £16.99,"Beer, Wine & Spirits"
671972,Sipsmith London Dry Light G&T,G,true,1033,https://ecom-su-static-prod.wtrecom.com/images/products/3/LN_671972_BP_3.jpg,https://www.waitrose.com/ecom/products/sipsmith-london-dry-light-gt/671972-695128-695129,Sipsmith London Dry Light G&T,250ml,£3.10,£12.40/litre,Mix & Match Add 4 for 3 Cheapest Item Free,"Beer, Wine & Spirits"
671804,Baron Médoc Bordeaux France,W,false,1034,https://ecom-su-static-prod.wtrecom.com/images/products/3/LN_671804_BP_3.jpg,https://www.waitrose.com/ecom/products/baron-medoc-bordeaux-france/671804-95387-95388,Baron Médoc Bordeaux France,75cl,£12.99,£12.99/75cl,,"Beer, Wine & Spirits"
671768,Swartland Private Collection Chenin Sauvignon Blanc,W,true,1035,https://ecom-su-static-prod.wtrecom.com/images/products/3/LN_671768_BP_3.jpg,https://www.waitrose.com/ecom/products/swartland-private-collection-chenin-sauvignon-blanc/671768-800414-800415,Swartland Private Collection Chenin Sauvignon Blanc,75cl,£6.74,,25% Off. Was £8.99,"Beer, Wine & Spirits"
671702,Menabrea,G,false,1036,https://ecom-su-static-prod.wtrecom.com/images/products/3/LN_671702_BP_3.jpg,https://www.waitrose.com/ecom/products/menabrea/671702-822177-822178,Menabrea,4x330ml,£6.25,£4.74/litre,,"Beer, Wine & Spirits"
670947,Absolut Lime Flavoured Vodka,G,true,1037,https://ecom-su-static-prod.wtrecom.com/images/products/3/LN_670947_BP_3.jpg,https://www.waitrose.com/ecom/products/absolut-lime-flavoured-vodka/670947-585625-585626,Absolut Lime Flavoured Vodka,700ml,£18.00,£25.72/litre,save £5.00. Was £23.00,"Beer, Wine & Spirits"
670866,Père Magloire VSOP Calvados,G,false,1038,https://ecom-su-static-prod.wtrecom.com/images/products/3/LN_670866_BP_3.jpg,https://www.waitrose.com/ecom/products/pere-magloire-vsop-calvados/670866-95269-95270,Père Magloire VSOP Calvados,50cl,£25.50,£51/litre,,"Beer, Wine & Spirits"
669901,Oakham Ales Bishops Farewell Peterborough,G,false,1039,https://ecom-su-static-prod.wtrecom.com/images/products/3/LN_669901_BP_3.jpg,https://www.waitrose.com/ecom/products/oakham-ales-bishops-farewell-peterborough/669901-95090-95091,Oakham Ales Bishops Farewell Peterborough,500ml,£2.25,£4.50/litre,,"Beer, Wine & Spirits"
669451,Passoa Passionfruit Liqueur for Passionfruit Martini,G,true,1040,https://ecom-su-static-prod.wtrecom.com/images/products/3/LN_669451_BP_3.jpg,https://www.waitrose.com/ecom/products/passoa-passionfruit-liqueur-for-passionfruit-martini/669451-683718-683719,Passoa Passionfruit Liqueur for Passionfruit Martini,70cl,£10.00,£14.29/litre,save £6.50. Was £16.50,"Beer, Wine & Spirits"
669393,Jura 10 Year Old Single Malt Scotch Whisky,G,true,1041,https://ecom-su-static-prod.wtrecom.com/images/products/3/LN_669393_BP_3.jpg,https://www.waitrose.com/ecom/products/jura-10-year-old-single-malt-scotch-whisky/669393-665554-665555,Jura 10 Year Old Single Malt Scotch Whisky,70cl,£28.00,£40/litre,save £14.00. Was £42.00,"Beer, Wine & Spirits"
669339,Val di Suga Brunello di Montalcino,W,false,1042,https://ecom-su-static-prod.wtrecom.com/images/products/3/LN_669339_BP_3.jpg,https://www.waitrose.com/ecom/products/val-di-suga-brunello-di-montalcino/669339-754353-754354,Val di Suga Brunello di Montalcino,75cl,£29.99,£29.99/75cl,,"Beer, Wine & Spirits"
668869,"Baron De Ley Club Privado Rioja, Spain",W,true,1043,https://ecom-su-static-prod.wtrecom.com/images/products/3/LN_668869_BP_3.jpg,https://www.waitrose.com/ecom/products/baron-de-ley-club-privado-rioja-spain/668869-94928-94929,"Baron De Ley Club Privado Rioja, Spain",75cl,£8.99,£8.99/75cl,save £1.00. Was £9.99,"Beer, Wine & Spirits"
668616,Patrón Reposado Tequila,G,true,1044,https://ecom-su-static-prod.wtrecom.com/images/products/3/LN_668616_BP_3.jpg,https://www.waitrose.com/ecom/products/patron-reposado-tequila/668616-769162-769163,Patrón Reposado Tequila,70cl,£46.00,£65.72/litre,save £6.00. Was £52.00,"Beer, Wine & Spirits"
668345,Disaronno Velvet Amaretto White Cream Liqueur,G,false,1045,https://ecom-su-static-prod.wtrecom.com/images/products/3/LN_668345_BP_3.jpg,https://www.waitrose.com/ecom/products/disaronno-velvet-amaretto-white-cream-liqueur/668345-728362-728363,Disaronno Velvet Amaretto White Cream Liqueur,500ml,£18.00,£36/litre,,"Beer, Wine & Spirits"
667631,Einstok Icelandic Arctic PA,G,true,1046,https://ecom-su-static-prod.wtrecom.com/images/products/3/LN_667631_BP_3.jpg,https://www.waitrose.com/ecom/products/einstok-icelandic-arctic-pa/667631-728360-728361,Einstok Icelandic Arctic PA,330ml,£2.50,£7.58/litre,Add 2 for £4,"Beer, Wine & Spirits"
667558,"Les Marennes Pinot Noir Sancerre Loire, France",W,true,1047,https://ecom-su-static-prod.wtrecom.com/images/products/3/LN_667558_BP_3.jpg,https://www.waitrose.com/ecom/products/les-marennes-pinot-noir-sancerre-loire-france/667558-606654-606655,"Les Marennes Pinot Noir Sancerre Loire, France",75cl,£16.99,£16.99/75cl,Buyers Choice,"Beer, Wine & Spirits"
666745,Glen Scotia Campbeltown Harbour,G,false,1048,https://ecom-su-static-prod.wtrecom.com/images/products/3/LN_666745_BP_3.jpg,https://www.waitrose.com/ecom/products/glen-scotia-campbeltown-harbour/666745-665552-665553,Glen Scotia Campbeltown Harbour,70cl,£38.50,£55/litre,,"Beer, Wine & Spirits"
665449,Aerstone Sea Cask 10 Year Old Whisky,G,true,1049,https://ecom-su-static-prod.wtrecom.com/images/products/3/LN_665449_BP_3.jpg,https://www.waitrose.com/ecom/products/aerstone-sea-cask-10-year-old-whisky/665449-778358-778359,Aerstone Sea Cask 10 Year Old Whisky,70cl,£24.00,£34.29/litre,save £10.50. Was £34.50,"Beer, Wine & Spirits"
664858,Loved & Found Touriga Nacional,W,false,1050,https://ecom-su-static-prod.wtrecom.com/images/products/3/LN_664858_BP_3.jpg,https://www.waitrose.com/ecom/products/loved-found-touriga-nacional/664858-813384-813385,Loved & Found Touriga Nacional,75cl,£8.99,£8.99/75cl,,"Beer, Wine & Spirits"
662798,Beavertown Gamma Ray London,G,true,1051,https://ecom-su-static-prod.wtrecom.com/images/products/3/LN_662798_BP_3.jpg,https://www.waitrose.com/ecom/products/beavertown-gamma-ray-london/662798-662329-662330,Beavertown Gamma Ray London,330ml,£2.55,£7.73/litre,Add 2 for £4.50,"Beer, Wine & Spirits"
662476,DRTY Mango Passion Vodka Seltzer,G,true,1052,https://ecom-su-static-prod.wtrecom.com/images/products/3/LN_662476_BP_3.jpg,https://www.waitrose.com/ecom/products/drty-mango-passion-vodka-seltzer/662476-769154-769155,DRTY Mango Passion Vodka Seltzer,330ml,£2.50,£7.58/litre,Mix & Match Add 4 for 3 Cheapest Item Free,"Beer, Wine & Spirits"
661670,Farm Hand Organic Chardonnay,W,false,1053,https://ecom-su-static-prod.wtrecom.com/images/products/3/LN_661670_BP_3.jpg,https://www.waitrose.com/ecom/products/farm-hand-organic-chardonnay/661670-783674-783675,Farm Hand Organic Chardonnay,75cl,£10.49,£10.49/75cl,,"Beer, Wine & Spirits"
661590,Villa Cafaggio Chianti Classico,W,false,1054,https://ecom-su-static-prod.wtrecom.com/images/products/3/LN_661590_BP_3.jpg,https://www.waitrose.com/ecom/products/villa-cafaggio-chianti-classico/661590-249251-249252,Villa Cafaggio Chianti Classico,1.5L,£32.99,£16.50/75cl,,"Beer, Wine & Spirits"
661460,Henry Westons British Vintage Cider,G,true,1055,https://ecom-su-static-prod.wtrecom.com/images/products/3/LN_661460_BP_3.jpg,https://www.waitrose.com/ecom/products/henry-westons-british-vintage-cider/661460-801970-801971,Henry Westons British Vintage Cider,500ml,£2.50,£5/litre,Add 3 for £6,"Beer, Wine & Spirits"
660458,Fever-Tree Easy Cocktail Shaker,G,false,1056,https://ecom-su-static-prod.wtrecom.com/images/products/3/LN_660458_BP_3.jpg,https://www.waitrose.com/ecom/products/fever-tree-easy-cocktail-shaker/660458-810751-810752,Fever-Tree Easy Cocktail Shaker,Each,£15.00,£15 each,,"Beer, Wine & Spirits"
658264,Coors,G,false,1057,https://ecom-su-static-prod.wtrecom.com/images/products/3/LN_658264_BP_3.jpg,https://www.waitrose.com/ecom/products/coors/658264-823683-823684,Coors,12x330ml,£10.50,£2.66/litre,,"Beer, Wine & Spirits"
657002,"Domaine Paul Blanck Gewurztraminer Alsace, France",W,false,1058,https://ecom-su-static-prod.wtrecom.com/images/products/3/LN_657002_BP_3.jpg,https://www.waitrose.com/ecom/products/domaine-paul-blanck-gewurztraminer-alsace-france/657002-93275-93276,"Domaine Paul Blanck Gewurztraminer Alsace, France",75cl,£16.49,£16.49/75cl,,"Beer, Wine & Spirits"
656493,Camden Pale Ale,G,false,1059,https://ecom-su-static-prod.wtrecom.com/images/products/3/LN_656493_BP_3.jpg,https://www.waitrose.com/ecom/products/camden-pale-ale/656493-778354-778355,Camden Pale Ale,12x330ml,£17.00,£4.30/litre,,"Beer, Wine & Spirits"
656064,Ayala Brut Majeur Champagne,W,true,1060,https://ecom-su-static-prod.wtrecom.com/images/products/3/LN_656064_BP_3.jpg,https://www.waitrose.com/ecom/products/ayala-brut-majeur-champagne/656064-233011-233012,Ayala Brut Majeur Champagne,75cl,£36.99,£36.99/75cl,Buyers Choice,"Beer, Wine & Spirits"
655969,Kyro Dairy Cream,G,true,1061,https://ecom-su-static-prod.wtrecom.com/images/products/3/LN_655969_BP_3.jpg,https://www.waitrose.com/ecom/products/kyro-dairy-cream/655969-791145-791146,Kyro Dairy Cream,500ml,£14.00,£28/litre,Reduced to Clear. Was £20.00,"Beer, Wine & Spirits"
655871,Reserve du Palais Costieres de Nimes Red Wine,W,false,1062,https://ecom-su-static-prod.wtrecom.com/images/products/3/LN_655871_BP_3.jpg,https://www.waitrose.com/ecom/products/reserve-du-palais-costieres-de-nimes-red-wine/655871-804474-804475,Reserve du Palais Costieres de Nimes Red Wine,75cl,£8.99,£8.99/75cl,,"Beer, Wine & Spirits"
655240,The Duppy Share Spiced Rum and Old Jamaica,G,true,1063,https://ecom-su-static-prod.wtrecom.com/images/products/3/LN_655240_BP_3.jpg,https://www.waitrose.com/ecom/products/the-duppy-share-spiced-rum-and-old-jamaica/655240-822765-822766,The Duppy Share Spiced Rum and Old Jamaica,250ml,£2.50,£10/litre,Mix & Match Add 4 for 3 Cheapest Item Free,"Beer, Wine & Spirits"
654683,Alaina Rosé,W,false,1064,https://ecom-su-static-prod.wtrecom.com/images/products/3/LN_654683_BP_3.jpg,https://www.waitrose.com/ecom/products/alaina-rose/654683-802588-802589,Alaina Rosé,75cl,£12.99,£12.99/75cl,,"Beer, Wine & Spirits"
654608,Reyneke Organic Chenin Blanc,W,false,1065,https://ecom-su-static-prod.wtrecom.com/images/products/3/LN_654608_BP_3.jpg,https://www.waitrose.com/ecom/products/reyneke-organic-chenin-blanc/654608-691732-691733,Reyneke Organic Chenin Blanc,75cl,£10.99,£10.99/75cl,,"Beer, Wine & Spirits"
652822,Clean Co Clean G Non-Alcoholic Gin Replacement,G,false,1066,https://ecom-su-static-prod.wtrecom.com/images/products/3/LN_652822_BP_3.jpg,https://www.waitrose.com/ecom/products/clean-co-clean-g-non-alcoholic-gin-replacement/652822-793502-793503,Clean Co Clean G Non-Alcoholic Gin Replacement,70cl,£17.00,£24.29/litre,,"Beer, Wine & Spirits"
651463,Camden Stout Cans,G,false,1067,https://ecom-su-static-prod.wtrecom.com/images/products/3/LN_651463_BP_3.jpg,https://www.waitrose.com/ecom/products/camden-stout-cans/651463-826148-826149,Camden Stout Cans,4x440ml,£6.75,£3.84/litre,,"Beer, Wine & Spirits"
650833,Reyneke Organic Cabernet Merlot,W,false,1068,https://ecom-su-static-prod.wtrecom.com/images/products/3/LN_650833_BP_3.jpg,https://www.waitrose.com/ecom/products/reyneke-organic-cabernet-merlot/650833-691724-691725,Reyneke Organic Cabernet Merlot,75cl,£10.99,£10.99/75cl,,"Beer, Wine & Spirits"
650614,Outland West Coast IPA,G,true,1069,https://ecom-su-static-prod.wtrecom.com/images/products/3/LN_650614_BP_3.jpg,https://www.waitrose.com/ecom/products/outland-west-coast-ipa/650614-826146-826147,Outland West Coast IPA,440ml,£3.25,£7.39/litre,Mix & Match Add 5 for 4 Cheapest Item Free,"Beer, Wine & Spirits"
650610,Sierra Los Andes Malbec,W,false,1070,https://ecom-su-static-prod.wtrecom.com/images/products/3/LN_650610_BP_3.jpg,https://www.waitrose.com/ecom/products/sierra-los-andes-malbec/650610-756871-756872,Sierra Los Andes Malbec,75cl,£9.99,£9.99/75cl,,"Beer, Wine & Spirits"
650401,Galipette Rosé Cidre,G,true,1071,https://ecom-su-static-prod.wtrecom.com/images/products/3/LN_650401_BP_3.jpg,https://www.waitrose.com/ecom/products/galipette-rose-cidre/650401-776754-776755,Galipette Rosé Cidre,330ml,£2.50,£7.58/litre,Add 2 for £4,"Beer, Wine & Spirits"
649745,Gabriel Meffre Organic Côtes du Rhône,W,true,1072,https://ecom-su-static-prod.wtrecom.com/images/products/3/LN_649745_BP_3.jpg,https://www.waitrose.com/ecom/products/gabriel-meffre-organic-cotes-du-rhone/649745-585613-585614,Gabriel Meffre Organic Côtes du Rhône,75cl,£8.49,£8.49/75cl,save £2.50. Was £10.99,"Beer, Wine & Spirits"
649358,Staropramen 0.0%,G,false,1073,https://ecom-su-static-prod.wtrecom.com/images/products/3/LN_649358_BP_3.jpg,https://www.waitrose.com/ecom/products/staropramen-00/649358-827122-827123,Staropramen 0.0%,4x330ml,£5.25,£3.98/litre,,"Beer, Wine & Spirits"
648948,Bunnahabhain 12 Year Old Single Malt Whisky Islay,G,false,1074,https://ecom-su-static-prod.wtrecom.com/images/products/3/LN_648948_BP_3.jpg,https://www.waitrose.com/ecom/products/bunnahabhain-12-year-old-single-malt-whisky-islay/648948-152903-152904,Bunnahabhain 12 Year Old Single Malt Whisky Islay,70cl,£47.00,£67.15/litre,,"Beer, Wine & Spirits"
648657,Doorly's 5 Year Old Barbados Rum,G,false,1075,https://ecom-su-static-prod.wtrecom.com/images/products/3/LN_648657_BP_3.jpg,https://www.waitrose.com/ecom/products/doorlys-5-year-old-barbados-rum/648657-778352-778353,Doorly's 5 Year Old Barbados Rum,70cl,£34.00,£48.58/litre,,"Beer, Wine & Spirits"
648515,Digby Fine English Leander Pink NV England,W,false,1076,https://ecom-su-static-prod.wtrecom.com/images/products/3/LN_648515_BP_3.jpg,https://www.waitrose.com/ecom/products/digby-fine-english-leander-pink-nv-england/648515-505566-505567,Digby Fine English Leander Pink NV England,75cl,£34.99,£34.99/75cl,,"Beer, Wine & Spirits"
648130,Paolo Leo Primitivo di Manduria DOP,W,false,1077,https://ecom-su-static-prod.wtrecom.com/images/products/3/LN_648130_BP_3.jpg,https://www.waitrose.com/ecom/products/paolo-leo-primitivo-di-manduria-dop/648130-129196-129197,Paolo Leo Primitivo di Manduria DOP,75cl,£12.99,£12.99/75cl,,"Beer, Wine & Spirits"
647568,Black Bottle Blended Scotch Whisky,G,false,1078,https://ecom-su-static-prod.wtrecom.com/images/products/3/LN_647568_BP_3.jpg,https://www.waitrose.com/ecom/products/black-bottle-blended-scotch-whisky/647568-791139-791140,Black Bottle Blended Scotch Whisky,700ml,£22.00,£31.43/litre,,"Beer, Wine & Spirits"
647300,Bushmills Black Bush Irish Whiskey,G,false,1079,https://ecom-su-static-prod.wtrecom.com/images/products/3/LN_647300_BP_3.jpg,https://www.waitrose.com/ecom/products/bushmills-black-bush-irish-whiskey/647300-695110-695111,Bushmills Black Bush Irish Whiskey,70cl,£30.00,£42.86/litre,,"Beer, Wine & Spirits"
646590,Louis Jadot Quincié Beaujolais-Villages,W,false,1080,https://ecom-su-static-prod.wtrecom.com/images/products/3/LN_646590_BP_3.jpg,https://www.waitrose.com/ecom/products/louis-jadot-quincie-beaujolais-villages/646590-665522-665523,Louis Jadot Quincié Beaujolais-Villages,75cl,£14.99,£14.99/75cl,,"Beer, Wine & Spirits"
645374,Adnams Explorer Golden Ale Can,G,true,1081,https://ecom-su-static-prod.wtrecom.com/images/products/3/LN_645374_BP_3.jpg,https://www.waitrose.com/ecom/products/adnams-explorer-golden-ale-can/645374-132966-132967,Adnams Explorer Golden Ale Can,440ml,£2.75,£6.25/litre,Mix & Match Add 5 for 4 Cheapest Item Free,"Beer, Wine & Spirits"
645359,Perrier-Jouët Grand Brut Non Vintage Champagne,W,true,1082,https://ecom-su-static-prod.wtrecom.com/images/products/3/LN_645359_BP_3.jpg,https://www.waitrose.com/ecom/products/perrier-jouet-grand-brut-non-vintage-champagne/645359-91610-91611,Perrier-Jouët Grand Brut Non Vintage Champagne,75cl,£44.99,£44.99/75cl,save £5.00. Was £49.99,"Beer, Wine & Spirits"
644103,AOP Limoux Chardonnay Languedoc South of France,W,false,1083,https://ecom-su-static-prod.wtrecom.com/images/products/3/LN_644103_BP_3.jpg,https://www.waitrose.com/ecom/products/aop-limoux-chardonnay-languedoc-south-of-france/644103-788634-788635,AOP Limoux Chardonnay Languedoc South of France,75cl,£13.99,£13.99/75cl,,"Beer, Wine & Spirits"
642575,Les Chartrons Bordeaux AOP,W,true,1084,https://ecom-su-static-prod.wtrecom.com/images/products/3/LN_642575_BP_3.jpg,https://www.waitrose.com/ecom/products/les-chartrons-bordeaux-aop/642575-371554-371555,Les Chartrons Bordeaux AOP,75cl,£7.49,£7.49/75cl,save £2.50. Was £9.99,"Beer, Wine & Spirits"
641945,Old Speckled Hen,G,false,1085,https://ecom-su-static-prod.wtrecom.com/images/products/3/LN_641945_BP_3.jpg,https://www.waitrose.com/ecom/products/old-speckled-hen/641945-804134-804135,Old Speckled Hen,10x440ml,£12.50,£2.85/litre,,"Beer, Wine & Spirits"
641600,Kisi Queveris Tbilvino,W,false,1086,https://ecom-su-static-prod.wtrecom.com/images/products/3/LN_641600_BP_3.jpg,https://www.waitrose.com/ecom/products/kisi-queveris-tbilvino/641600-793337-793338,Kisi Queveris Tbilvino,750ml,£15.99,£15.99/75cl,,"Beer, Wine & Spirits"
638921,H&H 10 Year Old Sercial Madeira,W,false,1087,https://ecom-su-static-prod.wtrecom.com/images/products/3/LN_638921_BP_3.jpg,https://www.waitrose.com/ecom/products/hh-10-year-old-sercial-madeira/638921-627942-627943,H&H 10 Year Old Sercial Madeira,50cl,£21.99,£32.99/75cl,,"Beer, Wine & Spirits"
638918,Auchentoshan American Oak Single Malt Scotch Whisky,G,false,1088,https://ecom-su-static-prod.wtrecom.com/images/products/3/LN_638918_BP_3.jpg,https://www.waitrose.com/ecom/products/auchentoshan-american-oak-single-malt-scotch-whisky/638918-381242-381243,Auchentoshan American Oak Single Malt Scotch Whisky,700ml,£36.00,£51.43/litre,,"Beer, Wine & Spirits"
637982,San Miguel Lager Cans,G,true,1089,https://ecom-su-static-prod.wtrecom.com/images/products/3/LN_637982_BP_3.jpg,https://www.waitrose.com/ecom/products/san-miguel-lager-cans/637982-804132-804133,San Miguel Lager Cans,6x330ml,£6.00,£3.04/litre,save £1.00. Was £7.00,"Beer, Wine & Spirits"
636688,The Singleton 12 YO Single Malt Scotch Whisky,G,true,1090,https://ecom-su-static-prod.wtrecom.com/images/products/3/LN_636688_BP_3.jpg,https://www.waitrose.com/ecom/products/the-singleton-12-yo-single-malt-scotch-whisky/636688-755979-755980,The Singleton 12 YO Single Malt Scotch Whisky,70cl,£28.00,£40/litre,save £16.00. Was £44.00,"Beer, Wine & Spirits"
635681,Veuve Clicquot Brut Rosé Champagne,W,false,1091,https://ecom-su-static-prod.wtrecom.com/images/products/3/LN_635681_BP_3.jpg,https://www.waitrose.com/ecom/products/veuve-clicquot-brut-rose-champagne/635681-589293-589294,Veuve Clicquot Brut Rosé Champagne,75cl,£54.99,£54.99/75cl,,"Beer, Wine & Spirits"
635332,Scapegrace Vodka,G,false,1092,https://ecom-su-static-prod.wtrecom.com/images/products/3/LN_635332_BP_3.jpg,https://www.waitrose.com/ecom/products/scapegrace-vodka/635332-818704-818705,Scapegrace Vodka,70cl,£32.00,£45.72/litre,,"Beer, Wine & Spirits"
634603,Cantina del Nebbiolo Nebbiolo d'Alba,W,true,1093,https://ecom-su-static-prod.wtrecom.com/images/products/3/LN_634603_BP_3.jpg,https://www.waitrose.com/ecom/products/cantina-del-nebbiolo-nebbiolo-dalba/634603-733358-733359,Cantina del Nebbiolo Nebbiolo d'Alba,75cl,£10.99,£10.99/75cl,save £3.00. Was £13.99,"Beer, Wine & Spirits"
634433,St Peter's Ruby Red Ale Suffolk,G,true,1094,https://ecom-su-static-prod.wtrecom.com/images/products/3/LN_634433_BP_3.jpg,https://www.waitrose.com/ecom/products/st-peters-ruby-red-ale-suffolk/634433-90091-90092,St Peter's Ruby Red Ale Suffolk,500ml,£2.25,£4.50/litre,Add 4 for £7,"Beer, Wine & Spirits"
634383,Codorniu Zero Rosé,G,false,1095,https://ecom-su-static-prod.wtrecom.com/images/products/3/LN_634383_BP_3.jpg,https://www.waitrose.com/ecom/products/codorniu-zero-rose/634383-827118-827119,Codorniu Zero Rosé,75cl,£6.00,£6/75cl,,"Beer, Wine & Spirits"
634280,Noble Vines Collection 667 Pinot Noir,W,true,1096,https://ecom-su-static-prod.wtrecom.com/images/products/3/LN_634280_BP_3.jpg,https://www.waitrose.com/ecom/products/noble-vines-collection-667-pinot-noir/634280-606616-606617,Noble Vines Collection 667 Pinot Noir,75cl,£11.99,£11.99/75cl,save £5.00. Was £16.99,"Beer, Wine & Spirits"
634007,Produttori di Manduria Primitivo di Manduria Riserva,W,false,1097,https://ecom-su-static-prod.wtrecom.com/images/products/3/LN_634007_BP_3.jpg,https://www.waitrose.com/ecom/products/produttori-di-manduria-primitivo-di-manduria-riserva/634007-761237-761238,Produttori di Manduria Primitivo di Manduria Riserva,75cl,£14.99,£14.99/75cl,,"Beer, Wine & Spirits"
633537,Jose Cuervo Especial,G,true,1098,https://ecom-su-static-prod.wtrecom.com/images/products/3/LN_633537_BP_3.jpg,https://www.waitrose.com/ecom/products/jose-cuervo-especial/633537-695104-695105,Jose Cuervo Especial,70cl,£20.00,£28.58/litre,save £5.00. Was £25.00,"Beer, Wine & Spirits"
633483,Zafeirakis Malagousia,W,true,1099,https://ecom-su-static-prod.wtrecom.com/images/products/3/LN_633483_BP_3.jpg,https://www.waitrose.com/ecom/products/zafeirakis-malagousia/633483-779647-779648,Zafeirakis Malagousia,75cl,£12.99,£12.99/75cl,save £2.00. Was £14.99,"Beer, Wine & Spirits"
632627,Nc'nean Organic Single Malt Whisky,G,false,1100,https://ecom-su-static-prod.wtrecom.com/images/products/3/LN_632627_BP_3.jpg,https://www.waitrose.com/ecom/products/ncnean-organic-single-malt-whisky/632627-818698-818699,Nc'nean Organic Single Malt Whisky,70cl,£55.00,£78.58/litre,,"Beer, Wine & Spirits"
632455,Giffords Hall Madeleine Angevine,W,false,1101,https://ecom-su-static-prod.wtrecom.com/images/products/3/LN_632455_BP_3.jpg,https://www.waitrose.com/ecom/products/giffords-hall-madeleine-angevine/632455-290130-290131,Giffords Hall Madeleine Angevine,75cl,£13.49,£13.49/75cl,,"Beer, Wine & Spirits"
631827,Fenaroli Pecorino Superiore,W,false,1102,https://ecom-su-static-prod.wtrecom.com/images/products/3/LN_631827_BP_3.jpg,https://www.waitrose.com/ecom/products/fenaroli-pecorino-superiore/631827-633476-633477,Fenaroli Pecorino Superiore,75cl,£10.99,£10.99/75cl,,"Beer, Wine & Spirits"
631584,Rustenberg Stellenbosch Malbec,W,true,1103,https://ecom-su-static-prod.wtrecom.com/images/products/3/LN_631584_BP_3.jpg,https://www.waitrose.com/ecom/products/rustenberg-stellenbosch-malbec/631584-606610-606611,Rustenberg Stellenbosch Malbec,75cl,£10.99,£10.99/75cl,save £3.00. Was £13.99,"Beer, Wine & Spirits"
630896,Greene King Abbot Reserve,G,false,1104,https://ecom-su-static-prod.wtrecom.com/images/products/3/LN_630896_BP_3.jpg,https://www.waitrose.com/ecom/products/greene-king-abbot-reserve/630896-707106-707107,Greene King Abbot Reserve,500ml,£2.50,£5/litre,,"Beer, Wine & Spirits"
630261,Glen Scotia 10 Year Campbeltown Single Malt,G,true,1105,https://ecom-su-static-prod.wtrecom.com/images/products/3/LN_630261_BP_3.jpg,https://www.waitrose.com/ecom/products/glen-scotia-10-year-campbeltown-single-malt/630261-791127-791128,Glen Scotia 10 Year Campbeltown Single Malt,70cl,£30.00,£42.86/litre,save £17.00. Was £47.00,"Beer, Wine & Spirits"
629811,Le Grand Ballon Sauvignon Blanc,W,true,1106,https://ecom-su-static-prod.wtrecom.com/images/products/3/LN_629811_BP_3.jpg,https://www.waitrose.com/ecom/products/le-grand-ballon-sauvignon-blanc/629811-89448-89449,Le Grand Ballon Sauvignon Blanc,75cl,£7.99,£7.99/75cl,25% Off. Was £10.99,"Beer, Wine & Spirits"
628650,Penfolds St. Henri Shiraz,W,false,1107,https://ecom-su-static-prod.wtrecom.com/images/products/3/LN_628650_BP_3.jpg,https://www.waitrose.com/ecom/products/penfolds-st-henri-shiraz/628650-696192-696193,Penfolds St. Henri Shiraz,75cl,£94.99,£94.99/75cl,,"Beer, Wine & Spirits"
627954,La Creuze Noire Saint-Véran,W,false,1108,https://ecom-su-static-prod.wtrecom.com/images/products/3/LN_627954_BP_3.jpg,https://www.waitrose.com/ecom/products/la-creuze-noire-saint-veran/627954-771817-771818,La Creuze Noire Saint-Véran,75cl,£19.99,£19.99/75cl,,"Beer, Wine & Spirits"
627469,"Dourthe Réserve Montagne Saint-Émilion Bordeaux, France",W,false,1109,https://ecom-su-static-prod.wtrecom.com/images/products/3/LN_627469_BP_3.jpg,https://www.waitrose.com/ecom/products/dourthe-reserve-montagne-saint-emilion-bordeaux-france/627469-89062-89063,"Dourthe Réserve Montagne Saint-Émilion Bordeaux, France",75cl,£13.99,£13.99/75cl,,"Beer, Wine & Spirits"
627103,Tribute Cornish Pale Ale,G,true,1110,https://ecom-su-static-prod.wtrecom.com/images/products/3/LN_627103_BP_3.jpg,https://www.waitrose.com/ecom/products/tribute-cornish-pale-ale/627103-804126-804127,Tribute Cornish Pale Ale,10x440ml,£10.75,£2.45/litre,save £1.90. Was £12.65,"Beer, Wine & Spirits"
626442,Rekorderlig Blackberry & Blackcurrant,G,true,1111,https://ecom-su-static-prod.wtrecom.com/images/products/3/LN_626442_BP_3.jpg,https://www.waitrose.com/ecom/products/rekorderlig-blackberry-blackcurrant/626442-822157-822158,Rekorderlig Blackberry & Blackcurrant,500ml,£2.50,£5/litre,Add 3 for £6,"Beer, Wine & Spirits"
626246,"The Sardine Submarine Tejo, Portugal",W,false,1112,https://ecom-su-static-prod.wtrecom.com/images/products/3/LN_626246_BP_3.jpg,https://www.waitrose.com/ecom/products/the-sardine-submarine-tejo-portugal/626246-680224-680225,"The Sardine Submarine Tejo, Portugal",75cl,£8.99,£8.99/75cl,,"Beer, Wine & Spirits"
624947,Pommery Champagne NV Brut Rosé Royal,W,true,1113,https://ecom-su-static-prod.wtrecom.com/images/products/3/LN_624947_BP_3.jpg,https://www.waitrose.com/ecom/products/pommery-champagne-nv-brut-rose-royal/624947-683925-683926,Pommery Champagne NV Brut Rosé Royal,75cl,£42.99,£42.99/75cl,save £7.00. Was £49.99,"Beer, Wine & Spirits"
624841,Brixton Brewery Reliance Pale Ale Can 4PK,G,false,1114,https://ecom-su-static-prod.wtrecom.com/images/products/3/LN_624841_BP_3.jpg,https://www.waitrose.com/ecom/products/brixton-brewery-reliance-pale-ale-can-4pk/624841-826138-826139,Brixton Brewery Reliance Pale Ale Can 4PK,4x330ml,£7.00,£5.31/litre,,"Beer, Wine & Spirits"
624580,"The Search Grenache Blanc Marsanne, Roussanne",W,false,1115,https://ecom-su-static-prod.wtrecom.com/images/products/3/LN_624580_BP_3.jpg,https://www.waitrose.com/ecom/products/the-search-grenache-blanc-marsanne-roussanne/624580-593811-593812,"The Search Grenache Blanc Marsanne, Roussanne",75cl,£9.99,£9.99/75cl,,"Beer, Wine & Spirits"
624331,Journey's End Sir Lowry Cabernet Sauvignon,W,false,1116,https://ecom-su-static-prod.wtrecom.com/images/products/3/LN_624331_BP_3.jpg,https://www.waitrose.com/ecom/products/journeys-end-sir-lowry-cabernet-sauvignon/624331-371514-371515,Journey's End Sir Lowry Cabernet Sauvignon,75cl,£14.99,£14.99/75cl,,"Beer, Wine & Spirits"
623926,Bacardi Coconut Rum Flavoured Spirit Drink,G,false,1117,https://ecom-su-static-prod.wtrecom.com/images/products/3/LN_623926_BP_3.jpg,https://www.waitrose.com/ecom/products/bacardi-coconut-rum-flavoured-spirit-drink/623926-755967-755968,Bacardi Coconut Rum Flavoured Spirit Drink,70cl,£18.00,£25.72/litre,,"Beer, Wine & Spirits"
622643,Aspall Premier Cru Cyder,G,true,1118,https://ecom-su-static-prod.wtrecom.com/images/products/3/LN_622643_BP_3.jpg,https://www.waitrose.com/ecom/products/aspall-premier-cru-cyder/622643-692606-692607,Aspall Premier Cru Cyder,6x500ml,£12.00,£4/litre,save £3.00. Was £15.00,"Beer, Wine & Spirits"
621912,Wild Beer Pogo Passionfruit Pale Ale,G,true,1119,https://ecom-su-static-prod.wtrecom.com/images/products/3/LN_621912_BP_3.jpg,https://www.waitrose.com/ecom/products/wild-beer-pogo-passionfruit-pale-ale/621912-826136-826137,Wild Beer Pogo Passionfruit Pale Ale,440ml,£2.75,£6.25/litre,Mix & Match Add 5 for 4 Cheapest Item Free,"Beer, Wine & Spirits"
620750,Brewdog Elvis Alcohol Free,G,true,1120,https://ecom-su-static-prod.wtrecom.com/images/products/3/LN_620750_BP_3.jpg,https://www.waitrose.com/ecom/products/brewdog-elvis-alcohol-free/620750-827116-827117,Brewdog Elvis Alcohol Free,4x330ml,£4.00,£3.04/litre,save £1.50. Was £5.50,"Beer, Wine & Spirits"
620674,Triade Bianco,W,true,1121,https://ecom-su-static-prod.wtrecom.com/images/products/3/LN_620674_BP_3.jpg,https://www.waitrose.com/ecom/products/triade-bianco/620674-88070-88071,Triade Bianco,75cl,£7.49,£7.49/75cl,save £2.50. Was £9.99,"Beer, Wine & Spirits"
620431,Bulleit Bourbon Frontier Whiskey,G,true,1122,https://ecom-su-static-prod.wtrecom.com/images/products/3/LN_620431_BP_3.jpg,https://www.waitrose.com/ecom/products/bulleit-bourbon-frontier-whiskey/620431-499362-499363,Bulleit Bourbon Frontier Whiskey,70cl,£24.00,£34.29/litre,save £7.50. Was £31.50,"Beer, Wine & Spirits"
618084,Little Giant Adelaide Hills Chardonnay,W,true,1123,https://ecom-su-static-prod.wtrecom.com/images/products/3/LN_618084_BP_3.jpg,https://www.waitrose.com/ecom/products/little-giant-adelaide-hills-chardonnay/618084-783660-783661,Little Giant Adelaide Hills Chardonnay,75cl,£9.99,£9.99/75cl,save £3.00. Was £12.99,"Beer, Wine & Spirits"
617664,Slane Irish Whiskey,G,true,1124,https://ecom-su-static-prod.wtrecom.com/images/products/3/LN_617664_BP_3.jpg,https://www.waitrose.com/ecom/products/slane-irish-whiskey/617664-683684-683685,Slane Irish Whiskey,70cl,£22.00,£31.43/litre,save £11.00. Was £33.00,"Beer, Wine & Spirits"
617250,Jameson Orange Irish Whiskey,G,true,1125,https://ecom-su-static-prod.wtrecom.com/images/products/3/LN_617250_BP_3.jpg,https://www.waitrose.com/ecom/products/jameson-orange-irish-whiskey/617250-769132-769133,Jameson Orange Irish Whiskey,70cl,£21.00,£30/litre,Reduced to Clear. Was £25.75,"Beer, Wine & Spirits"
617249,Toast Rise Up Lager,G,false,1126,https://ecom-su-static-prod.wtrecom.com/images/products/3/LN_617249_BP_3.jpg,https://www.waitrose.com/ecom/products/toast-rise-up-lager/617249-815277-815278,Toast Rise Up Lager,330ml,£2.15,£6.52/litre,,"Beer, Wine & Spirits"
613955,Eminence de Bijou,W,true,1127,https://ecom-su-static-prod.wtrecom.com/images/products/3/LN_613955_BP_3.jpg,https://www.waitrose.com/ecom/products/eminence-de-bijou/613955-801392-801393,Eminence de Bijou,75cl,£10.99,£10.99/75cl,save £4.00. Was £14.99,"Beer, Wine & Spirits"
613404,Havana Club Cuban Spiced Rum,G,false,1128,https://ecom-su-static-prod.wtrecom.com/images/products/3/LN_613404_BP_3.jpg,https://www.waitrose.com/ecom/products/havana-club-cuban-spiced-rum/613404-755953-755954,Havana Club Cuban Spiced Rum,70cl,£25.00,£35.72/litre,,"Beer, Wine & Spirits"
612757,Beavertown Satellite Super Session IPA,G,false,1129,https://ecom-su-static-prod.wtrecom.com/images/products/3/LN_612757_BP_3.jpg,https://www.waitrose.com/ecom/products/beavertown-satellite-super-session-ipa/612757-757369-757370,Beavertown Satellite Super Session IPA,330ml,£1.85,£5.61/litre,,"Beer, Wine & Spirits"
612216,Masi Campofiorin,W,false,1130,https://ecom-su-static-prod.wtrecom.com/images/products/3/LN_612216_BP_3.jpg,https://www.waitrose.com/ecom/products/masi-campofiorin/612216-156239-156240,Masi Campofiorin,75cl,£14.99,£14.99/75cl,,"Beer, Wine & Spirits"
609994,Hennessy VS Cognac,G,false,1131,https://ecom-su-static-prod.wtrecom.com/images/products/3/LN_609994_BP_3.jpg,https://www.waitrose.com/ecom/products/hennessy-vs-cognac/609994-769128-769129,Hennessy VS Cognac,70cl,£39.50,£56.43/litre,,"Beer, Wine & Spirits"
607660,Yering Station The Elms Chardonnay,W,false,1132,https://ecom-su-static-prod.wtrecom.com/images/products/3/LN_607660_BP_3.jpg,https://www.waitrose.com/ecom/products/yering-station-the-elms-chardonnay/607660-711150-711151,Yering Station The Elms Chardonnay,75cl,£10.99,£10.99/75cl,,"Beer, Wine & Spirits"
606478,Joseph Drouhin Cote de Beaune,W,false,1133,https://ecom-su-static-prod.wtrecom.com/images/products/3/LN_606478_BP_3.jpg,https://www.waitrose.com/ecom/products/joseph-drouhin-cote-de-beaune/606478-812798-812799,Joseph Drouhin Cote de Beaune,75cl,£38.99,£38.99/75cl,,"Beer, Wine & Spirits"
606365,Château Pey La Tour Reserve Magnum,W,false,1134,https://ecom-su-static-prod.wtrecom.com/images/products/3/LN_606365_BP_3.jpg,https://www.waitrose.com/ecom/products/chateau-pey-la-tour-reserve-magnum/606365-86019-86020,Château Pey La Tour Reserve Magnum,150cl,£25.99,£13/75cl,,"Beer, Wine & Spirits"
605710,San Miguel Premium Lager,G,false,1135,https://ecom-su-static-prod.wtrecom.com/images/products/3/LN_605710_BP_3.jpg,https://www.waitrose.com/ecom/products/san-miguel-premium-lager/605710-175152-175153,San Miguel Premium Lager,660ml,£2.50,£3.79/litre,,"Beer, Wine & Spirits"
604326,Scapegrace Black Gin,G,false,1136,https://ecom-su-static-prod.wtrecom.com/images/products/3/LN_604326_BP_3.jpg,https://www.waitrose.com/ecom/products/scapegrace-black-gin/604326-818634-818635,Scapegrace Black Gin,70cl,£35.00,£50/litre,,"Beer, Wine & Spirits"
603050,Sirius Bordeaux,W,false,1137,https://ecom-su-static-prod.wtrecom.com/images/products/3/LN_603050_BP_3.jpg,https://www.waitrose.com/ecom/products/sirius-bordeaux/603050-706433-706434,Sirius Bordeaux,75cl,£12.99,£12.99/75cl,,"Beer, Wine & Spirits"
603034,Morgon La Chanaise,W,false,1138,https://ecom-su-static-prod.wtrecom.com/images/products/3/LN_603034_BP_3.jpg,https://www.waitrose.com/ecom/products/morgon-la-chanaise/603034-658343-658344,Morgon La Chanaise,75cl,£15.99,£15.99/75cl,,"Beer, Wine & Spirits"
602513,Penfolds Max's Chardonnay,W,false,1139,https://ecom-su-static-prod.wtrecom.com/images/products/3/LN_602513_BP_3.jpg,https://www.waitrose.com/ecom/products/penfolds-maxs-chardonnay/602513-691646-691647,Penfolds Max's Chardonnay,75cl,£19.99,£19.99/75cl,,"Beer, Wine & Spirits"
601498,La Reine De Fleurie,W,false,1140,https://ecom-su-static-prod.wtrecom.com/images/products/3/LN_601498_BP_3.jpg,https://www.waitrose.com/ecom/products/la-reine-de-fleurie/601498-726376-726377,La Reine De Fleurie,75cl,£14.99,£14.99/75cl,,"Beer, Wine & Spirits"
600507,Amandla Sauvignon Blanc,W,true,1141,https://ecom-su-static-prod.wtrecom.com/images/products/3/LN_600507_BP_3.jpg,https://www.waitrose.com/ecom/products/amandla-sauvignon-blanc/600507-788612-788613,Amandla Sauvignon Blanc,75cl,£7.99,£7.99/75cl,save £2.00. Was £9.99,"Beer, Wine & Spirits"
600061,Beavertown Neck Oil London,G,true,1142,https://ecom-su-static-prod.wtrecom.com/images/products/3/LN_600061_BP_3.jpg,https://www.waitrose.com/ecom/products/beavertown-neck-oil-london/600061-662323-662324,Beavertown Neck Oil London,330ml,£2.50,£7.58/litre,Add 2 for £4.50,"Beer, Wine & Spirits"
598037,Three Barrels French Brandy,G,false,1143,https://ecom-su-static-prod.wtrecom.com/images/products/3/LN_598037_BP_3.jpg,https://www.waitrose.com/ecom/products/three-barrels-french-brandy/598037-152737-152738,Three Barrels French Brandy,70cl,£20.00,£28.58/litre,,"Beer, Wine & Spirits"
597513,MOTH Espresso Martini,G,false,1144,https://ecom-su-static-prod.wtrecom.com/images/products/3/LN_597513_BP_3.jpg,https://www.waitrose.com/ecom/products/moth-espresso-martini/597513-818621-818622,MOTH Espresso Martini,4x125ml,£16.00,£32/litre,,"Beer, Wine & Spirits"
597277,Bonterra Collection Organic Cabernet,W,true,1145,https://ecom-su-static-prod.wtrecom.com/images/products/3/LN_597277_BP_3.jpg,https://www.waitrose.com/ecom/products/bonterra-collection-organic-cabernet/597277-745137-745138,Bonterra Collection Organic Cabernet,75cl,£11.99,£11.99/75cl,save £2.00. Was £13.99,"Beer, Wine & Spirits"
595722,Querciabella Ardalico Chianti Classico,W,false,1146,https://ecom-su-static-prod.wtrecom.com/images/products/3/LN_595722_BP_3.jpg,https://www.waitrose.com/ecom/products/querciabella-ardalico-chianti-classico/595722-807469-807470,Querciabella Ardalico Chianti Classico,75cl,£19.99,£19.99/75cl,,"Beer, Wine & Spirits"
594241,Pedro's Dry Almacenista Fino Sherry,W,true,1147,https://ecom-su-static-prod.wtrecom.com/images/products/3/LN_594241_BP_3.jpg,https://www.waitrose.com/ecom/products/pedros-dry-almacenista-fino-sherry/594241-802378-802379,Pedro's Dry Almacenista Fino Sherry,75cl,£11.99,£11.99/75cl,Buyers Choice,"Beer, Wine & Spirits"
594075,Thatchers Blood Orange Cider,G,false,1148,https://ecom-su-static-prod.wtrecom.com/images/products/3/LN_594075_BP_3.jpg,https://www.waitrose.com/ecom/products/thatchers-blood-orange-cider/594075-801910-801911,Thatchers Blood Orange Cider,4x440ml,£6.85,£3.90/litre,,"Beer, Wine & Spirits"
593656,Brewdog Lucky Break,G,true,1149,https://ecom-su-static-prod.wtrecom.com/images/products/3/LN_593656_BP_3.jpg,https://www.waitrose.com/ecom/products/brewdog-lucky-break/593656-826126-826127,Brewdog Lucky Break,440ml,£3.75,£8.53/litre,Mix & Match Add 5 for 4 Cheapest Item Free,"Beer, Wine & Spirits"
593159,Beefeater Blood Orange Flavoured Gin,G,false,1150,https://ecom-su-static-prod.wtrecom.com/images/products/3/LN_593159_BP_3.jpg,https://www.waitrose.com/ecom/products/beefeater-blood-orange-flavoured-gin/593159-694954-694955,Beefeater Blood Orange Flavoured Gin,70cl,£21.00,£30/litre,,"Beer, Wine & Spirits"
592281,Noble Vines Collection 446 Chardonnay,W,false,1151,https://ecom-su-static-prod.wtrecom.com/images/products/3/LN_592281_BP_3.jpg,https://www.waitrose.com/ecom/products/noble-vines-collection-446-chardonnay/592281-606547-606548,Noble Vines Collection 446 Chardonnay,75cl,£16.99,£16.99/75cl,,"Beer, Wine & Spirits"
591099,Shackleton Blended Malt Whisky,G,true,1152,https://ecom-su-static-prod.wtrecom.com/images/products/3/LN_591099_BP_3.jpg,https://www.waitrose.com/ecom/products/shackleton-blended-malt-whisky/591099-665470-665471,Shackleton Blended Malt Whisky,70cl,£20.00,£28.58/litre,save £11.00. Was £31.00,"Beer, Wine & Spirits"
590625,Laurent-Perrier Vintage,W,true,1153,https://ecom-su-static-prod.wtrecom.com/images/products/3/LN_590625_BP_3.jpg,https://www.waitrose.com/ecom/products/laurent-perrier-vintage/590625-283741-283742,Laurent-Perrier Vintage,75cl,£74.99,£74.99/75cl,Buyers Choice,"Beer, Wine & Spirits"
589974,Gevrey Chambertin Albert Bichot,W,false,1154,https://ecom-su-static-prod.wtrecom.com/images/products/3/LN_589974_BP_3.jpg,https://www.waitrose.com/ecom/products/gevrey-chambertin-albert-bichot/589974-768205-768206,Gevrey Chambertin Albert Bichot,75cl,£54.99,£54.99/75cl,,"Beer, Wine & Spirits"
589381,Norton Malbec Reserve Finca Argelo,W,true,1155,https://ecom-su-static-prod.wtrecom.com/images/products/3/LN_589381_BP_3.jpg,https://www.waitrose.com/ecom/products/norton-malbec-reserve-finca-argelo/589381-804462-804463,Norton Malbec Reserve Finca Argelo,75cl,£12.99,£12.99/75cl,save £3.00. Was £15.99,"Beer, Wine & Spirits"
589163,DRTY Raspberry Rose Vodka Seltzer,G,false,1156,https://ecom-su-static-prod.wtrecom.com/images/products/3/LN_589163_BP_3.jpg,https://www.waitrose.com/ecom/products/drty-raspberry-rose-vodka-seltzer/589163-741170-741171,DRTY Raspberry Rose Vodka Seltzer,330ml,£2.50,£7.58/litre,,"Beer, Wine & Spirits"
588246,Fuori Porta White Sangiovese,W,false,1157,https://ecom-su-static-prod.wtrecom.com/images/products/3/LN_588246_BP_3.jpg,https://www.waitrose.com/ecom/products/fuori-porta-white-sangiovese/588246-804460-804461,Fuori Porta White Sangiovese,75cl,£9.99,£9.99/75cl,,"Beer, Wine & Spirits"
587890,Villa Blanche Sauvignon Blanc,W,true,1158,https://ecom-su-static-prod.wtrecom.com/images/products/3/LN_587890_BP_3.jpg,https://www.waitrose.com/ecom/products/villa-blanche-sauvignon-blanc/587890-785956-785957,Villa Blanche Sauvignon Blanc,75cl,£7.99,£7.99/75cl,save £2.00. Was £9.99,"Beer, Wine & Spirits"
587703,Kopparberg Mixed Fruit Sparkling Fruit Cider,G,false,1159,https://ecom-su-static-prod.wtrecom.com/images/products/3/LN_587703_BP_3.jpg,https://www.waitrose.com/ecom/products/kopparberg-mixed-fruit-sparkling-fruit-cider/587703-572433-572434,Kopparberg Mixed Fruit Sparkling Fruit Cider,10x330ml,£13.50,£4.10/litre,,"Beer, Wine & Spirits"
584357,Seedlip Grove 42 Non-Alcoholic Spirit,G,true,1160,https://ecom-su-static-prod.wtrecom.com/images/products/3/LN_584357_BP_3.jpg,https://www.waitrose.com/ecom/products/seedlip-grove-42-non-alcoholic-spirit/584357-674512-674513,Seedlip Grove 42 Non-Alcoholic Spirit,700ml,£18.00,£25.72/litre,save £4.00. Was £22.00,"Beer, Wine & Spirits"
583702,Hobgoblin Gold Ale Pint Cans,G,true,1161,https://ecom-su-static-prod.wtrecom.com/images/products/3/LN_583702_BP_3.jpg,https://www.waitrose.com/ecom/products/hobgoblin-gold-ale-pint-cans/583702-815267-815268,Hobgoblin Gold Ale Pint Cans,4x568ml,£5.50,£2.43/litre,save 75p. Was £6.25,"Beer, Wine & Spirits"
583567,Lentsch Zweigelt,W,false,1162,https://ecom-su-static-prod.wtrecom.com/images/products/3/LN_583567_BP_3.jpg,https://www.waitrose.com/ecom/products/lentsch-zweigelt/583567-824496-824497,Lentsch Zweigelt,75cl,£9.99,£9.99/75cl,,"Beer, Wine & Spirits"
583035,Orovela Saperavi Georgia,W,false,1163,https://ecom-su-static-prod.wtrecom.com/images/products/3/LN_583035_BP_3.jpg,https://www.waitrose.com/ecom/products/orovela-saperavi-georgia/583035-82645-82646,Orovela Saperavi Georgia,75cl,£17.49,£17.49/75cl,,"Beer, Wine & Spirits"
582996,Timothy Taylor's Hopical Storm,G,true,1164,https://ecom-su-static-prod.wtrecom.com/images/products/3/LN_582996_BP_3.jpg,https://www.waitrose.com/ecom/products/timothy-taylors-hopical-storm/582996-802790-802791,Timothy Taylor's Hopical Storm,440ml,£3.25,£7.39/litre,Mix & Match Add 5 for 4 Cheapest Item Free,"Beer, Wine & Spirits"
582278,Maree d'Ione Organic Fiano IGP Puglia,W,false,1165,https://ecom-su-static-prod.wtrecom.com/images/products/3/LN_582278_BP_3.jpg,https://www.waitrose.com/ecom/products/maree-dione-organic-fiano-igp-puglia/582278-658297-658298,Maree d'Ione Organic Fiano IGP Puglia,75cl,£10.99,£10.99/75cl,,"Beer, Wine & Spirits"
581138,Brewdog Wingman,G,false,1166,https://ecom-su-static-prod.wtrecom.com/images/products/3/LN_581138_BP_3.jpg,https://www.waitrose.com/ecom/products/brewdog-wingman/581138-823633-823634,Brewdog Wingman,12x330ml,£12.50,£3.16/litre,,"Beer, Wine & Spirits"
580834,Beronia Rueda Verdejo,W,true,1167,https://ecom-su-static-prod.wtrecom.com/images/products/3/LN_580834_BP_3.jpg,https://www.waitrose.com/ecom/products/beronia-rueda-verdejo/580834-499330-499331,Beronia Rueda Verdejo,75cl,£6.99,£6.99/75cl,save £4.00. Was £10.99,"Beer, Wine & Spirits"
580830,La Hechicera Reserva Familiar Rum,G,false,1168,https://ecom-su-static-prod.wtrecom.com/images/products/3/LN_580830_BP_3.jpg,https://www.waitrose.com/ecom/products/la-hechicera-reserva-familiar-rum/580830-778308-778309,La Hechicera Reserva Familiar Rum,70cl,£47.50,£67.86/litre,,"Beer, Wine & Spirits"
580082,Two Tribes Dream Factory Pale Ale,G,false,1169,https://ecom-su-static-prod.wtrecom.com/images/products/3/LN_580082_BP_3.jpg,https://www.waitrose.com/ecom/products/two-tribes-dream-factory-pale-ale/580082-786132-786133,Two Tribes Dream Factory Pale Ale,330ml,£2.35,£7.13/litre,,"Beer, Wine & Spirits"
579651,Waitrose No1 Gin,G,false,1170,https://ecom-su-static-prod.wtrecom.com/images/products/3/LN_579651_BP_3.jpg,https://www.waitrose.com/ecom/products/waitrose-no1-gin/579651-812451-812452,Waitrose No1 Gin,70cl,£30.00,£42.86/litre,,"Beer, Wine & Spirits"
579474,Jim Barry The Forger Shiraz Clare Valley,W,true,1171,https://ecom-su-static-prod.wtrecom.com/images/products/3/LN_579474_BP_3.jpg,https://www.waitrose.com/ecom/products/jim-barry-the-forger-shiraz-clare-valley/579474-511814-511815,Jim Barry The Forger Shiraz Clare Valley,75cl,£19.99,£19.99/75cl,save £5.00. Was £24.99,"Beer, Wine & Spirits"
578042,Morande Terrarum Semillion,W,true,1172,https://ecom-su-static-prod.wtrecom.com/images/products/3/LN_578042_BP_3.jpg,https://www.waitrose.com/ecom/products/morande-terrarum-semillion/578042-800234-800235,Morande Terrarum Semillion,75cl,£8.99,£8.99/75cl,save £1.00. Was £9.99,"Beer, Wine & Spirits"
577836,Picos Y Rios Malbec,W,false,1173,https://ecom-su-static-prod.wtrecom.com/images/products/3/LN_577836_BP_3.jpg,https://www.waitrose.com/ecom/products/picos-y-rios-malbec/577836-812904-812905,Picos Y Rios Malbec,75cl,£8.99,£8.99/75cl,,"Beer, Wine & Spirits"
577123,Otira Sauvignon Blanc,W,false,1174,https://ecom-su-static-prod.wtrecom.com/images/products/3/LN_577123_BP_3.jpg,https://www.waitrose.com/ecom/products/otira-sauvignon-blanc/577123-800232-800233,Otira Sauvignon Blanc,75cl,£10.99,£10.99/75cl,,"Beer, Wine & Spirits"
576899,Days Alcohol Free Lager,G,true,1175,https://ecom-su-static-prod.wtrecom.com/images/products/3/LN_576899_BP_3.jpg,https://www.waitrose.com/ecom/products/days-alcohol-free-lager/576899-810062-810063,Days Alcohol Free Lager,4x330ml,£4.00,£3.04/litre,save £1.50. Was £5.50,"Beer, Wine & Spirits"
576630,Fourpure Pacific Pale Ale,G,false,1176,https://ecom-su-static-prod.wtrecom.com/images/products/3/LN_576630_BP_3.jpg,https://www.waitrose.com/ecom/products/fourpure-pacific-pale-ale/576630-815260-815261,Fourpure Pacific Pale Ale,4x330ml,£6.65,£5.04/litre,,"Beer, Wine & Spirits"
576362,John Lewis Bright Star Bottle Bag,G,false,1177,https://ecom-su-static-prod.wtrecom.com/images/products/3/LN_576362_BP_3.jpg,https://www.waitrose.com/ecom/products/john-lewis-bright-star-bottle-bag/576362-761135-761136,John Lewis Bright Star Bottle Bag,each,£1.50,£1.50 each,,"Beer, Wine & Spirits"
574794,John Lewis Champagne Bottle Bag,G,false,1178,https://ecom-su-static-prod.wtrecom.com/images/products/3/LN_574794_BP_3.jpg,https://www.waitrose.com/ecom/products/john-lewis-champagne-bottle-bag/574794-761127-761128,John Lewis Champagne Bottle Bag,each,£2.50,£2.50 each,,"Beer, Wine & Spirits"
574753,Lost and Grounded Wanna Go to the Sun Pale Ale,G,true,1179,https://ecom-su-static-prod.wtrecom.com/images/products/3/LN_574753_BP_3.jpg,https://www.waitrose.com/ecom/products/lost-and-grounded-wanna-go-to-the-sun-pale-ale/574753-728256-728257,Lost and Grounded Wanna Go to the Sun Pale Ale,440ml,£3.25,£7.39/litre,Mix & Match Add 5 for 4 Cheapest Item Free,"Beer, Wine & Spirits"
572472,Paolo Leo Fiano del Salento IGP,W,false,1180,https://ecom-su-static-prod.wtrecom.com/images/products/3/LN_572472_BP_3.jpg,https://www.waitrose.com/ecom/products/paolo-leo-fiano-del-salento-igp/572472-680133-680134,Paolo Leo Fiano del Salento IGP,75cl,£10.99,£10.99/75cl,,"Beer, Wine & Spirits"
572182,Fourpure Hazy Pale Ale,G,false,1181,https://ecom-su-static-prod.wtrecom.com/images/products/3/LN_572182_BP_3.jpg,https://www.waitrose.com/ecom/products/fourpure-hazy-pale-ale/572182-776706-776707,Fourpure Hazy Pale Ale,4x330ml,£6.65,£5.04/litre,,"Beer, Wine & Spirits"
570655,Cune Reserva Rioja Magnum,W,false,1182,https://ecom-su-static-prod.wtrecom.com/images/products/3/LN_570655_BP_3.jpg,https://www.waitrose.com/ecom/products/cune-reserva-rioja-magnum/570655-633438-633439,Cune Reserva Rioja Magnum,1.5L,£28.99,£14.50/75cl,,"Beer, Wine & Spirits"
570306,Cotswolds Single Malt Whisky,G,false,1183,https://ecom-su-static-prod.wtrecom.com/images/products/3/LN_570306_BP_3.jpg,https://www.waitrose.com/ecom/products/cotswolds-single-malt-whisky/570306-674474-674475,Cotswolds Single Malt Whisky,700ml,£45.00,£64.29/litre,,"Beer, Wine & Spirits"
569961,Ciroc Snap Frost Ultra-Premium Vodka,G,true,1184,https://ecom-su-static-prod.wtrecom.com/images/products/3/LN_569961_BP_3.jpg,https://www.waitrose.com/ecom/products/ciroc-snap-frost-ultra-premium-vodka/569961-371434-371435,Ciroc Snap Frost Ultra-Premium Vodka,700ml,£32.00,£45.72/litre,save £13.00. Was £45.00,"Beer, Wine & Spirits"
569263,Patricius Tokaji Dry Furmint,W,true,1185,https://ecom-su-static-prod.wtrecom.com/images/products/3/LN_569263_BP_3.jpg,https://www.waitrose.com/ecom/products/patricius-tokaji-dry-furmint/569263-696138-696139,Patricius Tokaji Dry Furmint,75cl,£8.99,£8.99/75cl,save £2.00. Was £10.99,"Beer, Wine & Spirits"
568564,Peroni Capri,G,true,1186,https://ecom-su-static-prod.wtrecom.com/images/products/3/LN_568564_BP_3.jpg,https://www.waitrose.com/ecom/products/peroni-capri/568564-804106-804107,Peroni Capri,10x330ml,£14.00,£4.25/litre,Add 2 for £22,"Beer, Wine & Spirits"
566122,Camden Lager Top,G,false,1187,https://ecom-su-static-prod.wtrecom.com/images/products/3/LN_566122_BP_3.jpg,https://www.waitrose.com/ecom/products/camden-lager-top/566122-826122-826123,Camden Lager Top,4x330ml,£6.00,£4.55/litre,,"Beer, Wine & Spirits"
565750,Whispering Angel 2023,W,false,1188,https://ecom-su-static-prod.wtrecom.com/images/products/3/LN_565750_BP_3.jpg,https://www.waitrose.com/ecom/products/whispering-angel-2023/565750-702771-702772,Whispering Angel 2023,150cl,£43.99,£22/75cl,,"Beer, Wine & Spirits"
565740,Badger Modern Classics,G,false,1189,https://ecom-su-static-prod.wtrecom.com/images/products/3/LN_565740_BP_3.jpg,https://www.waitrose.com/ecom/products/badger-modern-classics/565740-826118-826118,Badger Modern Classics,6x500ml,£12.00,£4/litre,,"Beer, Wine & Spirits"
565613,Elgoods Cambridge Bitter England,G,false,1190,https://ecom-su-static-prod.wtrecom.com/images/products/3/LN_565613_BP_3.jpg,https://www.waitrose.com/ecom/products/elgoods-cambridge-bitter-england/565613-80128-80129,Elgoods Cambridge Bitter England,500ml,£2.10,£4.20/litre,,"Beer, Wine & Spirits"
565608,Tempus Two Shiraz,W,false,1191,https://ecom-su-static-prod.wtrecom.com/images/products/3/LN_565608_BP_3.jpg,https://www.waitrose.com/ecom/products/tempus-two-shiraz/565608-807467-807468,Tempus Two Shiraz,75cl,£9.49,£9.49/75cl,,"Beer, Wine & Spirits"
565171,The Woodsman Blended Scotch Whisky,G,false,1192,https://ecom-su-static-prod.wtrecom.com/images/products/3/LN_565171_BP_3.jpg,https://www.waitrose.com/ecom/products/the-woodsman-blended-scotch-whisky/565171-683664-683665,The Woodsman Blended Scotch Whisky,70cl,£30.00,£42.86/litre,,"Beer, Wine & Spirits"
564813,Nikka Coffey Vodka,G,true,1193,https://ecom-su-static-prod.wtrecom.com/images/products/3/LN_564813_BP_3.jpg,https://www.waitrose.com/ecom/products/nikka-coffey-vodka/564813-804872-804873,Nikka Coffey Vodka,70cl,£31.00,£44.29/litre,Reduced to Clear. Was £41.00,"Beer, Wine & Spirits"
564342,Petaluma Chardonnay Adelaide Hills,W,false,1194,https://ecom-su-static-prod.wtrecom.com/images/products/3/LN_564342_BP_3.jpg,https://www.waitrose.com/ecom/products/petaluma-chardonnay-adelaide-hills/564342-770070-770071,Petaluma Chardonnay Adelaide Hills,75cl,£16.99,£16.99/75cl,,"Beer, Wine & Spirits"
563993,Audrey Wilkinson Winemakers Selection Chardonnay,W,true,1195,https://ecom-su-static-prod.wtrecom.com/images/products/3/LN_563993_BP_3.jpg,https://www.waitrose.com/ecom/products/audrey-wilkinson-winemakers-selection-chardonnay/563993-464458-464459,Audrey Wilkinson Winemakers Selection Chardonnay,75cl,£14.99,£14.99/75cl,save £2.00. Was £16.99,"Beer, Wine & Spirits"
563895,Leffe Blonde,G,false,1196,https://ecom-su-static-prod.wtrecom.com/images/products/3/LN_563895_BP_3.jpg,https://www.waitrose.com/ecom/products/leffe-blonde/563895-803799-803800,Leffe Blonde,12x330ml,£14.00,£3.54/litre,,"Beer, Wine & Spirits"
563721,Pol Roger Brut Vintage Champagne,W,true,1197,https://ecom-su-static-prod.wtrecom.com/images/products/3/LN_563721_BP_3.jpg,https://www.waitrose.com/ecom/products/pol-roger-brut-vintage-champagne/563721-343128-343129,Pol Roger Brut Vintage Champagne,75cl,£79.99,£79.99/75cl,save £15.00. Was £94.99,"Beer, Wine & Spirits"
563300,Tullamore Dew Irish Whiskey,G,true,1198,https://ecom-su-static-prod.wtrecom.com/images/products/3/LN_563300_BP_3.jpg,https://www.waitrose.com/ecom/products/tullamore-dew-irish-whiskey/563300-747440-747441,Tullamore Dew Irish Whiskey,70cl,£18.50,£26.43/litre,save £4.00. Was £22.50,"Beer, Wine & Spirits"
561355,"Georg Mosbacher Deidesheimer Herrgottsacker Trocken, Pfalz",W,false,1199,https://ecom-su-static-prod.wtrecom.com/images/products/3/LN_561355_BP_3.jpg,https://www.waitrose.com/ecom/products/georg-mosbacher-deidesheimer-herrgottsacker-trocken-pfalz/561355-79498-79499,"Georg Mosbacher Deidesheimer Herrgottsacker Trocken, Pfalz",75cl,£15.49,£15.49/75cl,,"Beer, Wine & Spirits"
559468,Beavertown Spresso Stout,G,true,1200,https://ecom-su-static-prod.wtrecom.com/images/products/3/LN_559468_BP_3.jpg,https://www.waitrose.com/ecom/products/beavertown-spresso-stout/559468-815240-815241,Beavertown Spresso Stout,440ml,£3.75,£8.53/litre,Mix & Match Add 5 for 4 Cheapest Item Free,"Beer, Wine & Spirits"
558388,Ciroc Summer Citrus & Lemonade,G,true,1201,https://ecom-su-static-prod.wtrecom.com/images/products/3/LN_558388_BP_3.jpg,https://www.waitrose.com/ecom/products/ciroc-summer-citrus-lemonade/558388-822733-822734,Ciroc Summer Citrus & Lemonade,250ml,£2.90,£11.60/litre,Mix & Match Add 4 for 3 Cheapest Item Free,"Beer, Wine & Spirits"
557265,Oxney Organic Estate Rosé,W,false,1202,https://ecom-su-static-prod.wtrecom.com/images/products/3/LN_557265_BP_3.jpg,https://www.waitrose.com/ecom/products/oxney-organic-estate-rose/557265-730224-730225,Oxney Organic Estate Rosé,75cl,£19.99,£19.99/75cl,,"Beer, Wine & Spirits"
556997,Rock Angel 2022,W,false,1203,https://ecom-su-static-prod.wtrecom.com/images/products/3/LN_556997_BP_3.jpg,https://www.waitrose.com/ecom/products/rock-angel-2022/556997-732890-732891,Rock Angel 2022,75cl,£26.99,£26.99/75cl,,"Beer, Wine & Spirits"
556664,Vignerons Ardechois Viognier,W,true,1204,https://ecom-su-static-prod.wtrecom.com/images/products/3/LN_556664_BP_3.jpg,https://www.waitrose.com/ecom/products/vignerons-ardechois-viognier/556664-804452-804453,Vignerons Ardechois Viognier,750ml,£7.99,£7.99/75cl,save £2.00. Was £9.99,"Beer, Wine & Spirits"
556098,Jansz Premium Cuvée NV Tasmania,W,true,1205,https://ecom-su-static-prod.wtrecom.com/images/products/3/LN_556098_BP_3.jpg,https://www.waitrose.com/ecom/products/jansz-premium-cuvee-nv-tasmania/556098-496360-496361,Jansz Premium Cuvée NV Tasmania,75cl,£14.49,£14.49/75cl,save £4.00. Was £18.49,"Beer, Wine & Spirits"
553601,La Val Gran Anada,W,false,1206,https://ecom-su-static-prod.wtrecom.com/images/products/3/LN_553601_BP_3.jpg,https://www.waitrose.com/ecom/products/la-val-gran-anada/553601-824490-824491,La Val Gran Anada,75cl,£29.99,£29.99/75cl,,"Beer, Wine & Spirits"
552701,Beavertown Sun God Tropical IPA,G,true,1207,https://ecom-su-static-prod.wtrecom.com/images/products/3/LN_552701_BP_3.jpg,https://www.waitrose.com/ecom/products/beavertown-sun-god-tropical-ipa/552701-802762-802763,Beavertown Sun God Tropical IPA,440ml,£3.75,£8.53/litre,Mix & Match Add 5 for 4 Cheapest Item Free,"Beer, Wine & Spirits"
552450,Gordon's Pink 0.0% & Lemonade,G,true,1208,https://ecom-su-static-prod.wtrecom.com/images/products/3/LN_552450_BP_3.jpg,https://www.waitrose.com/ecom/products/gordons-pink-00-lemonade/552450-805719-805720,Gordon's Pink 0.0% & Lemonade,4x250ml,£4.00,40p/100ml,save £1.80. Was £5.80,"Beer, Wine & Spirits"
552336,Torres Altos Ibéricos Crianza Rioja,W,true,1209,https://ecom-su-static-prod.wtrecom.com/images/products/3/LN_552336_BP_3.jpg,https://www.waitrose.com/ecom/products/torres-altos-ibericos-crianza-rioja/552336-78075-78076,Torres Altos Ibéricos Crianza Rioja,75cl,£7.99,£7.99/75cl,save £4.00. Was £11.99,"Beer, Wine & Spirits"
550832,Bumbu Original Rum,G,false,1210,https://ecom-su-static-prod.wtrecom.com/images/products/3/LN_550832_BP_3.jpg,https://www.waitrose.com/ecom/products/bumbu-original-rum/550832-760568-760569,Bumbu Original Rum,70cl,£39.00,£55.72/litre,,"Beer, Wine & Spirits"
549898,Brewdog Post Punk IPA,G,false,1211,https://ecom-su-static-prod.wtrecom.com/images/products/3/LN_549898_BP_3.jpg,https://www.waitrose.com/ecom/products/brewdog-post-punk-ipa/549898-826112-826113,Brewdog Post Punk IPA,4x330ml,£6.50,£4.93/litre,,"Beer, Wine & Spirits"
549487,Domaine Cady Cheninsolite Organic,W,false,1212,https://ecom-su-static-prod.wtrecom.com/images/products/3/LN_549487_BP_3.jpg,https://www.waitrose.com/ecom/products/domaine-cady-cheninsolite-organic/549487-585539-585540,Domaine Cady Cheninsolite Organic,75cl,£16.49,£16.49/75cl,,"Beer, Wine & Spirits"
548692,Ricard Pastis de Marseille Liqueur,G,false,1213,https://ecom-su-static-prod.wtrecom.com/images/products/3/LN_548692_BP_3.jpg,https://www.waitrose.com/ecom/products/ricard-pastis-de-marseille-liqueur/548692-633422-633423,Ricard Pastis de Marseille Liqueur,70cl,£24.25,£34.65/litre,,"Beer, Wine & Spirits"
548440,Bacardi Caribbean Spiced Premium Rum,G,true,1214,https://ecom-su-static-prod.wtrecom.com/images/products/3/LN_548440_BP_3.jpg,https://www.waitrose.com/ecom/products/bacardi-caribbean-spiced-premium-rum/548440-804868-804869,Bacardi Caribbean Spiced Premium Rum,70cl,£21.00,£30/litre,save £5.00. Was £26.00,"Beer, Wine & Spirits"
548357,Dewar's Japanese Smooth Whisky 8 Years Old,G,true,1215,https://ecom-su-static-prod.wtrecom.com/images/products/3/LN_548357_BP_3.jpg,https://www.waitrose.com/ecom/products/dewars-japanese-smooth-whisky-8-years-old/548357-778282-778283,Dewar's Japanese Smooth Whisky 8 Years Old,70cl,£24.00,£34.29/litre,save £4.50. Was £28.50,"Beer, Wine & Spirits"
547857,El Jimador Tequila Reposado,G,true,1216,https://ecom-su-static-prod.wtrecom.com/images/products/3/LN_547857_BP_3.jpg,https://www.waitrose.com/ecom/products/el-jimador-tequila-reposado/547857-77469-77470,El Jimador Tequila Reposado,70cl,£22.00,£31.43/litre,save £5.50. Was £27.50,"Beer, Wine & Spirits"
547758,Amarula Vegan Liqueur,G,false,1217,https://ecom-su-static-prod.wtrecom.com/images/products/3/LN_547758_BP_3.jpg,https://www.waitrose.com/ecom/products/amarula-vegan-liqueur/547758-778280-778281,Amarula Vegan Liqueur,70cl,£15.00,£21.43/litre,,"Beer, Wine & Spirits"
547213,Seifried Nelson Gewurztraminer,W,false,1218,https://ecom-su-static-prod.wtrecom.com/images/products/3/LN_547213_BP_3.jpg,https://www.waitrose.com/ecom/products/seifried-nelson-gewurztraminer/547213-785950-785951,Seifried Nelson Gewurztraminer,75cl,£13.99,£13.99/75cl,,"Beer, Wine & Spirits"
544268,1792 Small Batch Straight Bourbon Whiskey,G,false,1219,https://ecom-su-static-prod.wtrecom.com/images/products/3/LN_544268_BP_3.jpg,https://www.waitrose.com/ecom/products/1792-small-batch-straight-bourbon-whiskey/544268-743772-743773,1792 Small Batch Straight Bourbon Whiskey,700ml,£45.00,£64.29/litre,,"Beer, Wine & Spirits"
543387,Black Tears Dry Spiced Rum,G,false,1220,https://ecom-su-static-prod.wtrecom.com/images/products/3/LN_543387_BP_3.jpg,https://www.waitrose.com/ecom/products/black-tears-dry-spiced-rum/543387-760562-760563,Black Tears Dry Spiced Rum,70cl,£31.00,£44.29/litre,,"Beer, Wine & Spirits"
543305,Château Moulin La Bergère,W,false,1221,https://ecom-su-static-prod.wtrecom.com/images/products/3/LN_543305_BP_3.jpg,https://www.waitrose.com/ecom/products/chateau-moulin-la-bergere/543305-145598-145599,Château Moulin La Bergère,75cl,£14.99,£14.99/75cl,,"Beer, Wine & Spirits"
543244,Cornish Orchards Raspberry & Elderflower,G,true,1222,https://ecom-su-static-prod.wtrecom.com/images/products/3/LN_543244_BP_3.jpg,https://www.waitrose.com/ecom/products/cornish-orchards-raspberry-elderflower/543244-499306-499307,Cornish Orchards Raspberry & Elderflower,500ml,£2.50,50p/100ml,Add 3 for £6,"Beer, Wine & Spirits"
542778,Brewdog Hazy Jane,G,true,1223,https://ecom-su-static-prod.wtrecom.com/images/products/3/LN_542778_BP_3.jpg,https://www.waitrose.com/ecom/products/brewdog-hazy-jane/542778-802758-802759,Brewdog Hazy Jane,12x330ml,£13.50,£3.41/litre,save £3.00. Was £16.50,"Beer, Wine & Spirits"
542017,Remy Martin XO Cognac Fine Champagne,G,false,1224,https://ecom-su-static-prod.wtrecom.com/images/products/3/LN_542017_BP_3.jpg,https://www.waitrose.com/ecom/products/remy-martin-xo-cognac-fine-champagne/542017-654041-654042,Remy Martin XO Cognac Fine Champagne,35cl,£88.00,£251.43/litre,,"Beer, Wine & Spirits"
541989,Gabriel Meffre Côtes du Rhône,W,false,1225,https://ecom-su-static-prod.wtrecom.com/images/products/3/LN_541989_BP_3.jpg,https://www.waitrose.com/ecom/products/gabriel-meffre-cotes-du-rhone/541989-696118-696119,Gabriel Meffre Côtes du Rhône,75cl,£10.99,£10.99/75cl,,"Beer, Wine & Spirits"
536697,Codorniu Seleccion Familia Reserva Organic Cava,W,true,1226,https://ecom-su-static-prod.wtrecom.com/images/products/3/LN_536697_BP_3.jpg,https://www.waitrose.com/ecom/products/codorniu-seleccion-familia-reserva-organic-cava/536697-805571-805572,Codorniu Seleccion Familia Reserva Organic Cava,75cl,£9.99,£9.99/75cl,save £3.00. Was £12.99,"Beer, Wine & Spirits"
534984,Bruichladdich Classic Laddie Unpeated Islay Scotch Whisky,G,false,1227,https://ecom-su-static-prod.wtrecom.com/images/products/3/LN_534984_BP_3.jpg,https://www.waitrose.com/ecom/products/bruichladdich-classic-laddie-unpeated-islay-scotch-whisky/534984-554155-554156,Bruichladdich Classic Laddie Unpeated Islay Scotch Whisky,700ml,£50.00,£71.43/litre,,"Beer, Wine & Spirits"
532107,Mr Black Cold Brew Coffee Liqueur,G,false,1228,https://ecom-su-static-prod.wtrecom.com/images/products/3/LN_532107_BP_3.jpg,https://www.waitrose.com/ecom/products/mr-black-cold-brew-coffee-liqueur/532107-755877-755878,Mr Black Cold Brew Coffee Liqueur,500ml,£24.00,£48/litre,,"Beer, Wine & Spirits"
530178,Monkey Shoulder The Original Blended Malt Scotch Whisky,G,false,1229,https://ecom-su-static-prod.wtrecom.com/images/products/3/LN_530178_BP_3.jpg,https://www.waitrose.com/ecom/products/monkey-shoulder-the-original-blended-malt-scotch-whisky/530178-152565-152566,Monkey Shoulder The Original Blended Malt Scotch Whisky,70cl,£31.00,£44.29/litre,,"Beer, Wine & Spirits"
529470,Saint Veran Marc Dudet,W,false,1230,https://ecom-su-static-prod.wtrecom.com/images/products/3/LN_529470_BP_3.jpg,https://www.waitrose.com/ecom/products/saint-veran-marc-dudet/529470-804438-804439,Saint Veran Marc Dudet,75cl,£22.99,£22.99/75cl,,"Beer, Wine & Spirits"
528774,Waitrose Wine Vacuum & 2 Wine Stoppers,G,false,1231,https://ecom-su-static-prod.wtrecom.com/images/products/3/LN_528774_BP_3.jpg,https://www.waitrose.com/ecom/products/waitrose-wine-vacuum-2-wine-stoppers/528774-625082-625083,Waitrose Wine Vacuum & 2 Wine Stoppers,each,£10.00,£10 each,,"Beer, Wine & Spirits"
528485,Benriach The Smoky Ten Speyside Single Malt Scotch Whisky,G,false,1232,https://ecom-su-static-prod.wtrecom.com/images/products/3/LN_528485_BP_3.jpg,https://www.waitrose.com/ecom/products/benriach-the-smoky-ten-speyside-single-malt-scotch-whisky/528485-804858-804859,Benriach The Smoky Ten Speyside Single Malt Scotch Whisky,70cl,£46.00,£65.72/litre,,"Beer, Wine & Spirits"
527417,Château Tanunda Established 1890 Chardonnay,W,true,1233,https://ecom-su-static-prod.wtrecom.com/images/products/3/LN_527417_BP_3.jpg,https://www.waitrose.com/ecom/products/chateau-tanunda-established-1890-chardonnay/527417-807465-807466,Château Tanunda Established 1890 Chardonnay,75cl,£7.99,£7.99/75cl,save £2.00. Was £9.99,"Beer, Wine & Spirits"
526330,Loved & Found Aglianico Rosato Organic IGP Puglia Rosé,W,false,1234,https://ecom-su-static-prod.wtrecom.com/images/products/3/LN_526330_BP_3.jpg,https://www.waitrose.com/ecom/products/loved-found-aglianico-rosato-organic-igp-puglia-rose/526330-824488-824489,Loved & Found Aglianico Rosato Organic IGP Puglia Rosé,75cl,£8.99,£8.99/75cl,,"Beer, Wine & Spirits"
525728,Domaine Cognard Mâcon-Loché,W,false,1235,https://ecom-su-static-prod.wtrecom.com/images/products/3/LN_525728_BP_3.jpg,https://www.waitrose.com/ecom/products/domaine-cognard-macon-loche/525728-771619-771620,Domaine Cognard Mâcon-Loché,75cl,£19.99,£19.99/75cl,,"Beer, Wine & Spirits"
525529,Respire Carbon Neutral Session IPA,G,false,1236,https://ecom-su-static-prod.wtrecom.com/images/products/3/LN_525529_BP_3.jpg,https://www.waitrose.com/ecom/products/respire-carbon-neutral-session-ipa/525529-804042-804043,Respire Carbon Neutral Session IPA,500ml,£2.25,£4.50/litre,,"Beer, Wine & Spirits"
524747,Luis Felipe Edwards Terraced Sauvignon Blanc,W,true,1237,https://ecom-su-static-prod.wtrecom.com/images/products/3/LN_524747_BP_3.jpg,https://www.waitrose.com/ecom/products/luis-felipe-edwards-terraced-sauvignon-blanc/524747-749301-749302,Luis Felipe Edwards Terraced Sauvignon Blanc,75cl,£6.49,£6.49/75cl,save £2.00. Was £8.49,"Beer, Wine & Spirits"
524723,Luigi Bosca Malbec Seleccion de Vistalba,W,false,1238,https://ecom-su-static-prod.wtrecom.com/images/products/3/LN_524723_BP_3.jpg,https://www.waitrose.com/ecom/products/luigi-bosca-malbec-seleccion-de-vistalba/524723-491971-491972,Luigi Bosca Malbec Seleccion de Vistalba,75cl,£17.99,£17.99/75cl,,"Beer, Wine & Spirits"
524373,Absolut & Sprite,G,true,1239,https://ecom-su-static-prod.wtrecom.com/images/products/3/LN_524373_BP_3.jpg,https://www.waitrose.com/ecom/products/absolut-sprite/524373-822713-822714,Absolut & Sprite,250ml,£2.30,£9.20/litre,Mix & Match Add 4 for 3 Cheapest Item Free,"Beer, Wine & Spirits"
523617,Chatel Buis Montagny,W,true,1240,https://ecom-su-static-prod.wtrecom.com/images/products/3/LN_523617_BP_3.jpg,https://www.waitrose.com/ecom/products/chatel-buis-montagny/523617-361711-361712,Chatel Buis Montagny,75cl,£16.99,£16.99/75cl,Buyers Choice,"Beer, Wine & Spirits"
523109,Martini Floreale Non-Alcoholic Aperitivo,G,true,1241,https://ecom-su-static-prod.wtrecom.com/images/products/3/LN_523109_BP_3.jpg,https://www.waitrose.com/ecom/products/martini-floreale-non-alcoholic-aperitivo/523109-805715-805716,Martini Floreale Non-Alcoholic Aperitivo,75cl,£8.00,£10.67/litre,save £2.50. Was £10.50,"Beer, Wine & Spirits"
522246,Torres Digno Pais,W,true,1242,https://ecom-su-static-prod.wtrecom.com/images/products/3/LN_522246_BP_3.jpg,https://www.waitrose.com/ecom/products/torres-digno-pais/522246-788556-788557,Torres Digno Pais,75cl,£6.99,£6.99/75cl,save £2.00. Was £8.99,"Beer, Wine & Spirits"
521838,Meursault Les Vireuils Domaine Prunier,W,false,1243,https://ecom-su-static-prod.wtrecom.com/images/products/3/LN_521838_BP_3.jpg,https://www.waitrose.com/ecom/products/meursault-les-vireuils-domaine-prunier/521838-450420-450421,Meursault Les Vireuils Domaine Prunier,75cl,£64.99,£64.99/75cl,,"Beer, Wine & Spirits"
520838,Baileys Deliciously Light,G,false,1244,https://ecom-su-static-prod.wtrecom.com/images/products/3/LN_520838_BP_3.jpg,https://www.waitrose.com/ecom/products/baileys-deliciously-light/520838-812876-812877,Baileys Deliciously Light,70cl,£17.50,£18.75/75cl,,"Beer, Wine & Spirits"
520441,Le Mesnil Blanc de Blancs Grand Cru Brut NV,W,true,1245,https://ecom-su-static-prod.wtrecom.com/images/products/3/LN_520441_BP_3.jpg,https://www.waitrose.com/ecom/products/le-mesnil-blanc-de-blancs-grand-cru-brut-nv/520441-808019-808020,Le Mesnil Blanc de Blancs Grand Cru Brut NV,75cl,£29.99,£29.99/75cl,save £10.00. Was £39.99,"Beer, Wine & Spirits"
520027,Cowrie Bay Hawke's Bay Merlot,W,true,1246,https://ecom-su-static-prod.wtrecom.com/images/products/3/LN_520027_BP_3.jpg,https://www.waitrose.com/ecom/products/cowrie-bay-hawkes-bay-merlot/520027-593761-593762,Cowrie Bay Hawke's Bay Merlot,75cl,£7.99,£7.99/75cl,save £2.00. Was £9.99,"Beer, Wine & Spirits"
518905,Martell VS Cognac,G,false,1247,https://ecom-su-static-prod.wtrecom.com/images/products/3/LN_518905_BP_3.jpg,https://www.waitrose.com/ecom/products/martell-vs-cognac/518905-298555-298556,Martell VS Cognac,35cl,£18.50,£52.86/litre,,"Beer, Wine & Spirits"
517055,Stoli Salted Karamel Vodka,G,false,1248,https://ecom-su-static-prod.wtrecom.com/images/products/3/LN_517055_BP_3.jpg,https://www.waitrose.com/ecom/products/stoli-salted-karamel-vodka/517055-298553-298554,Stoli Salted Karamel Vodka,70cl,£22.00,£31.43/litre,,"Beer, Wine & Spirits"
516422,Diplomático Reserva Exclusiva Dark Rum,G,false,1249,https://ecom-su-static-prod.wtrecom.com/images/products/3/LN_516422_BP_3.jpg,https://www.waitrose.com/ecom/products/diplomatico-reserva-exclusiva-dark-rum/516422-518890-518891,Diplomático Reserva Exclusiva Dark Rum,70cl,£41.00,£58.58/litre,,"Beer, Wine & Spirits"
516202,Absolut Raspberri Raspberry Flavoured Vodka,G,true,1250,https://ecom-su-static-prod.wtrecom.com/images/products/3/LN_516202_BP_3.jpg,https://www.waitrose.com/ecom/products/absolut-raspberri-raspberry-flavoured-vodka/516202-72955-72956,Absolut Raspberri Raspberry Flavoured Vodka,700ml,£18.00,£25.72/litre,save £5.00. Was £23.00,"Beer, Wine & Spirits"
514230,American Gothic Lodi Zinfandel,W,false,1251,https://ecom-su-static-prod.wtrecom.com/images/products/3/LN_514230_BP_3.jpg,https://www.waitrose.com/ecom/products/american-gothic-lodi-zinfandel/514230-795028-795029,American Gothic Lodi Zinfandel,75cl,£9.99,£9.99/75cl,,"Beer, Wine & Spirits"
514159,Williams & Humbert Alegria Manzanilla,W,false,1252,https://ecom-su-static-prod.wtrecom.com/images/products/3/LN_514159_BP_3.jpg,https://www.waitrose.com/ecom/products/williams-humbert-alegria-manzanilla/514159-386456-386457,Williams & Humbert Alegria Manzanilla,37.5cl,£6.99,£13.98/75cl,,"Beer, Wine & Spirits"
513733,Puklavec & Friends Cabernet Sauvignon & Merlot,W,true,1253,https://ecom-su-static-prod.wtrecom.com/images/products/3/LN_513733_BP_3.jpg,https://www.waitrose.com/ecom/products/puklavec-friends-cabernet-sauvignon-merlot/513733-674306-674307,Puklavec & Friends Cabernet Sauvignon & Merlot,75cl,£7.34,£7.34/75cl,25% Off. Was £9.79,"Beer, Wine & Spirits"
513415,The Glenlivet Founder's Reserve Single Malt Whisky,G,true,1254,https://ecom-su-static-prod.wtrecom.com/images/products/3/LN_513415_BP_3.jpg,https://www.waitrose.com/ecom/products/the-glenlivet-founders-reserve-single-malt-whisky/513415-413751-413752,The Glenlivet Founder's Reserve Single Malt Whisky,70cl,£28.00,£40/litre,save £11.00. Was £39.00,"Beer, Wine & Spirits"
513352,Estrella Damm,G,false,1255,https://ecom-su-static-prod.wtrecom.com/images/products/3/LN_513352_BP_3.jpg,https://www.waitrose.com/ecom/products/estrella-damm/513352-488637-488638,Estrella Damm,660ml,£2.80,£4.25/litre,,"Beer, Wine & Spirits"
511977,Pimentae Cucumber Margarita,G,true,1256,https://ecom-su-static-prod.wtrecom.com/images/products/3/LN_511977_BP_3.jpg,https://www.waitrose.com/ecom/products/pimentae-cucumber-margarita/511977-822709-822710,Pimentae Cucumber Margarita,125ml,£4.25,£34/litre,Mix & Match Add 4 for 3 Cheapest Item Free,"Beer, Wine & Spirits"
511914,Northern Monk Faith Hazy Pale Ale,G,true,1257,https://ecom-su-static-prod.wtrecom.com/images/products/3/LN_511914_BP_3.jpg,https://www.waitrose.com/ecom/products/northern-monk-faith-hazy-pale-ale/511914-776680-776681,Northern Monk Faith Hazy Pale Ale,440ml,£2.75,£6.25/litre,Mix & Match Add 5 for 4 Cheapest Item Free,"Beer, Wine & Spirits"
511707,Curious Brew,G,false,1258,https://ecom-su-static-prod.wtrecom.com/images/products/3/LN_511707_BP_3.jpg,https://www.waitrose.com/ecom/products/curious-brew/511707-330915-330916,Curious Brew,33cl,£2.10,£6.37/litre,,"Beer, Wine & Spirits"
511689,Marques de Calatrava Reserva,W,true,1259,https://ecom-su-static-prod.wtrecom.com/images/products/3/LN_511689_BP_3.jpg,https://www.waitrose.com/ecom/products/marques-de-calatrava-reserva/511689-795026-795027,Marques de Calatrava Reserva,75cl,£7.99,£7.99/75cl,save £1.00. Was £8.99,"Beer, Wine & Spirits"
511351,Leyrissat Monbazillac,W,false,1260,https://ecom-su-static-prod.wtrecom.com/images/products/3/LN_511351_BP_3.jpg,https://www.waitrose.com/ecom/products/leyrissat-monbazillac/511351-442832-442833,Leyrissat Monbazillac,50cl,£10.99,£16.49/75cl,,"Beer, Wine & Spirits"
510904,Fuori Porta Sangiovese,W,true,1261,https://ecom-su-static-prod.wtrecom.com/images/products/3/LN_510904_BP_3.jpg,https://www.waitrose.com/ecom/products/fuori-porta-sangiovese/510904-804432-804433,Fuori Porta Sangiovese,75cl,£7.99,£7.99/75cl,save £2.00. Was £9.99,"Beer, Wine & Spirits"
510160,Olmeca Altos Plata Tequila,G,false,1262,https://ecom-su-static-prod.wtrecom.com/images/products/3/LN_510160_BP_3.jpg,https://www.waitrose.com/ecom/products/olmeca-altos-plata-tequila/510160-298551-298552,Olmeca Altos Plata Tequila,700ml,£30.00,£42.86/litre,,"Beer, Wine & Spirits"
509174,Roc des Dentelles Gigondas Gabriel Meffre,W,false,1263,https://ecom-su-static-prod.wtrecom.com/images/products/3/LN_509174_BP_3.jpg,https://www.waitrose.com/ecom/products/roc-des-dentelles-gigondas-gabriel-meffre/509174-665410-665411,Roc des Dentelles Gigondas Gabriel Meffre,75cl,£20.99,£20.99/75cl,,"Beer, Wine & Spirits"
508438,Warners Juniper Double Dry 0%,G,false,1264,https://ecom-su-static-prod.wtrecom.com/images/products/3/LN_508438_BP_3.jpg,https://www.waitrose.com/ecom/products/warners-juniper-double-dry-0/508438-783160-783161,Warners Juniper Double Dry 0%,50cl,£18.00,£36/litre,,"Beer, Wine & Spirits"
508377,Siren Pale for Days Mixed Pack,G,false,1265,https://ecom-su-static-prod.wtrecom.com/images/products/3/LN_508377_BP_3.jpg,https://www.waitrose.com/ecom/products/siren-pale-for-days-mixed-pack/508377-815213-815214,Siren Pale for Days Mixed Pack,4x330ml,£6.65,£5.04/litre,,"Beer, Wine & Spirits"
508004,Heineken 0.0% Alcohol Free Lager Beer Bottle 12PK,G,false,1266,https://ecom-su-static-prod.wtrecom.com/images/products/3/LN_508004_BP_3.jpg,https://www.waitrose.com/ecom/products/heineken-00-alcohol-free-lager-beer-bottle-12pk/508004-723733-723734,Heineken 0.0% Alcohol Free Lager Beer Bottle 12PK,12x330ml,£10.00,£2.53/litre,,"Beer, Wine & Spirits"
507853,Taittinger Brut Reserve NV,W,false,1267,https://ecom-su-static-prod.wtrecom.com/images/products/3/LN_507853_BP_3.jpg,https://www.waitrose.com/ecom/products/taittinger-brut-reserve-nv/507853-702637-702638,Taittinger Brut Reserve NV,37.5cl,£26.99,£53.98/75cl,,"Beer, Wine & Spirits"
507552,Ketel One Premium Vodka,G,false,1268,https://ecom-su-static-prod.wtrecom.com/images/products/3/LN_507552_BP_3.jpg,https://www.waitrose.com/ecom/products/ketel-one-premium-vodka/507552-728198-728199,Ketel One Premium Vodka,70cl,£27.00,£38.58/litre,,"Beer, Wine & Spirits"
506780,Mont Gras De-Vine Reserva Chardonnay,W,false,1269,https://ecom-su-static-prod.wtrecom.com/images/products/3/LN_506780_BP_3.jpg,https://www.waitrose.com/ecom/products/mont-gras-de-vine-reserva-chardonnay/506780-71626-71627,Mont Gras De-Vine Reserva Chardonnay,75cl,£9.49,£9.49/75cl,,"Beer, Wine & Spirits"
506654,Thornbridge Jaipur IPA 5.9%,G,false,1270,https://ecom-su-static-prod.wtrecom.com/images/products/3/LN_506654_BP_3.jpg,https://www.waitrose.com/ecom/products/thornbridge-jaipur-ipa-59/506654-804096-804097,Thornbridge Jaipur IPA 5.9%,500ml,£2.25,£4.50/litre,,"Beer, Wine & Spirits"
505631,1664 Blanc Lager Bottles,G,false,1271,https://ecom-su-static-prod.wtrecom.com/images/products/3/LN_505631_BP_3.jpg,https://www.waitrose.com/ecom/products/1664-blanc-lager-bottles/505631-822099-822100,1664 Blanc Lager Bottles,4x330ml,£7.00,£5.31/litre,,"Beer, Wine & Spirits"
505498,De Kuyper Peach Liqueur,G,true,1272,https://ecom-su-static-prod.wtrecom.com/images/products/3/LN_505498_BP_3.jpg,https://www.waitrose.com/ecom/products/de-kuyper-peach-liqueur/505498-695028-695029,De Kuyper Peach Liqueur,35cl,£7.50,£21.43/litre,save £2.50. Was £10.00,"Beer, Wine & Spirits"
505316,"Palacio Fefinanes Albariño Rías Baixas, Spain",W,false,1273,https://ecom-su-static-prod.wtrecom.com/images/products/3/LN_505316_BP_3.jpg,https://www.waitrose.com/ecom/products/palacio-fefinanes-albarino-rias-baixas-spain/505316-71370-71371,"Palacio Fefinanes Albariño Rías Baixas, Spain",75cl,£21.99,£21.99/75cl,,"Beer, Wine & Spirits"
504863,Martin Miller's Gin,G,false,1274,https://ecom-su-static-prod.wtrecom.com/images/products/3/LN_504863_BP_3.jpg,https://www.waitrose.com/ecom/products/martin-millers-gin/504863-298543-298544,Martin Miller's Gin,70cl,£30.00,£42.86/litre,,"Beer, Wine & Spirits"
502394,Cellier de Rouffignac Coteaux dAix,W,false,1275,https://ecom-su-static-prod.wtrecom.com/images/products/3/LN_502394_BP_3.jpg,https://www.waitrose.com/ecom/products/cellier-de-rouffignac-coteaux-daix/502394-780557-780558,Cellier de Rouffignac Coteaux dAix,75cl,£13.99,£13.99/75cl,,"Beer, Wine & Spirits"
501020,Las Mulas Sauvignon Blanc,W,false,1276,https://ecom-su-static-prod.wtrecom.com/images/products/3/LN_501020_BP_3.jpg,https://www.waitrose.com/ecom/products/las-mulas-sauvignon-blanc/501020-134515-134516,Las Mulas Sauvignon Blanc,75cl,£9.99,£9.99/75cl,,"Beer, Wine & Spirits"
500709,Fairview Barrel Aged Pinotage,W,true,1277,https://ecom-su-static-prod.wtrecom.com/images/products/3/LN_500709_BP_3.jpg,https://www.waitrose.com/ecom/products/fairview-barrel-aged-pinotage/500709-499290-499291,Fairview Barrel Aged Pinotage,75cl,£8.79,£8.79/75cl,20% Off. Was £10.99,"Beer, Wine & Spirits"
500654,Tarquin's Cornish Dry Gin,G,true,1278,https://ecom-su-static-prod.wtrecom.com/images/products/3/LN_500654_BP_3.jpg,https://www.waitrose.com/ecom/products/tarquins-cornish-dry-gin/500654-791057-791058,Tarquin's Cornish Dry Gin,70cl,£28.00,£40/litre,save £10.00. Was £38.00,"Beer, Wine & Spirits"
500204,Stemmari Passiata,W,false,1279,https://ecom-su-static-prod.wtrecom.com/images/products/3/LN_500204_BP_3.jpg,https://www.waitrose.com/ecom/products/stemmari-passiata/500204-804426-804427,Stemmari Passiata,75cl,£11.99,£11.99/75cl,,"Beer, Wine & Spirits"
499794,Marquis de Chasse,W,false,1280,https://ecom-su-static-prod.wtrecom.com/images/products/3/LN_499794_BP_3.jpg,https://www.waitrose.com/ecom/products/marquis-de-chasse/499794-289456-289457,Marquis de Chasse,75cl,£9.99,£9.99/75cl,,"Beer, Wine & Spirits"
497080,Cornish Orchards Vintage Cider,G,true,1281,https://ecom-su-static-prod.wtrecom.com/images/products/3/LN_497080_BP_3.jpg,https://www.waitrose.com/ecom/products/cornish-orchards-vintage-cider/497080-812431-812432,Cornish Orchards Vintage Cider,500ml,£2.50,50p/100ml,Add 3 for £6,"Beer, Wine & Spirits"
496936,DP El Alto Malbec,W,true,1282,https://ecom-su-static-prod.wtrecom.com/images/products/3/LN_496936_BP_3.jpg,https://www.waitrose.com/ecom/products/dp-el-alto-malbec/496936-788526-788527,DP El Alto Malbec,75cl,£11.99,£11.99/75cl,save £4.00. Was £15.99,"Beer, Wine & Spirits"
495421,Thatchers Apple & Blackcurrant Cider Cans,G,false,1283,https://ecom-su-static-prod.wtrecom.com/images/products/3/LN_495421_BP_3.jpg,https://www.waitrose.com/ecom/products/thatchers-apple-blackcurrant-cider-cans/495421-822089-822090,Thatchers Apple & Blackcurrant Cider Cans,4x440ml,£6.85,£3.90/litre,,"Beer, Wine & Spirits"
493105,Mahou Premium Beer,G,false,1284,https://ecom-su-static-prod.wtrecom.com/images/products/3/LN_493105_BP_3.jpg,https://www.waitrose.com/ecom/products/mahou-premium-beer/493105-778250-778251,Mahou Premium Beer,12x330ml,£16.50,£4.17/litre,,"Beer, Wine & Spirits"
492497,"Lucien Muzard et Fils Santenay, 1er Cru, Burgundy, France",W,false,1285,https://ecom-su-static-prod.wtrecom.com/images/products/3/LN_492497_BP_3.jpg,https://www.waitrose.com/ecom/products/lucien-muzard-et-fils-santenay-1er-cru-burgundy-france/492497-69593-69594,"Lucien Muzard et Fils Santenay, 1er Cru, Burgundy, France",75cl,£33.99,£33.99/75cl,,"Beer, Wine & Spirits"
490973,Châteauneuf-du-Pape Le Grand Prébois,W,false,1286,https://ecom-su-static-prod.wtrecom.com/images/products/3/LN_490973_BP_3.jpg,https://www.waitrose.com/ecom/products/chateauneuf-du-pape-le-grand-prebois/490973-648018-648019,Châteauneuf-du-Pape Le Grand Prébois,75cl,£27.99,£27.99/75cl,,"Beer, Wine & Spirits"
489987,Giffords Hall Suffolk Bacchus,W,false,1287,https://ecom-su-static-prod.wtrecom.com/images/products/3/LN_489987_BP_3.jpg,https://www.waitrose.com/ecom/products/giffords-hall-suffolk-bacchus/489987-289404-289405,Giffords Hall Suffolk Bacchus,75cl,£14.49,£14.49/75cl,,"Beer, Wine & Spirits"
489826,Camden Lager Top,G,false,1288,https://ecom-su-static-prod.wtrecom.com/images/products/3/LN_489826_BP_3.jpg,https://www.waitrose.com/ecom/products/camden-lager-top/489826-823561-823562,Camden Lager Top,12x330ml,£10.00,£2.53/litre,,"Beer, Wine & Spirits"
488947,"Château Cantin Saint-Émilion Grand Bordeaux, France",W,false,1289,https://ecom-su-static-prod.wtrecom.com/images/products/3/LN_488947_BP_3.jpg,https://www.waitrose.com/ecom/products/chateau-cantin-saint-emilion-grand-bordeaux-france/488947-69083-69084,"Château Cantin Saint-Émilion Grand Bordeaux, France",75cl,£26.99,£26.99/75cl,,"Beer, Wine & Spirits"
488424,Madri,G,true,1290,https://ecom-su-static-prod.wtrecom.com/images/products/3/LN_488424_BP_3.jpg,https://www.waitrose.com/ecom/products/madri/488424-804090-804091,Madri,660ml,£2.80,£4.25/litre,Add 3 for £6.50,"Beer, Wine & Spirits"
488417,Bernard Fouquet Cuvée De Silex Vouvray,W,true,1291,https://ecom-su-static-prod.wtrecom.com/images/products/3/LN_488417_BP_3.jpg,https://www.waitrose.com/ecom/products/bernard-fouquet-cuvee-de-silex-vouvray/488417-696070-696071,Bernard Fouquet Cuvée De Silex Vouvray,75cl,£9.99,£9.99/75cl,save £3.00. Was £12.99,"Beer, Wine & Spirits"
488372,Bitburger Premium Pils,G,true,1292,https://ecom-su-static-prod.wtrecom.com/images/products/3/LN_488372_BP_3.jpg,https://www.waitrose.com/ecom/products/bitburger-premium-pils/488372-822083-822084,Bitburger Premium Pils,4x500ml,£5.50,£2.75/litre,save £1.00. Was £6.50,"Beer, Wine & Spirits"
488320,The King's Ginger,G,false,1293,https://ecom-su-static-prod.wtrecom.com/images/products/3/LN_488320_BP_3.jpg,https://www.waitrose.com/ecom/products/the-kings-ginger/488320-152445-152446,The King's Ginger,500ml,£25.00,£50/litre,,"Beer, Wine & Spirits"
488254,"Errazuriz Aconcagua Costa Sauvignon Blanc, Chile",W,false,1294,https://ecom-su-static-prod.wtrecom.com/images/products/3/LN_488254_BP_3.jpg,https://www.waitrose.com/ecom/products/errazuriz-aconcagua-costa-sauvignon-blanc-chile/488254-68977-68978,"Errazuriz Aconcagua Costa Sauvignon Blanc, Chile",75cl,£12.99,£12.99/75cl,,"Beer, Wine & Spirits"
487685,Tails Cocktails Rum Daiquiri Premixed Rum Cocktail,G,false,1295,https://ecom-su-static-prod.wtrecom.com/images/products/3/LN_487685_BP_3.jpg,https://www.waitrose.com/ecom/products/tails-cocktails-rum-daiquiri-premixed-rum-cocktail/487685-778248-778249,Tails Cocktails Rum Daiquiri Premixed Rum Cocktail,50cl,£16.00,£32/litre,,"Beer, Wine & Spirits"
487448,HotelC Velvetised Choc Crm Slt Cara,G,false,1296,https://ecom-su-static-prod.wtrecom.com/images/products/3/LN_487448_BP_3.jpg,https://www.waitrose.com/ecom/products/hotelc-velvetised-choc-crm-slt-cara/487448-778246-778247,HotelC Velvetised Choc Crm Slt Cara,500ml,£23.00,£46/litre,,"Beer, Wine & Spirits"
486997,Fourpure Juiced Passionfruit & Lime,G,true,1297,https://ecom-su-static-prod.wtrecom.com/images/products/3/LN_486997_BP_3.jpg,https://www.waitrose.com/ecom/products/fourpure-juiced-passionfruit-lime/486997-826106-826107,Fourpure Juiced Passionfruit & Lime,440ml,£2.50,£5.69/litre,Mix & Match Add 5 for 4 Cheapest Item Free,"Beer, Wine & Spirits"
486453,Wolfberger Alsace Pinot Blanc,W,true,1298,https://ecom-su-static-prod.wtrecom.com/images/products/3/LN_486453_BP_3.jpg,https://www.waitrose.com/ecom/products/wolfberger-alsace-pinot-blanc/486453-777318-777319,Wolfberger Alsace Pinot Blanc,75cl,£11.49,£11.49/75cl,Buyers Choice,"Beer, Wine & Spirits"
486251,Hobgoblin Ruby Ale Pint Cans,G,true,1299,https://ecom-su-static-prod.wtrecom.com/images/products/3/LN_486251_BP_3.jpg,https://www.waitrose.com/ecom/products/hobgoblin-ruby-ale-pint-cans/486251-815205-815206,Hobgoblin Ruby Ale Pint Cans,4x568ml,£5.50,£2.43/litre,save 75p. Was £6.25,"Beer, Wine & Spirits"
485568,Dark Star Pacific Dawn IPA,G,true,1300,https://ecom-su-static-prod.wtrecom.com/images/products/3/LN_485568_BP_3.jpg,https://www.waitrose.com/ecom/products/dark-star-pacific-dawn-ipa/485568-692397-692398,Dark Star Pacific Dawn IPA,440ml,£3.25,£7.39/litre,Mix & Match Add 5 for 4 Cheapest Item Free,"Beer, Wine & Spirits"
485410,Peroni Nastro Azzurro Beer Lager Cans,G,false,1301,https://ecom-su-static-prod.wtrecom.com/images/products/3/LN_485410_BP_3.jpg,https://www.waitrose.com/ecom/products/peroni-nastro-azzurro-beer-lager-cans/485410-731575-731576,Peroni Nastro Azzurro Beer Lager Cans,10x330ml,£11.00,£3.34/litre,,"Beer, Wine & Spirits"
484952,Château Tanunda Established 1890 Shiraz,W,false,1302,https://ecom-su-static-prod.wtrecom.com/images/products/3/LN_484952_BP_3.jpg,https://www.waitrose.com/ecom/products/chateau-tanunda-established-1890-shiraz/484952-807461-807462,Château Tanunda Established 1890 Shiraz,75cl,£9.99,£9.99/75cl,,"Beer, Wine & Spirits"
484869,Cinzano Bianco,G,false,1303,https://ecom-su-static-prod.wtrecom.com/images/products/3/LN_484869_BP_3.jpg,https://www.waitrose.com/ecom/products/cinzano-bianco/484869-791043-791044,Cinzano Bianco,75cl,£11.00,£14.67/litre,,"Beer, Wine & Spirits"
482631,Titanic Plum Porter England,G,true,1304,https://ecom-su-static-prod.wtrecom.com/images/products/3/LN_482631_BP_3.jpg,https://www.waitrose.com/ecom/products/titanic-plum-porter-england/482631-457074-457075,Titanic Plum Porter England,500ml,£2.35,£4.70/litre,Add 4 for £7,"Beer, Wine & Spirits"
482453,Gordon's Premium Pink Distilled Flavoured Gin,G,true,1305,https://ecom-su-static-prod.wtrecom.com/images/products/3/LN_482453_BP_3.jpg,https://www.waitrose.com/ecom/products/gordons-premium-pink-distilled-flavoured-gin/482453-674258-674259,Gordon's Premium Pink Distilled Flavoured Gin,70cl,£16.00,£22.86/litre,save £3.50. Was £19.50,"Beer, Wine & Spirits"
481841,Simpsons' English Chardonnay 2022,W,false,1306,https://ecom-su-static-prod.wtrecom.com/images/products/3/LN_481841_BP_3.jpg,https://www.waitrose.com/ecom/products/simpsons-english-chardonnay-2022/481841-696064-696065,Simpsons' English Chardonnay 2022,75cl,£16.99,£16.99/75cl,,"Beer, Wine & Spirits"
480944,JUBEL Beer cut with Grapefruit,G,false,1307,https://ecom-su-static-prod.wtrecom.com/images/products/3/LN_480944_BP_3.jpg,https://www.waitrose.com/ecom/products/jubel-beer-cut-with-grapefruit/480944-826102-826103,JUBEL Beer cut with Grapefruit,330ml,£2.10,£6.37/litre,,"Beer, Wine & Spirits"
480629,Le Sabbie dell'Etna Bianco Doc,W,true,1308,https://ecom-su-static-prod.wtrecom.com/images/products/3/LN_480629_BP_3.jpg,https://www.waitrose.com/ecom/products/le-sabbie-delletna-bianco-doc/480629-726280-726281,Le Sabbie dell'Etna Bianco Doc,75cl,£12.49,£12.49/75cl,save £2.50. Was £14.99,"Beer, Wine & Spirits"
480620,Magic Rock Brewing Dark Arts Surreal Stout,G,true,1309,https://ecom-su-static-prod.wtrecom.com/images/products/3/LN_480620_BP_3.jpg,https://www.waitrose.com/ecom/products/magic-rock-brewing-dark-arts-surreal-stout/480620-776664-776665,Magic Rock Brewing Dark Arts Surreal Stout,440ml,£3.15,£7.16/litre,Mix & Match Add 5 for 4 Cheapest Item Free,"Beer, Wine & Spirits"
478803,Chablis 1er Cru Fourchaume,W,false,1310,https://ecom-su-static-prod.wtrecom.com/images/products/3/LN_478803_BP_3.jpg,https://www.waitrose.com/ecom/products/chablis-1er-cru-fourchaume/478803-585471-585472,Chablis 1er Cru Fourchaume,75cl,£34.99,£34.99/75cl,,"Beer, Wine & Spirits"
478466,Brewdog Punk IPA,G,true,1311,https://ecom-su-static-prod.wtrecom.com/images/products/3/LN_478466_BP_3.jpg,https://www.waitrose.com/ecom/products/brewdog-punk-ipa/478466-757295-757296,Brewdog Punk IPA,440ml,£3.00,£6.82/litre,Mix & Match Add 5 for 4 Cheapest Item Free,"Beer, Wine & Spirits"
478432,Chateau de Pere Antoine,W,false,1312,https://ecom-su-static-prod.wtrecom.com/images/products/3/LN_478432_BP_3.jpg,https://www.waitrose.com/ecom/products/chateau-de-pere-antoine/478432-804422-804423,Chateau de Pere Antoine,750ml,£10.49,£10.49/75cl,,"Beer, Wine & Spirits"
478306,Brewdog Black Heart Stout,G,false,1313,https://ecom-su-static-prod.wtrecom.com/images/products/3/LN_478306_BP_3.jpg,https://www.waitrose.com/ecom/products/brewdog-black-heart-stout/478306-815201-815202,Brewdog Black Heart Stout,4x440ml,£5.75,£3.27/litre,,"Beer, Wine & Spirits"
478277,Eagle Rare Kentucky Bourbon Whiskey,G,false,1314,https://ecom-su-static-prod.wtrecom.com/images/products/3/LN_478277_BP_3.jpg,https://www.waitrose.com/ecom/products/eagle-rare-kentucky-bourbon-whiskey/478277-152421-152422,Eagle Rare Kentucky Bourbon Whiskey,700ml,£43.00,£61.43/litre,,"Beer, Wine & Spirits"
478150,Gordon's Pink Alcohol Free,G,false,1315,https://ecom-su-static-prod.wtrecom.com/images/products/3/LN_478150_BP_3.jpg,https://www.waitrose.com/ecom/products/gordons-pink-alcohol-free/478150-783860-783861,Gordon's Pink Alcohol Free,70cl,£15.50,£22.15/litre,,"Beer, Wine & Spirits"
477646,The Duppy Share Rum UK,G,false,1316,https://ecom-su-static-prod.wtrecom.com/images/products/3/LN_477646_BP_3.jpg,https://www.waitrose.com/ecom/products/the-duppy-share-rum-uk/477646-704009-704010,The Duppy Share Rum UK,70cl,£29.00,£41.43/litre,,"Beer, Wine & Spirits"
477016,Meantime Anytime IPA 4.7% Beer Multipack Can,G,true,1317,https://ecom-su-static-prod.wtrecom.com/images/products/3/LN_477016_BP_3.jpg,https://www.waitrose.com/ecom/products/meantime-anytime-ipa-47-beer-multipack-can/477016-728162-728163,Meantime Anytime IPA 4.7% Beer Multipack Can,4x330ml,£6.85,£5.19/litre,Add 2 for £11.50,"Beer, Wine & Spirits"
476892,Remy Martin 1738 Cognac Fine Champagne,G,false,1318,https://ecom-su-static-prod.wtrecom.com/images/products/3/LN_476892_BP_3.jpg,https://www.waitrose.com/ecom/products/remy-martin-1738-cognac-fine-champagne/476892-499266-499267,Remy Martin 1738 Cognac Fine Champagne,70cl,£56.00,£80/litre,,"Beer, Wine & Spirits"
476078,Araldica Barbera D'Asti Superiore,W,false,1319,https://ecom-su-static-prod.wtrecom.com/images/products/3/LN_476078_BP_3.jpg,https://www.waitrose.com/ecom/products/araldica-barbera-dasti-superiore/476078-314307-314308,Araldica Barbera D'Asti Superiore,75cl,£10.99,£10.99/75cl,,"Beer, Wine & Spirits"
476008,The Singleton Malt Master Single Malt Scotch Whisky,G,false,1320,https://ecom-su-static-prod.wtrecom.com/images/products/3/LN_476008_BP_3.jpg,https://www.waitrose.com/ecom/products/the-singleton-malt-master-single-malt-scotch-whisky/476008-665384-665385,The Singleton Malt Master Single Malt Scotch Whisky,700ml,£40.00,£57.15/litre,,"Beer, Wine & Spirits"
474227,And Union Wednesday Wheat Beer Germany,G,true,1321,https://ecom-su-static-prod.wtrecom.com/images/products/3/LN_474227_BP_3.jpg,https://www.waitrose.com/ecom/products/and-union-wednesday-wheat-beer-germany/474227-585469-585470,And Union Wednesday Wheat Beer Germany,330ml,£1.85,£5.61/litre,Add 3 for £5,"Beer, Wine & Spirits"
473071,Cantine De Vita Marsala Superiore Secco,W,false,1322,https://ecom-su-static-prod.wtrecom.com/images/products/3/LN_473071_BP_3.jpg,https://www.waitrose.com/ecom/products/cantine-de-vita-marsala-superiore-secco/473071-381068-381069,Cantine De Vita Marsala Superiore Secco,75cl,£13.49,£13.49/75cl,,"Beer, Wine & Spirits"
472629,Vocation Hop Skip & Juice Hazy Pale Ale,G,true,1323,https://ecom-su-static-prod.wtrecom.com/images/products/3/LN_472629_BP_3.jpg,https://www.waitrose.com/ecom/products/vocation-hop-skip-juice-hazy-pale-ale/472629-786058-786059,Vocation Hop Skip & Juice Hazy Pale Ale,4x330ml,£5.50,£4.17/litre,save £1.15. Was £6.65,"Beer, Wine & Spirits"
472214,Caleño Light & Zesty Non-Alcoholic Spirit,G,false,1324,https://ecom-su-static-prod.wtrecom.com/images/products/3/LN_472214_BP_3.jpg,https://www.waitrose.com/ecom/products/caleno-light-zesty-non-alcoholic-spirit/472214-770622-770623,Caleño Light & Zesty Non-Alcoholic Spirit,50cl,£19.00,£38/litre,,"Beer, Wine & Spirits"
471731,Captain Morgan Spiced Gold 0.0% Alcohol Free Spirit,G,false,1325,https://ecom-su-static-prod.wtrecom.com/images/products/3/LN_471731_BP_3.jpg,https://www.waitrose.com/ecom/products/captain-morgan-spiced-gold-00-alcohol-free-spirit/471731-810048-810049,Captain Morgan Spiced Gold 0.0% Alcohol Free Spirit,70cl,£15.00,£21.43/litre,,"Beer, Wine & Spirits"
470806,Dourthe Roqueblanche Sauvignon Blanc,W,true,1326,https://ecom-su-static-prod.wtrecom.com/images/products/3/LN_470806_BP_3.jpg,https://www.waitrose.com/ecom/products/dourthe-roqueblanche-sauvignon-blanc/470806-66381-66382,Dourthe Roqueblanche Sauvignon Blanc,75cl,£7.99,£7.99/75cl,save £2.00. Was £9.99,"Beer, Wine & Spirits"
470203,Barra Atlantic Gin,G,true,1327,https://ecom-su-static-prod.wtrecom.com/images/products/3/LN_470203_BP_3.jpg,https://www.waitrose.com/ecom/products/barra-atlantic-gin/470203-794918-794919,Barra Atlantic Gin,70cl,£28.00,£30/75cl,save £5.00. Was £33.00,"Beer, Wine & Spirits"
468900,Inama Vigneti di Foscarino Soave Classico Classico Veneto,W,false,1328,https://ecom-su-static-prod.wtrecom.com/images/products/3/LN_468900_BP_3.jpg,https://www.waitrose.com/ecom/products/inama-vigneti-di-foscarino-soave-classico-classico-veneto/468900-66087-66088,Inama Vigneti di Foscarino Soave Classico Classico Veneto,75cl,£24.99,£24.99/75cl,,"Beer, Wine & Spirits"
468154,Campinovi Rosso di Montalcino,W,false,1329,https://ecom-su-static-prod.wtrecom.com/images/products/3/LN_468154_BP_3.jpg,https://www.waitrose.com/ecom/products/campinovi-rosso-di-montalcino/468154-788512-788513,Campinovi Rosso di Montalcino,75cl,£18.99,£18.99/75cl,,"Beer, Wine & Spirits"
467101,Tour Chapoux Sauvignon Blanc,W,true,1330,https://ecom-su-static-prod.wtrecom.com/images/products/3/LN_467101_BP_3.jpg,https://www.waitrose.com/ecom/products/tour-chapoux-sauvignon-blanc/467101-300411-300412,Tour Chapoux Sauvignon Blanc,75cl,£9.99,£9.99/75cl,Buyers Choice,"Beer, Wine & Spirits"
466847,"Blason Des Papes Châteauneuf-du-Pape Rhône, France",W,false,1331,https://ecom-su-static-prod.wtrecom.com/images/products/3/LN_466847_BP_3.jpg,https://www.waitrose.com/ecom/products/blason-des-papes-chateauneuf-du-pape-rhone-france/466847-65799-65800,"Blason Des Papes Châteauneuf-du-Pape Rhône, France",75cl,£23.99,£23.99/75cl,,"Beer, Wine & Spirits"
465886,La Umbra Merlot,W,false,1332,https://ecom-su-static-prod.wtrecom.com/images/products/3/LN_465886_BP_3.jpg,https://www.waitrose.com/ecom/products/la-umbra-merlot/465886-128780-128781,La Umbra Merlot,75cl,£7.49,£7.49/75cl,,"Beer, Wine & Spirits"
464379,Croix des Coteaux Saint-Emilion AOC,W,true,1333,https://ecom-su-static-prod.wtrecom.com/images/products/3/LN_464379_BP_3.jpg,https://www.waitrose.com/ecom/products/croix-des-coteaux-saint-emilion-aoc/464379-730158-730159,Croix des Coteaux Saint-Emilion AOC,75cl,£15.99,£15.99/75cl,Buyers Choice,"Beer, Wine & Spirits"
464007,Château De Caraguilhes Corbières South of France,W,false,1334,https://ecom-su-static-prod.wtrecom.com/images/products/3/LN_464007_BP_3.jpg,https://www.waitrose.com/ecom/products/chateau-de-caraguilhes-corbieres-south-of-france/464007-65385-65386,Château De Caraguilhes Corbières South of France,75cl,£11.99,£11.99/75cl,,"Beer, Wine & Spirits"
463368,Ramsbury Single Estate London Dry Gin,G,false,1335,https://ecom-su-static-prod.wtrecom.com/images/products/3/LN_463368_BP_3.jpg,https://www.waitrose.com/ecom/products/ramsbury-single-estate-london-dry-gin/463368-600548-600549,Ramsbury Single Estate London Dry Gin,70cl,£31.00,£44.29/litre,,"Beer, Wine & Spirits"
462944,Maruxa Mencia Valdeorras Spain,W,false,1336,https://ecom-su-static-prod.wtrecom.com/images/products/3/LN_462944_BP_3.jpg,https://www.waitrose.com/ecom/products/maruxa-mencia-valdeorras-spain/462944-779485-779486,Maruxa Mencia Valdeorras Spain,75cl,£12.99,£12.99/75cl,,"Beer, Wine & Spirits"
462329,Great Heart Chenin Blanc Swartland,W,false,1337,https://ecom-su-static-prod.wtrecom.com/images/products/3/LN_462329_BP_3.jpg,https://www.waitrose.com/ecom/products/great-heart-chenin-blanc-swartland/462329-753605-753606,Great Heart Chenin Blanc Swartland,75cl,£15.99,£15.99/75cl,,"Beer, Wine & Spirits"
461467,Sipsmith London Dry G&T,G,true,1338,https://ecom-su-static-prod.wtrecom.com/images/products/3/LN_461467_BP_3.jpg,https://www.waitrose.com/ecom/products/sipsmith-london-dry-gt/461467-695000-695001,Sipsmith London Dry G&T,250ml,£3.10,£12.40/litre,Mix & Match Add 4 for 3 Cheapest Item Free,"Beer, Wine & Spirits"
461335,Brewgooder Mixed Pack,G,true,1339,https://ecom-su-static-prod.wtrecom.com/images/products/3/LN_461335_BP_3.jpg,https://www.waitrose.com/ecom/products/brewgooder-mixed-pack/461335-802714-802715,Brewgooder Mixed Pack,4x330ml,£5.85,£4.44/litre,save 65p. Was £6.50,"Beer, Wine & Spirits"
460817,Absolut Vanilia Flavoured Vodka,G,false,1340,https://ecom-su-static-prod.wtrecom.com/images/products/3/LN_460817_BP_3.jpg,https://www.waitrose.com/ecom/products/absolut-vanilia-flavoured-vodka/460817-674212-674213,Absolut Vanilia Flavoured Vodka,70cl,£23.00,£32.86/litre,,"Beer, Wine & Spirits"
460553,Nikka Whisky From The Barrel,G,false,1341,https://ecom-su-static-prod.wtrecom.com/images/products/3/LN_460553_BP_3.jpg,https://www.waitrose.com/ecom/products/nikka-whisky-from-the-barrel/460553-353692-353693,Nikka Whisky From The Barrel,50cl,£48.00,£96/litre,,"Beer, Wine & Spirits"
459908,Hendrick's Flora Adora Gin,G,false,1342,https://ecom-su-static-prod.wtrecom.com/images/products/3/LN_459908_BP_3.jpg,https://www.waitrose.com/ecom/products/hendricks-flora-adora-gin/459908-801766-801767,Hendrick's Flora Adora Gin,70cl,£32.00,£45.72/litre,,"Beer, Wine & Spirits"
458322,Albert Road Pinot Noir,W,true,1343,https://ecom-su-static-prod.wtrecom.com/images/products/3/LN_458322_BP_3.jpg,https://www.waitrose.com/ecom/products/albert-road-pinot-noir/458322-706225-706226,Albert Road Pinot Noir,75cl,£7.49,£7.49/75cl,save £2.50. Was £9.99,"Beer, Wine & Spirits"
456913,Lost & Grounded Helles Lager Beer,G,true,1344,https://ecom-su-static-prod.wtrecom.com/images/products/3/LN_456913_BP_3.jpg,https://www.waitrose.com/ecom/products/lost-grounded-helles-lager-beer/456913-757289-757290,Lost & Grounded Helles Lager Beer,440ml,£3.00,£6.82/litre,Mix & Match Add 5 for 4 Cheapest Item Free,"Beer, Wine & Spirits"
456570,Santa Carolina Sauvignon Blanc,W,true,1345,https://ecom-su-static-prod.wtrecom.com/images/products/3/LN_456570_BP_3.jpg,https://www.waitrose.com/ecom/products/santa-carolina-sauvignon-blanc/456570-799986-799987,Santa Carolina Sauvignon Blanc,75cl,£7.99,£7.99/75cl,save £2.00. Was £9.99,"Beer, Wine & Spirits"
454669,Brewdog Lost Lager,G,true,1346,https://ecom-su-static-prod.wtrecom.com/images/products/3/LN_454669_BP_3.jpg,https://www.waitrose.com/ecom/products/brewdog-lost-lager/454669-757287-757288,Brewdog Lost Lager,4x440ml,£5.15,£2.93/litre,save 60p. Was £5.75,"Beer, Wine & Spirits"
454134,Thatcher's Vintage Cider Somerset,G,true,1347,https://ecom-su-static-prod.wtrecom.com/images/products/3/LN_454134_BP_3.jpg,https://www.waitrose.com/ecom/products/thatchers-vintage-cider-somerset/454134-585453-585454,Thatcher's Vintage Cider Somerset,500ml,£2.50,£5/litre,Add 3 for £6,"Beer, Wine & Spirits"
454027,Grant's Triple Wood Blended Scotch Whisky,G,false,1348,https://ecom-su-static-prod.wtrecom.com/images/products/3/LN_454027_BP_3.jpg,https://www.waitrose.com/ecom/products/grants-triple-wood-blended-scotch-whisky/454027-683592-683593,Grant's Triple Wood Blended Scotch Whisky,70cl,£16.00,£22.86/litre,,"Beer, Wine & Spirits"
453907,Jubel Beer Cut with Peach,G,false,1349,https://ecom-su-static-prod.wtrecom.com/images/products/3/LN_453907_BP_3.jpg,https://www.waitrose.com/ecom/products/jubel-beer-cut-with-peach/453907-757283-757284,Jubel Beer Cut with Peach,330ml,£2.10,£6.37/litre,,"Beer, Wine & Spirits"
453319,The Wild Beer Co Everstone Hazy New Zealand IPA,G,true,1350,https://ecom-su-static-prod.wtrecom.com/images/products/3/LN_453319_BP_3.jpg,https://www.waitrose.com/ecom/products/the-wild-beer-co-everstone-hazy-new-zealand-ipa/453319-757281-757282,The Wild Beer Co Everstone Hazy New Zealand IPA,440ml,£3.25,£7.39/litre,Mix & Match Add 5 for 4 Cheapest Item Free,"Beer, Wine & Spirits"
453179,De Kuyper Triple Sec,G,true,1351,https://ecom-su-static-prod.wtrecom.com/images/products/3/LN_453179_BP_3.jpg,https://www.waitrose.com/ecom/products/de-kuyper-triple-sec/453179-694994-694995,De Kuyper Triple Sec,35cl,£7.50,£21.43/litre,save £2.50. Was £10.00,"Beer, Wine & Spirits"
452258,Monkey 47 Schwarzwald Dry Gin,G,false,1352,https://ecom-su-static-prod.wtrecom.com/images/products/3/LN_452258_BP_3.jpg,https://www.waitrose.com/ecom/products/monkey-47-schwarzwald-dry-gin/452258-665352-665353,Monkey 47 Schwarzwald Dry Gin,50cl,£49.00,£98/litre,,"Beer, Wine & Spirits"
451857,Esprit de Chablis Premier Cru,W,false,1353,https://ecom-su-static-prod.wtrecom.com/images/products/3/LN_451857_BP_3.jpg,https://www.waitrose.com/ecom/products/esprit-de-chablis-premier-cru/451857-156169-156170,Esprit de Chablis Premier Cru,75cl,£27.99,£27.99/75cl,,"Beer, Wine & Spirits"
451478,Chambord Black Raspberry Liqueur,G,false,1354,https://ecom-su-static-prod.wtrecom.com/images/products/3/LN_451478_BP_3.jpg,https://www.waitrose.com/ecom/products/chambord-black-raspberry-liqueur/451478-63640-63641,Chambord Black Raspberry Liqueur,200ml,£8.50,£42.50/litre,,"Beer, Wine & Spirits"
451242,Jukes Sparkling Pinot Noir Alcohol Free 0.0%,G,false,1355,https://ecom-su-static-prod.wtrecom.com/images/products/3/LN_451242_BP_3.jpg,https://www.waitrose.com/ecom/products/jukes-sparkling-pinot-noir-alcohol-free-00/451242-770616-770617,Jukes Sparkling Pinot Noir Alcohol Free 0.0%,4x250ml,£10.25,£10.25/litre,,"Beer, Wine & Spirits"
450511,San Miguel Alcohol Free Lager 0.0%,G,false,1356,https://ecom-su-static-prod.wtrecom.com/images/products/3/LN_450511_BP_3.jpg,https://www.waitrose.com/ecom/products/san-miguel-alcohol-free-lager-00/450511-757665-757666,San Miguel Alcohol Free Lager 0.0%,12x330ml,£10.00,£2.53/litre,,"Beer, Wine & Spirits"
450265,Wirra Wirra Church Block Mclaren Vale,W,true,1357,https://ecom-su-static-prod.wtrecom.com/images/products/3/LN_450265_BP_3.jpg,https://www.waitrose.com/ecom/products/wirra-wirra-church-block-mclaren-vale/450265-63440-63441,Wirra Wirra Church Block Mclaren Vale,75cl,£10.99,£10.99/75cl,save £4.00. Was £14.99,"Beer, Wine & Spirits"
449639,Waitrose Loved and Found Barbera,W,false,1358,https://ecom-su-static-prod.wtrecom.com/images/products/3/LN_449639_BP_3.jpg,https://www.waitrose.com/ecom/products/waitrose-loved-and-found-barbera/449639-812784-812785,Waitrose Loved and Found Barbera,75cl,£8.99,£8.99/75cl,,"Beer, Wine & Spirits"
448821,Yealands Sauvignon Blanc Blush,W,true,1359,https://ecom-su-static-prod.wtrecom.com/images/products/3/LN_448821_BP_3.jpg,https://www.waitrose.com/ecom/products/yealands-sauvignon-blanc-blush/448821-600520-600521,Yealands Sauvignon Blanc Blush,75cl,£7.99,£7.99/75cl,Save 1/3. Was £11.99,"Beer, Wine & Spirits"
448393,Small Beer Pale Ale Bottles,G,false,1360,https://ecom-su-static-prod.wtrecom.com/images/products/3/LN_448393_BP_3.jpg,https://www.waitrose.com/ecom/products/small-beer-pale-ale-bottles/448393-826096-826097,Small Beer Pale Ale Bottles,6x350ml,£12.95,£6.17/litre,,"Beer, Wine & Spirits"
447781,Highland Park 12 Year Old Viking Honour Single Malt Whisky,G,false,1361,https://ecom-su-static-prod.wtrecom.com/images/products/3/LN_447781_BP_3.jpg,https://www.waitrose.com/ecom/products/highland-park-12-year-old-viking-honour-single-malt-whisky/447781-812850-812851,Highland Park 12 Year Old Viking Honour Single Malt Whisky,700ml,£46.00,£65.72/litre,,"Beer, Wine & Spirits"
447497,Camden Hells Lager,G,true,1362,https://ecom-su-static-prod.wtrecom.com/images/products/3/LN_447497_BP_3.jpg,https://www.waitrose.com/ecom/products/camden-hells-lager/447497-692385-692386,Camden Hells Lager,330ml,£2.00,£6.07/litre,Add 4 for £6,"Beer, Wine & Spirits"
446774,Nanny Goat Pinot Noir,W,true,1363,https://ecom-su-static-prod.wtrecom.com/images/products/3/LN_446774_BP_3.jpg,https://www.waitrose.com/ecom/products/nanny-goat-pinot-noir/446774-511756-511757,Nanny Goat Pinot Noir,75cl,£16.99,£16.99/75cl,save £3.00. Was £19.99,"Beer, Wine & Spirits"
446713,Absolut Passionfruit Flavoured Vodka,G,false,1364,https://ecom-su-static-prod.wtrecom.com/images/products/3/LN_446713_BP_3.jpg,https://www.waitrose.com/ecom/products/absolut-passionfruit-flavoured-vodka/446713-728126-728127,Absolut Passionfruit Flavoured Vodka,70cl,£23.00,£32.86/litre,,"Beer, Wine & Spirits"
445540,Adnams Ease Up IPA England,G,true,1365,https://ecom-su-static-prod.wtrecom.com/images/products/3/LN_445540_BP_3.jpg,https://www.waitrose.com/ecom/products/adnams-ease-up-ipa-england/445540-511754-511755,Adnams Ease Up IPA England,500ml,£2.15,£4.30/litre,Add 3 for £5,"Beer, Wine & Spirits"
445400,Strongbow Zest Cider Can 4PK,G,true,1366,https://ecom-su-static-prod.wtrecom.com/images/products/3/LN_445400_BP_3.jpg,https://www.waitrose.com/ecom/products/strongbow-zest-cider-can-4pk/445400-822053-822054,Strongbow Zest Cider Can 4PK,4x440ml,£5.50,£3.13/litre,save £1.00. Was £6.50,"Beer, Wine & Spirits"
444840,Flor de Caña 12 Year Old Rum,G,false,1367,https://ecom-su-static-prod.wtrecom.com/images/products/3/LN_444840_BP_3.jpg,https://www.waitrose.com/ecom/products/flor-de-cana-12-year-old-rum/444840-728122-728123,Flor de Caña 12 Year Old Rum,70cl,£37.00,£52.86/litre,,"Beer, Wine & Spirits"
444358,Cocktail Collection Tanqueray Negroni,G,false,1368,https://ecom-su-static-prod.wtrecom.com/images/products/3/LN_444358_BP_3.jpg,https://www.waitrose.com/ecom/products/cocktail-collection-tanqueray-negroni/444358-818301-818302,Cocktail Collection Tanqueray Negroni,50cl,£15.00,£30/litre,,"Beer, Wine & Spirits"
443518,Cuvee Royale Cremant de Limoux Rosé,W,true,1369,https://ecom-su-static-prod.wtrecom.com/images/products/3/LN_443518_BP_3.jpg,https://www.waitrose.com/ecom/products/cuvee-royale-cremant-de-limoux-rose/443518-812848-812849,Cuvee Royale Cremant de Limoux Rosé,75cl,£10.99,£10.99/75cl,save £4.50. Was £15.49,"Beer, Wine & Spirits"
443014,Alta Italia Chardonnay DOC Dolomiti,W,true,1370,https://ecom-su-static-prod.wtrecom.com/images/products/3/LN_443014_BP_3.jpg,https://www.waitrose.com/ecom/products/alta-italia-chardonnay-doc-dolomiti/443014-336044-336045,Alta Italia Chardonnay DOC Dolomiti,75cl,£6.99,£6.99/75cl,save £2.00. Was £8.99,"Beer, Wine & Spirits"
442985,Hatozaki Pure Malt Japanese Whisky,G,false,1371,https://ecom-su-static-prod.wtrecom.com/images/products/3/LN_442985_BP_3.jpg,https://www.waitrose.com/ecom/products/hatozaki-pure-malt-japanese-whisky/442985-769072-769073,Hatozaki Pure Malt Japanese Whisky,70cl,£51.00,£72.86/litre,,"Beer, Wine & Spirits"
442901,Terre Di Faiano Primitivo IGP Puglia Organic,W,false,1372,https://ecom-su-static-prod.wtrecom.com/images/products/3/LN_442901_BP_3.jpg,https://www.waitrose.com/ecom/products/terre-di-faiano-primitivo-igp-puglia-organic/442901-822667-822668,Terre Di Faiano Primitivo IGP Puglia Organic,1.5L,£19.99,£10/75cl,,"Beer, Wine & Spirits"
442609,Torres Gran Coronas,W,false,1373,https://ecom-su-static-prod.wtrecom.com/images/products/3/LN_442609_BP_3.jpg,https://www.waitrose.com/ecom/products/torres-gran-coronas/442609-812846-812847,Torres Gran Coronas,75cl,£12.99,£12.99/75cl,,"Beer, Wine & Spirits"
442582,Adnams Lighthouse Beer,G,true,1374,https://ecom-su-static-prod.wtrecom.com/images/products/3/LN_442582_BP_3.jpg,https://www.waitrose.com/ecom/products/adnams-lighthouse-beer/442582-62284-62285,Adnams Lighthouse Beer,500ml,£2.15,£4.30/litre,Add 3 for £5,"Beer, Wine & Spirits"
442253,Metaxa 12 Stars The Original Greek Spirit,G,false,1375,https://ecom-su-static-prod.wtrecom.com/images/products/3/LN_442253_BP_3.jpg,https://www.waitrose.com/ecom/products/metaxa-12-stars-the-original-greek-spirit/442253-585443-585444,Metaxa 12 Stars The Original Greek Spirit,70cl,£37.00,£52.86/litre,,"Beer, Wine & Spirits"
441246,No.1 Douro Valley Reserva Quinta da Rosa Portugal,W,false,1376,https://ecom-su-static-prod.wtrecom.com/images/products/3/LN_441246_BP_3.jpg,https://www.waitrose.com/ecom/products/no1-douro-valley-reserva-quinta-da-rosa-portugal/441246-62116-62117,No.1 Douro Valley Reserva Quinta da Rosa Portugal,75cl,£13.49,£13.49/75cl,,"Beer, Wine & Spirits"
438474,Yering Station The Elms Pinot Noir,W,false,1377,https://ecom-su-static-prod.wtrecom.com/images/products/3/LN_438474_BP_3.jpg,https://www.waitrose.com/ecom/products/yering-station-the-elms-pinot-noir/438474-712059-712060,Yering Station The Elms Pinot Noir,75cl,£12.99,£12.99/75cl,,"Beer, Wine & Spirits"
438396,Broglia Gavi DOCG,W,false,1378,https://ecom-su-static-prod.wtrecom.com/images/products/3/LN_438396_BP_3.jpg,https://www.waitrose.com/ecom/products/broglia-gavi-docg/438396-408174-408175,Broglia Gavi DOCG,75cl,£16.99,£16.99/75cl,,"Beer, Wine & Spirits"
437723,Empress Premium Lager,G,false,1379,https://ecom-su-static-prod.wtrecom.com/images/products/3/LN_437723_BP_3.jpg,https://www.waitrose.com/ecom/products/empress-premium-lager/437723-791021-791022,Empress Premium Lager,330ml,£2.30,£6.97/litre,,"Beer, Wine & Spirits"
437522,Graham's 20 Year Old Tawny Port,W,false,1380,https://ecom-su-static-prod.wtrecom.com/images/products/3/LN_437522_BP_3.jpg,https://www.waitrose.com/ecom/products/grahams-20-year-old-tawny-port/437522-61580-61581,Graham's 20 Year Old Tawny Port,75cl,£44.99,£44.99/75cl,,"Beer, Wine & Spirits"
437367,Tempus Two Sauvignon Blanc,W,true,1381,https://ecom-su-static-prod.wtrecom.com/images/products/3/LN_437367_BP_3.jpg,https://www.waitrose.com/ecom/products/tempus-two-sauvignon-blanc/437367-807455-807456,Tempus Two Sauvignon Blanc,75cl,£7.49,£7.49/75cl,save £2.00. Was £9.49,"Beer, Wine & Spirits"
437249,Goslings Family Reserve Old Rum,G,false,1382,https://ecom-su-static-prod.wtrecom.com/images/products/3/LN_437249_BP_3.jpg,https://www.waitrose.com/ecom/products/goslings-family-reserve-old-rum/437249-760530-760531,Goslings Family Reserve Old Rum,70cl,£61.00,£87.15/litre,,"Beer, Wine & Spirits"
437242,Terre Del Barolo DOCG Barolo,W,false,1383,https://ecom-su-static-prod.wtrecom.com/images/products/3/LN_437242_BP_3.jpg,https://www.waitrose.com/ecom/products/terre-del-barolo-docg-barolo/437242-436937-436938,Terre Del Barolo DOCG Barolo,75cl,£22.99,£22.99/75cl,,"Beer, Wine & Spirits"
436277,135 East Hyogo Japanese Dry Gin,G,true,1384,https://ecom-su-static-prod.wtrecom.com/images/products/3/LN_436277_BP_3.jpg,https://www.waitrose.com/ecom/products/135-east-hyogo-japanese-dry-gin/436277-778220-778221,135 East Hyogo Japanese Dry Gin,70cl,£28.00,£40/litre,save £8.00. Was £36.00,"Beer, Wine & Spirits"
433366,Martini Bianco Vermouth Aperitivo,W,false,1385,https://ecom-su-static-prod.wtrecom.com/images/products/3/LN_433366_BP_3.jpg,https://www.waitrose.com/ecom/products/martini-bianco-vermouth-aperitivo/433366-694271-694272,Martini Bianco Vermouth Aperitivo,75cl,£12.50,£12.50/75cl,,"Beer, Wine & Spirits"
430283,Aspall Crisp Apple Cans,G,true,1386,https://ecom-su-static-prod.wtrecom.com/images/products/3/LN_430283_BP_3.jpg,https://www.waitrose.com/ecom/products/aspall-crisp-apple-cans/430283-822037-822038,Aspall Crisp Apple Cans,10x330ml,£10.00,£3.04/litre,save £1.25. Was £11.25,"Beer, Wine & Spirits"
429307,Atma Xinomavro Greece,W,true,1387,https://ecom-su-static-prod.wtrecom.com/images/products/3/LN_429307_BP_3.jpg,https://www.waitrose.com/ecom/products/atma-xinomavro-greece/429307-674130-674131,Atma Xinomavro Greece,75cl,£12.99,£12.99/75cl,Buyers Choice,"Beer, Wine & Spirits"
428917,Château La Croix De Marbuzet,W,false,1388,https://ecom-su-static-prod.wtrecom.com/images/products/3/LN_428917_BP_3.jpg,https://www.waitrose.com/ecom/products/chateau-la-croix-de-marbuzet/428917-138370-138371,Château La Croix De Marbuzet,75cl,£20.99,£20.99/75cl,,"Beer, Wine & Spirits"
428742,Pimm's & Lemonade,G,true,1389,https://ecom-su-static-prod.wtrecom.com/images/products/3/LN_428742_BP_3.jpg,https://www.waitrose.com/ecom/products/pimms-lemonade/428742-728110-728111,Pimm's & Lemonade,10x250ml,£10.00,£4/litre,save £3.50. Was £13.50,"Beer, Wine & Spirits"
428647,Heineken Premium Lager Beer Bottle Large,G,true,1390,https://ecom-su-static-prod.wtrecom.com/images/products/3/LN_428647_BP_3.jpg,https://www.waitrose.com/ecom/products/heineken-premium-lager-beer-bottle-large/428647-791013-791014,Heineken Premium Lager Beer Bottle Large,650ml,£2.50,£3.85/litre,Add 3 for £7,"Beer, Wine & Spirits"
428276,Strongbow Tropical Cider Can,G,false,1391,https://ecom-su-static-prod.wtrecom.com/images/products/3/LN_428276_BP_3.jpg,https://www.waitrose.com/ecom/products/strongbow-tropical-cider-can/428276-812403-812404,Strongbow Tropical Cider Can,4x440ml,£6.50,£3.70/litre,,"Beer, Wine & Spirits"
426392,Zalze Bush Vine Chenin Blanc,W,false,1392,https://ecom-su-static-prod.wtrecom.com/images/products/3/LN_426392_BP_3.jpg,https://www.waitrose.com/ecom/products/zalze-bush-vine-chenin-blanc/426392-60001-60002,Zalze Bush Vine Chenin Blanc,75cl,£9.99,£9.99/75cl,,"Beer, Wine & Spirits"
425796,De Kuyper Crème de Cassis,G,true,1393,https://ecom-su-static-prod.wtrecom.com/images/products/3/LN_425796_BP_3.jpg,https://www.waitrose.com/ecom/products/de-kuyper-creme-de-cassis/425796-694972-694973,De Kuyper Crème de Cassis,35cl,£7.50,£21.43/litre,save £2.50. Was £10.00,"Beer, Wine & Spirits"
425371,Jura 14 Year Old Single Malt Scotch Whisky,G,false,1394,https://ecom-su-static-prod.wtrecom.com/images/products/3/LN_425371_BP_3.jpg,https://www.waitrose.com/ecom/products/jura-14-year-old-single-malt-scotch-whisky/425371-778214-778215,Jura 14 Year Old Single Malt Scotch Whisky,70cl,£46.00,£65.72/litre,,"Beer, Wine & Spirits"
424722,Gin Mare,G,false,1395,https://ecom-su-static-prod.wtrecom.com/images/products/3/LN_424722_BP_3.jpg,https://www.waitrose.com/ecom/products/gin-mare/424722-136845-136846,Gin Mare,700ml,£39.00,£55.72/litre,,"Beer, Wine & Spirits"
423777,St Remy XO French Brandy,G,false,1396,https://ecom-su-static-prod.wtrecom.com/images/products/3/LN_423777_BP_3.jpg,https://www.waitrose.com/ecom/products/st-remy-xo-french-brandy/423777-683584-683585,St Remy XO French Brandy,70cl,£26.00,£37.15/litre,,"Beer, Wine & Spirits"
422587,Cocchi Vermouth di Torino,W,true,1397,https://ecom-su-static-prod.wtrecom.com/images/products/3/LN_422587_BP_3.jpg,https://www.waitrose.com/ecom/products/cocchi-vermouth-di-torino/422587-653925-653926,Cocchi Vermouth di Torino,50cl,£17.00,£34/litre,save £3.00. Was £20.00,"Beer, Wine & Spirits"
422347,Chateau Oumsiyat Mijana,W,false,1398,https://ecom-su-static-prod.wtrecom.com/images/products/3/LN_422347_BP_3.jpg,https://www.waitrose.com/ecom/products/chateau-oumsiyat-mijana/422347-804406-804407,Chateau Oumsiyat Mijana,75cl,£9.49,£9.49/75cl,,"Beer, Wine & Spirits"
421795,Nikka Days Blended Whisky,G,true,1399,https://ecom-su-static-prod.wtrecom.com/images/products/3/LN_421795_BP_3.jpg,https://www.waitrose.com/ecom/products/nikka-days-blended-whisky/421795-755773-755774,Nikka Days Blended Whisky,70cl,£36.00,£51.43/litre,save £7.00. Was £43.00,"Beer, Wine & Spirits"
421666,Borgodei Primitivo Rosato IGP,W,false,1400,https://ecom-su-static-prod.wtrecom.com/images/products/3/LN_421666_BP_3.jpg,https://www.waitrose.com/ecom/products/borgodei-primitivo-rosato-igp/421666-728868-728869,Borgodei Primitivo Rosato IGP,75cl,£9.99,£9.99/75cl,,"Beer, Wine & Spirits"
421108,Bushmills 'The Original' Irish Whiskey,G,false,1401,https://ecom-su-static-prod.wtrecom.com/images/products/3/LN_421108_BP_3.jpg,https://www.waitrose.com/ecom/products/bushmills-the-original-irish-whiskey/421108-59246-59247,Bushmills 'The Original' Irish Whiskey,70cl,£23.00,£32.86/litre,,"Beer, Wine & Spirits"
420814,Schofferhofer Grapefruit,G,false,1402,https://ecom-su-static-prod.wtrecom.com/images/products/3/LN_420814_BP_3.jpg,https://www.waitrose.com/ecom/products/schofferhofer-grapefruit/420814-815179-815180,Schofferhofer Grapefruit,500ml,£2.20,£4.40/litre,,"Beer, Wine & Spirits"
420571,Uprising Treason West Coast IPA,G,true,1403,https://ecom-su-static-prod.wtrecom.com/images/products/3/LN_420571_BP_3.jpg,https://www.waitrose.com/ecom/products/uprising-treason-west-coast-ipa/420571-761908-761909,Uprising Treason West Coast IPA,440ml,£3.00,£6.82/litre,Mix & Match Add 5 for 4 Cheapest Item Free,"Beer, Wine & Spirits"
419939,Tre Fiori Greco di Tufo Docg,W,true,1404,https://ecom-su-static-prod.wtrecom.com/images/products/3/LN_419939_BP_3.jpg,https://www.waitrose.com/ecom/products/tre-fiori-greco-di-tufo-docg/419939-348525-348526,Tre Fiori Greco di Tufo Docg,75cl,£8.99,£8.99/75cl,25% Off. Was £11.99,"Beer, Wine & Spirits"
418317,Jameson Black Barrel Blended Irish Whiskey,G,false,1405,https://ecom-su-static-prod.wtrecom.com/images/products/3/LN_418317_BP_3.jpg,https://www.waitrose.com/ecom/products/jameson-black-barrel-blended-irish-whiskey/418317-442782-442783,Jameson Black Barrel Blended Irish Whiskey,70cl,£41.00,£58.58/litre,,"Beer, Wine & Spirits"
417872,Château Lalande d'Auvion Médoc,W,true,1406,https://ecom-su-static-prod.wtrecom.com/images/products/3/LN_417872_BP_3.jpg,https://www.waitrose.com/ecom/products/chateau-lalande-dauvion-medoc/417872-665324-665325,Château Lalande d'Auvion Médoc,75cl,£10.99,£10.99/75cl,save £4.00. Was £14.99,"Beer, Wine & Spirits"
417745,Catena Alta Malbec,W,false,1407,https://ecom-su-static-prod.wtrecom.com/images/products/3/LN_417745_BP_3.jpg,https://www.waitrose.com/ecom/products/catena-alta-malbec/417745-633308-633309,Catena Alta Malbec,75cl,£29.99,£29.99/75cl,,"Beer, Wine & Spirits"
415951,LeftField Rosé Hawkes Bay,W,false,1408,https://ecom-su-static-prod.wtrecom.com/images/products/3/LN_415951_BP_3.jpg,https://www.waitrose.com/ecom/products/leftfield-rose-hawkes-bay/415951-715399-715400,LeftField Rosé Hawkes Bay,75cl,£11.99,£11.99/75cl,,"Beer, Wine & Spirits"
415470,Guinness NitroSurge Pouring Device,G,false,1409,https://ecom-su-static-prod.wtrecom.com/images/products/3/LN_415470_BP_3.jpg,https://www.waitrose.com/ecom/products/guinness-nitrosurge-pouring-device/415470-807544-807545,Guinness NitroSurge Pouring Device,each,£30.00,£30 each,,"Beer, Wine & Spirits"
414075,Poretti Lager Cans,G,true,1410,https://ecom-su-static-prod.wtrecom.com/images/products/3/LN_414075_BP_3.jpg,https://www.waitrose.com/ecom/products/poretti-lager-cans/414075-822029-822030,Poretti Lager Cans,4x440ml,£5.50,£3.13/litre,save £1.00. Was £6.50,"Beer, Wine & Spirits"
412263,Château La Raze Beauvallet Cru Bourgeois Médoc,W,false,1411,https://ecom-su-static-prod.wtrecom.com/images/products/3/LN_412263_BP_3.jpg,https://www.waitrose.com/ecom/products/chateau-la-raze-beauvallet-cru-bourgeois-medoc/412263-767911-767912,Château La Raze Beauvallet Cru Bourgeois Médoc,75cl,£15.99,£15.99/75cl,,"Beer, Wine & Spirits"
411210,Mme Claude Parmentier Fitou,W,false,1412,https://ecom-su-static-prod.wtrecom.com/images/products/3/LN_411210_BP_3.jpg,https://www.waitrose.com/ecom/products/mme-claude-parmentier-fitou/411210-398272-398273,Mme Claude Parmentier Fitou,75cl,£9.99,£9.99/75cl,,"Beer, Wine & Spirits"
410348,Tamnavulin Single Malt Whisky,G,true,1413,https://ecom-su-static-prod.wtrecom.com/images/products/3/LN_410348_BP_3.jpg,https://www.waitrose.com/ecom/products/tamnavulin-single-malt-whisky/410348-665312-665313,Tamnavulin Single Malt Whisky,70cl,£24.00,£34.29/litre,save £12.00. Was £36.00,"Beer, Wine & Spirits"
410188,Gifford Hall Rosé,W,false,1414,https://ecom-su-static-prod.wtrecom.com/images/products/3/LN_410188_BP_3.jpg,https://www.waitrose.com/ecom/products/gifford-hall-rose/410188-222230-222231,Gifford Hall Rosé,75cl,£14.49,£14.49/75cl,,"Beer, Wine & Spirits"
410031,Mad Fish Western Australia Shiraz,W,false,1415,https://ecom-su-static-prod.wtrecom.com/images/products/3/LN_410031_BP_3.jpg,https://www.waitrose.com/ecom/products/mad-fish-western-australia-shiraz/410031-779439-779440,Mad Fish Western Australia Shiraz,75cl,£9.99,£9.99/75cl,,"Beer, Wine & Spirits"
409893,Graham's Blend No5 White Port,W,true,1416,https://ecom-su-static-prod.wtrecom.com/images/products/3/LN_409893_BP_3.jpg,https://www.waitrose.com/ecom/products/grahams-blend-no5-white-port/409893-731228-731229,Graham's Blend No5 White Port,75cl,£23.99,£23.99/75cl,save £5.00. Was £28.99,"Beer, Wine & Spirits"
409868,Hibiki Harmony Suntory Japanese Whisky,G,false,1417,https://ecom-su-static-prod.wtrecom.com/images/products/3/LN_409868_BP_3.jpg,https://www.waitrose.com/ecom/products/hibiki-harmony-suntory-japanese-whisky/409868-457046-457047,Hibiki Harmony Suntory Japanese Whisky,70cl,£89.00,£127.15/litre,,"Beer, Wine & Spirits"
409728,Folly of the Beast Chardonnay,W,false,1418,https://ecom-su-static-prod.wtrecom.com/images/products/3/LN_409728_BP_3.jpg,https://www.waitrose.com/ecom/products/folly-of-the-beast-chardonnay/409728-807451-807452,Folly of the Beast Chardonnay,75cl,£14.99,£14.99/75cl,,"Beer, Wine & Spirits"
407691,Peroni Nastro Azzurro Beer Lager,G,false,1419,https://ecom-su-static-prod.wtrecom.com/images/products/3/LN_407691_BP_3.jpg,https://www.waitrose.com/ecom/products/peroni-nastro-azzurro-beer-lager/407691-815169-815170,Peroni Nastro Azzurro Beer Lager,4x440ml,£7.50,£4.27/litre,,"Beer, Wine & Spirits"
406249,No.1 Reserve Tawny Port from Symington,W,false,1420,https://ecom-su-static-prod.wtrecom.com/images/products/3/LN_406249_BP_3.jpg,https://www.waitrose.com/ecom/products/no1-reserve-tawny-port-from-symington/406249-457042-457043,No.1 Reserve Tawny Port from Symington,75cl,£15.99,£15.99/75cl,,"Beer, Wine & Spirits"
406131,Waitrose Loved & Found Carignan Blanc,W,false,1421,https://ecom-su-static-prod.wtrecom.com/images/products/3/LN_406131_BP_3.jpg,https://www.waitrose.com/ecom/products/waitrose-loved-found-carignan-blanc/406131-812776-812777,Waitrose Loved & Found Carignan Blanc,75cl,£8.99,£8.99/75cl,,"Beer, Wine & Spirits"
405965,Outland Hazy IPA,G,true,1422,https://ecom-su-static-prod.wtrecom.com/images/products/3/LN_405965_BP_3.jpg,https://www.waitrose.com/ecom/products/outland-hazy-ipa/405965-815165-815166,Outland Hazy IPA,440ml,£3.25,£7.39/litre,Mix & Match Add 5 for 4 Cheapest Item Free,"Beer, Wine & Spirits"
405756,Buffalo Trace Kentucky Straight Bourbon Whiskey,G,false,1423,https://ecom-su-static-prod.wtrecom.com/images/products/3/LN_405756_BP_3.jpg,https://www.waitrose.com/ecom/products/buffalo-trace-kentucky-straight-bourbon-whiskey/405756-152203-152204,Buffalo Trace Kentucky Straight Bourbon Whiskey,70cl,£27.00,£38.58/litre,,"Beer, Wine & Spirits"
405547,Cruzcampo,G,false,1424,https://ecom-su-static-prod.wtrecom.com/images/products/3/LN_405547_BP_3.jpg,https://www.waitrose.com/ecom/products/cruzcampo/405547-823507-823508,Cruzcampo,12x330ml,£10.00,£2.53/litre,,"Beer, Wine & Spirits"
404096,The Ned Pinnacle Sauvignon Blanc,W,true,1425,https://ecom-su-static-prod.wtrecom.com/images/products/3/LN_404096_BP_3.jpg,https://www.waitrose.com/ecom/products/the-ned-pinnacle-sauvignon-blanc/404096-715301-715302,The Ned Pinnacle Sauvignon Blanc,75cl,£9.99,£9.99/75cl,save £3.00. Was £12.99,"Beer, Wine & Spirits"
402792,Thatchers Cloudy Lemon,G,false,1426,https://ecom-su-static-prod.wtrecom.com/images/products/3/LN_402792_BP_3.jpg,https://www.waitrose.com/ecom/products/thatchers-cloudy-lemon/402792-786020-786021,Thatchers Cloudy Lemon,4x440ml,£6.85,£3.90/litre,,"Beer, Wine & Spirits"
402479,MOTH Margarita,G,true,1427,https://ecom-su-static-prod.wtrecom.com/images/products/3/LN_402479_BP_3.jpg,https://www.waitrose.com/ecom/products/moth-margarita/402479-814911-814912,MOTH Margarita,6x125ml,£17.00,£22.67/litre,save £3.00. Was £20.00,"Beer, Wine & Spirits"
401855,WTrue Espresso Martini Shake,G,true,1428,https://ecom-su-static-prod.wtrecom.com/images/products/3/LN_401855_BP_3.jpg,https://www.waitrose.com/ecom/products/wtrue-espresso-martini-shake/401855-826094-826095,WTrue Espresso Martini Shake,440ml,£3.25,£7.39/litre,Mix & Match Add 5 for 4 Cheapest Item Free,"Beer, Wine & Spirits"
401635,Los Tontos Sabios,W,true,1429,https://ecom-su-static-prod.wtrecom.com/images/products/3/LN_401635_BP_3.jpg,https://www.waitrose.com/ecom/products/los-tontos-sabios/401635-804400-804401,Los Tontos Sabios,75cl,£7.99,£7.99/75cl,save £1.00. Was £8.99,"Beer, Wine & Spirits"
396558,ANYDAY Drink Bistro Tumbler,G,false,1430,https://ecom-su-static-prod.wtrecom.com/images/products/3/LN_396558_BP_3.jpg,https://www.waitrose.com/ecom/products/anyday-drink-bistro-tumbler/396558-304458-304459,ANYDAY Drink Bistro Tumbler,each,£1.50,£1.50 each,,"Beer, Wine & Spirits"
391270,Double-Barrelled Kitchen Disco IPA,G,true,1431,https://ecom-su-static-prod.wtrecom.com/images/products/3/LN_391270_BP_3.jpg,https://www.waitrose.com/ecom/products/double-barrelled-kitchen-disco-ipa/391270-826088-826089,Double-Barrelled Kitchen Disco IPA,440ml,£3.50,£7.96/litre,Mix & Match Add 5 for 4 Cheapest Item Free,"Beer, Wine & Spirits"
385057,Laphroaig Quarter Cask,G,false,1432,https://ecom-su-static-prod.wtrecom.com/images/products/3/LN_385057_BP_3.jpg,https://www.waitrose.com/ecom/products/laphroaig-quarter-cask/385057-54141-54142,Laphroaig Quarter Cask,70cl,£48.00,£68.58/litre,,"Beer, Wine & Spirits"
384181,Kendermanns Special Edition Riesling,W,true,1433,https://ecom-su-static-prod.wtrecom.com/images/products/3/LN_384181_BP_3.jpg,https://www.waitrose.com/ecom/products/kendermanns-special-edition-riesling/384181-54019-54020,Kendermanns Special Edition Riesling,75cl,£7.49,£7.49/75cl,save £2.50. Was £9.99,"Beer, Wine & Spirits"
380859,Oakham Ales Green Devil IPA,G,false,1434,https://ecom-su-static-prod.wtrecom.com/images/products/3/LN_380859_BP_3.jpg,https://www.waitrose.com/ecom/products/oakham-ales-green-devil-ipa/380859-826082-826083,Oakham Ales Green Devil IPA,500ml,£2.25,£4.50/litre,,"Beer, Wine & Spirits"
380057,Taylor's 10 Year Old Tawny Port,W,false,1435,https://ecom-su-static-prod.wtrecom.com/images/products/3/LN_380057_BP_3.jpg,https://www.waitrose.com/ecom/products/taylors-10-year-old-tawny-port/380057-151485-151486,Taylor's 10 Year Old Tawny Port,75cl,£29.99,£29.99/75cl,,"Beer, Wine & Spirits"
372158,Lowrise Lager,G,false,1436,https://ecom-su-static-prod.wtrecom.com/images/products/3/LN_372158_BP_3.jpg,https://www.waitrose.com/ecom/products/lowrise-lager/372158-826072-826073,Lowrise Lager,330ml,£2.20,£6.67/litre,,"Beer, Wine & Spirits"
368236,Lustau Moscatel De Alejandría,W,false,1437,https://ecom-su-static-prod.wtrecom.com/images/products/3/LN_368236_BP_3.jpg,https://www.waitrose.com/ecom/products/lustau-moscatel-de-alejandria/368236-51762-51763,Lustau Moscatel De Alejandría,50cl,£7.99,£11.99/75cl,,"Beer, Wine & Spirits"
367044,Cantine De Vita Marsala Dolce,W,false,1438,https://ecom-su-static-prod.wtrecom.com/images/products/3/LN_367044_BP_3.jpg,https://www.waitrose.com/ecom/products/cantine-de-vita-marsala-dolce/367044-231485-231486,Cantine De Vita Marsala Dolce,75cl,£13.49,£13.49/75cl,,"Beer, Wine & Spirits"
365117,"Astrolabe Awatere Sauvignon Blanc Marlborough, New Zealand",W,true,1439,https://ecom-su-static-prod.wtrecom.com/images/products/3/LN_365117_BP_3.jpg,https://www.waitrose.com/ecom/products/astrolabe-awatere-sauvignon-blanc-marlborough-new-zealand/365117-51352-51353,"Astrolabe Awatere Sauvignon Blanc Marlborough, New Zealand",75cl,£14.99,£14.99/75cl,save £3.00. Was £17.99,"Beer, Wine & Spirits"
364575,Waitrose Fino Sherry,W,false,1440,https://ecom-su-static-prod.wtrecom.com/images/products/3/LN_364575_BP_3.jpg,https://www.waitrose.com/ecom/products/waitrose-fino-sherry/364575-136243-136244,Waitrose Fino Sherry,75cl,£9.99,£9.99/75cl,,"Beer, Wine & Spirits"
323107,"Lost and Grounded X Caravan Collaboration, Coffee Pale Ale",G,true,1441,https://ecom-su-static-prod.wtrecom.com/images/products/3/LN_323107_BP_3.jpg,https://www.waitrose.com/ecom/products/lost-and-grounded-x-caravan-collaboration-coffee-pale-ale/323107-826056-826057,"Lost and Grounded X Caravan Collaboration, Coffee Pale Ale",440ml,£3.50,£7.96/litre,Mix & Match Add 5 for 4 Cheapest Item Free,"Beer, Wine & Spirits"
269417,Fourpure Juiced Mango & Raspberry,G,true,1442,https://ecom-su-static-prod.wtrecom.com/images/products/3/LN_269417_BP_3.jpg,https://www.waitrose.com/ecom/products/fourpure-juiced-mango-raspberry/269417-826038-826039,Fourpure Juiced Mango & Raspberry,440ml,£2.50,£5.69/litre,Mix & Match Add 5 for 4 Cheapest Item Free,"Beer, Wine & Spirits"
240627,White Claw Variety Pack,G,false,1443,https://ecom-su-static-prod.wtrecom.com/images/products/3/LN_240627_BP_3.jpg,https://www.waitrose.com/ecom/products/white-claw-variety-pack/240627-823961-823962,White Claw Variety Pack,8x330ml,£13.20,£5/litre,,"Beer, Wine & Spirits"
099852,Old Pulteney 12 Year Old Single Malt Whisky,G,true,1444,https://ecom-su-static-prod.wtrecom.com/images/products/3/LN_099852_BP_3.jpg,https://www.waitrose.com/ecom/products/old-pulteney-12-year-old-single-malt-whisky/099852-51019-51020,Old Pulteney 12 Year Old Single Malt Whisky,70cl,£28.00,£40/litre,save £10.50. Was £38.50,"Beer, Wine & Spirits"
099549,"Domaine Gérard Thomas Saint-Aubin 1er Cru Burgundy, France",W,false,1445,https://ecom-su-static-prod.wtrecom.com/images/products/3/LN_099549_BP_3.jpg,https://www.waitrose.com/ecom/products/domaine-gerard-thomas-saint-aubin-1er-cru-burgundy-france/099549-50825-50826,"Domaine Gérard Thomas Saint-Aubin 1er Cru Burgundy, France",750ml,£36.99,£36.99/75cl,,"Beer, Wine & Spirits"
097255,"Mount Difficulty Pinot Noir, Central Otago New Zealand",W,true,1446,https://ecom-su-static-prod.wtrecom.com/images/products/3/LN_097255_BP_3.jpg,https://www.waitrose.com/ecom/products/mount-difficulty-pinot-noir-central-otago-new-zealand/097255-49654-49655,"Mount Difficulty Pinot Noir, Central Otago New Zealand",75cl,£29.99,£29.99/75cl,Buyers Choice,"Beer, Wine & Spirits"
095138,Captain Morgan Spiced Gold Rum Based Spirit Drink,G,false,1447,https://ecom-su-static-prod.wtrecom.com/images/products/3/LN_095138_BP_3.jpg,https://www.waitrose.com/ecom/products/captain-morgan-spiced-gold-rum-based-spirit-drink/095138-48765-48766,Captain Morgan Spiced Gold Rum Based Spirit Drink,70cl,£19.50,£27.86/litre,,"Beer, Wine & Spirits"
094068,"Guigal Côte-Rôtie Brune Et Blonde Rhône, France",W,false,1448,https://ecom-su-static-prod.wtrecom.com/images/products/3/LN_094068_BP_3.jpg,https://www.waitrose.com/ecom/products/guigal-cote-rotie-brune-et-blonde-rhone-france/094068-48284-48285,"Guigal Côte-Rôtie Brune Et Blonde Rhône, France",75cl,£51.00,£51/75cl,,"Beer, Wine & Spirits"
093023,G.H. Mumm Cordon Rouge Non Vintage Champagne,W,false,1449,https://ecom-su-static-prod.wtrecom.com/images/products/3/LN_093023_BP_3.jpg,https://www.waitrose.com/ecom/products/gh-mumm-cordon-rouge-non-vintage-champagne/093023-47805-47806,G.H. Mumm Cordon Rouge Non Vintage Champagne,75cl,£38.99,£38.99/75cl,,"Beer, Wine & Spirits"
091748,"Cave de Beblenheim Kleinfels Riesling Alsace, France",W,true,1450,https://ecom-su-static-prod.wtrecom.com/images/products/3/LN_091748_BP_3.jpg,https://www.waitrose.com/ecom/products/cave-de-beblenheim-kleinfels-riesling-alsace-france/091748-47238-47239,"Cave de Beblenheim Kleinfels Riesling Alsace, France",75cl,£9.99,£9.99/75cl,save £2.00. Was £11.99,"Beer, Wine & Spirits"
090827,The Balvenie Doublewood 12YO Single Malt Whisky,G,false,1451,https://ecom-su-static-prod.wtrecom.com/images/products/3/LN_090827_BP_3.jpg,https://www.waitrose.com/ecom/products/the-balvenie-doublewood-12yo-single-malt-whisky/090827-46783-46784,The Balvenie Doublewood 12YO Single Malt Whisky,70cl,£49.00,£70/litre,,"Beer, Wine & Spirits"
087227,Elgood's Black Dog,G,false,1452,https://ecom-su-static-prod.wtrecom.com/images/products/3/LN_087227_BP_3.jpg,https://www.waitrose.com/ecom/products/elgoods-black-dog/087227-44566-44567,Elgood's Black Dog,500ml,£2.10,£4.20/litre,,"Beer, Wine & Spirits"
086790,Campbell's Rutherglen Muscat,W,false,1453,https://ecom-su-static-prod.wtrecom.com/images/products/3/LN_086790_BP_3.jpg,https://www.waitrose.com/ecom/products/campbells-rutherglen-muscat/086790-44346-44347,Campbell's Rutherglen Muscat,37.5cl,£14.49,£28.98/75cl,,"Beer, Wine & Spirits"
083855,Jim Beam Bourbon Whiskey,G,true,1454,https://ecom-su-static-prod.wtrecom.com/images/products/3/LN_083855_BP_3.jpg,https://www.waitrose.com/ecom/products/jim-beam-bourbon-whiskey/083855-42584-42585,Jim Beam Bourbon Whiskey,70cl,£16.00,£22.86/litre,save £5.50. Was £21.50,"Beer, Wine & Spirits"
083845,Louis Roederer Champagne Collection,W,false,1455,https://ecom-su-static-prod.wtrecom.com/images/products/3/LN_083845_BP_3.jpg,https://www.waitrose.com/ecom/products/louis-roederer-champagne-collection/083845-42578-42579,Louis Roederer Champagne Collection,75cl,£59.99,£59.99/75cl,,"Beer, Wine & Spirits"
083355,Dr. Wagner Riesling,W,false,1456,https://ecom-su-static-prod.wtrecom.com/images/products/3/LN_083355_BP_3.jpg,https://www.waitrose.com/ecom/products/dr-wagner-riesling/083355-42335-42336,Dr. Wagner Riesling,75cl,£10.49,£10.49/75cl,,"Beer, Wine & Spirits"
082722,Ardbeg 10 Year Old Single Malt Islay Scotch Whisky,G,false,1457,https://ecom-su-static-prod.wtrecom.com/images/products/3/LN_082722_BP_3.jpg,https://www.waitrose.com/ecom/products/ardbeg-10-year-old-single-malt-islay-scotch-whisky/082722-42065-42066,Ardbeg 10 Year Old Single Malt Islay Scotch Whisky,70cl,£53.00,£75.72/litre,,"Beer, Wine & Spirits"
082418,Dom Perignon,W,false,1458,https://ecom-su-static-prod.wtrecom.com/images/products/3/LN_082418_BP_3.jpg,https://www.waitrose.com/ecom/products/dom-perignon/082418-41929-41930,Dom Perignon,75cl,£199.99,£199.99/75cl,,"Beer, Wine & Spirits"
082245,"Clos Saint Michel Châteauneuf-Du-Pape Rhône, France",W,false,1459,https://ecom-su-static-prod.wtrecom.com/images/products/3/LN_082245_BP_3.jpg,https://www.waitrose.com/ecom/products/clos-saint-michel-chateauneuf-du-pape-rhone-france/082245-41849-41850,"Clos Saint Michel Châteauneuf-Du-Pape Rhône, France",75cl,£25.99,£25.99/75cl,,"Beer, Wine & Spirits"
082240,Saint-Joseph Cave De Saint-Desirat,W,false,1460,https://ecom-su-static-prod.wtrecom.com/images/products/3/LN_082240_BP_3.jpg,https://www.waitrose.com/ecom/products/saint-joseph-cave-de-saint-desirat/082240-41847-41848,Saint-Joseph Cave De Saint-Desirat,75cl,£16.99,£16.99/75cl,,"Beer, Wine & Spirits"
079401,Woodforde's Nelson's Bitter England,G,true,1461,https://ecom-su-static-prod.wtrecom.com/images/products/3/LN_079401_BP_3.jpg,https://www.waitrose.com/ecom/products/woodfordes-nelsons-bitter-england/079401-40413-40414,Woodforde's Nelson's Bitter England,500ml,£2.00,£4/litre,Add 2 for £3.25,"Beer, Wine & Spirits"
078363,Château Maris Vieilles Vignes Organic Minervois,W,true,1462,https://ecom-su-static-prod.wtrecom.com/images/products/3/LN_078363_BP_3.jpg,https://www.waitrose.com/ecom/products/chateau-maris-vieilles-vignes-organic-minervois/078363-39895-39896,Château Maris Vieilles Vignes Organic Minervois,75cl,£11.99,£11.99/75cl,Buyers Choice,"Beer, Wine & Spirits"
077023,Denbies Surrey Gold,W,true,1463,https://ecom-su-static-prod.wtrecom.com/images/products/3/LN_077023_BP_3.jpg,https://www.waitrose.com/ecom/products/denbies-surrey-gold/077023-39155-39156,Denbies Surrey Gold,75cl,£7.99,£7.99/75cl,save £3.00. Was £10.99,"Beer, Wine & Spirits"
076557,Catena Chardonnay,W,false,1464,https://ecom-su-static-prod.wtrecom.com/images/products/3/LN_076557_BP_3.jpg,https://www.waitrose.com/ecom/products/catena-chardonnay/076557-38928-38929,Catena Chardonnay,75cl,£13.99,£13.99/75cl,,"Beer, Wine & Spirits"
075609,Penderyn Madeira Welsh Single Malt,G,false,1465,https://ecom-su-static-prod.wtrecom.com/images/products/3/LN_075609_BP_3.jpg,https://www.waitrose.com/ecom/products/penderyn-madeira-welsh-single-malt/075609-38374-38375,Penderyn Madeira Welsh Single Malt,70cl,£42.00,£60/litre,,"Beer, Wine & Spirits"
073456,Fonseca Porto Organic Terra Prima,W,false,1466,https://ecom-su-static-prod.wtrecom.com/images/products/3/LN_073456_BP_3.jpg,https://www.waitrose.com/ecom/products/fonseca-porto-organic-terra-prima/073456-37272-37273,Fonseca Porto Organic Terra Prima,75cl,£21.99,£21.99/75cl,,"Beer, Wine & Spirits"
069091,Stolichnaya Vodka,G,true,1467,https://ecom-su-static-prod.wtrecom.com/images/products/3/LN_069091_BP_3.jpg,https://www.waitrose.com/ecom/products/stolichnaya-vodka/069091-35049-35050,Stolichnaya Vodka,70cl,£17.00,£24.29/litre,save £6.00. Was £23.00,"Beer, Wine & Spirits"
068507,No.1 Dry Amontillado Sherry,W,false,1468,https://ecom-su-static-prod.wtrecom.com/images/products/3/LN_068507_BP_3.jpg,https://www.waitrose.com/ecom/products/no1-dry-amontillado-sherry/068507-34763-34764,No.1 Dry Amontillado Sherry,75cl,£13.49,£13.49/75cl,,"Beer, Wine & Spirits"
067892,Courvoisier VSOP Cognac,G,true,1469,https://ecom-su-static-prod.wtrecom.com/images/products/3/LN_067892_BP_3.jpg,https://www.waitrose.com/ecom/products/courvoisier-vsop-cognac/067892-34467-34468,Courvoisier VSOP Cognac,70cl,£30.00,£42.86/litre,save £11.00. Was £41.00,"Beer, Wine & Spirits"
064604,Dubonnet Aperitif Wine,W,false,1470,https://ecom-su-static-prod.wtrecom.com/images/products/3/LN_064604_BP_3.jpg,https://www.waitrose.com/ecom/products/dubonnet-aperitif-wine/064604-32786-32787,Dubonnet Aperitif Wine,75cl,£12.00,£12/75cl,,"Beer, Wine & Spirits"
064522,No.1 Dry Oloroso Sherry,W,false,1471,https://ecom-su-static-prod.wtrecom.com/images/products/3/LN_064522_BP_3.jpg,https://www.waitrose.com/ecom/products/no1-dry-oloroso-sherry/064522-32754-32755,No.1 Dry Oloroso Sherry,75cl,£13.99,£13.99/75cl,,"Beer, Wine & Spirits"
064438,Blandy's Duke of Clarence Rich Madeira,W,false,1472,https://ecom-su-static-prod.wtrecom.com/images/products/3/LN_064438_BP_3.jpg,https://www.waitrose.com/ecom/products/blandys-duke-of-clarence-rich-madeira/064438-32704-32705,Blandy's Duke of Clarence Rich Madeira,75cl,£14.99,£14.99/75cl,,"Beer, Wine & Spirits"
064418,Warre's Late Bottled Vintage Port,W,false,1473,https://ecom-su-static-prod.wtrecom.com/images/products/3/LN_064418_BP_3.jpg,https://www.waitrose.com/ecom/products/warres-late-bottled-vintage-port/064418-32694-32695,Warre's Late Bottled Vintage Port,75cl,£27.99,£27.99/75cl,,"Beer, Wine & Spirits"
064390,Maker's Mark Kentucky Straight Bourbon,G,false,1474,https://ecom-su-static-prod.wtrecom.com/images/products/3/LN_064390_BP_3.jpg,https://www.waitrose.com/ecom/products/makers-mark-kentucky-straight-bourbon/064390-32673-32674,Maker's Mark Kentucky Straight Bourbon,70cl,£35.00,£50/litre,,"Beer, Wine & Spirits"
064030,Hidalgo La Gitana Manzanilla,W,false,1475,https://ecom-su-static-prod.wtrecom.com/images/products/3/LN_064030_BP_3.jpg,https://www.waitrose.com/ecom/products/hidalgo-la-gitana-manzanilla/064030-32507-32508,Hidalgo La Gitana Manzanilla,75cl,£14.99,£14.99/75cl,,"Beer, Wine & Spirits"
063306,Lamb's Navy Dark Rum,G,false,1476,https://ecom-su-static-prod.wtrecom.com/images/products/3/LN_063306_BP_3.jpg,https://www.waitrose.com/ecom/products/lambs-navy-dark-rum/063306-32161-32162,Lamb's Navy Dark Rum,700ml,£19.00,£27.15/litre,,"Beer, Wine & Spirits"
063146,Amarula Cream Liqueur,G,true,1477,https://ecom-su-static-prod.wtrecom.com/images/products/3/LN_063146_BP_3.jpg,https://www.waitrose.com/ecom/products/amarula-cream-liqueur/063146-32079-32080,Amarula Cream Liqueur,700ml,£11.50,£16.43/litre,save £3.00. Was £14.50,"Beer, Wine & Spirits"
063109,Courvoisier Cognac VS,G,false,1478,https://ecom-su-static-prod.wtrecom.com/images/products/3/LN_063109_BP_3.jpg,https://www.waitrose.com/ecom/products/courvoisier-cognac-vs/063109-32057-32058,Courvoisier Cognac VS,70cl,£35.50,£50.72/litre,,"Beer, Wine & Spirits"
063043,Tia Maria,G,false,1479,https://ecom-su-static-prod.wtrecom.com/images/products/3/LN_063043_BP_3.jpg,https://www.waitrose.com/ecom/products/tia-maria/063043-32021-32022,Tia Maria,70cl,£16.50,£23.58/litre,,"Beer, Wine & Spirits"
063037,Kirsch,G,true,1480,https://ecom-su-static-prod.wtrecom.com/images/products/3/LN_063037_BP_3.jpg,https://www.waitrose.com/ecom/products/kirsch/063037-32017-32018,Kirsch,20cl,£5.50,£27.50/litre,Reduced to Clear. Was £9.50,"Beer, Wine & Spirits"
063027,Southern Comfort,G,false,1481,https://ecom-su-static-prod.wtrecom.com/images/products/3/LN_063027_BP_3.jpg,https://www.waitrose.com/ecom/products/southern-comfort/063027-32009-32010,Southern Comfort,70cl,£25.00,£35.72/litre,,"Beer, Wine & Spirits"
063024,Pernod Aniseed Liqueur,G,false,1482,https://ecom-su-static-prod.wtrecom.com/images/products/3/LN_063024_BP_3.jpg,https://www.waitrose.com/ecom/products/pernod-aniseed-liqueur/063024-32005-32006,Pernod Aniseed Liqueur,70cl,£22.50,£32.15/litre,,"Beer, Wine & Spirits"
063021,Angostura Bitters,G,false,1483,https://ecom-su-static-prod.wtrecom.com/images/products/3/LN_063021_BP_3.jpg,https://www.waitrose.com/ecom/products/angostura-bitters/063021-32001-32002,Angostura Bitters,200ml,£11.50,£57.50/litre,,"Beer, Wine & Spirits"
062411,Waitrose Vodka,G,false,1484,https://ecom-su-static-prod.wtrecom.com/images/products/3/LN_062411_BP_3.jpg,https://www.waitrose.com/ecom/products/waitrose-vodka/062411-31695-31696,Waitrose Vodka,35cl,£7.50,£21.43/litre,,"Beer, Wine & Spirits"
062244,Beefeater Gin,G,true,1485,https://ecom-su-static-prod.wtrecom.com/images/products/3/LN_062244_BP_3.jpg,https://www.waitrose.com/ecom/products/beefeater-gin/062244-31587-31588,Beefeater Gin,70cl,£16.00,£22.86/litre,save £4.00. Was £20.00,"Beer, Wine & Spirits"
062203,Waitrose London Dry Gin,G,false,1486,https://ecom-su-static-prod.wtrecom.com/images/products/3/LN_062203_BP_3.jpg,https://www.waitrose.com/ecom/products/waitrose-london-dry-gin/062203-31543-31544,Waitrose London Dry Gin,35cl,£7.50,£21.43/litre,,"Beer, Wine & Spirits"
062106,Jameson Triple Distilled Blended Irish Whiskey,G,true,1487,https://ecom-su-static-prod.wtrecom.com/images/products/3/LN_062106_BP_3.jpg,https://www.waitrose.com/ecom/products/jameson-triple-distilled-blended-irish-whiskey/062106-31473-31474,Jameson Triple Distilled Blended Irish Whiskey,700ml,£20.00,£28.58/litre,save £6.50. Was £26.50,"Beer, Wine & Spirits"
062010,The Famous Grouse Finest Blended Scotch Whisky,G,false,1488,https://ecom-su-static-prod.wtrecom.com/images/products/3/LN_062010_BP_3.jpg,https://www.waitrose.com/ecom/products/the-famous-grouse-finest-blended-scotch-whisky/062010-31413-31414,The Famous Grouse Finest Blended Scotch Whisky,35cl,£11.75,£33.58/litre,,"Beer, Wine & Spirits"
061533,"Clos De Los Siete Michel Rolland Mendoza, Argentina",W,false,1489,https://ecom-su-static-prod.wtrecom.com/images/products/3/LN_061533_BP_3.jpg,https://www.waitrose.com/ecom/products/clos-de-los-siete-michel-rolland-mendoza-argentina/061533-31180-31181,"Clos De Los Siete Michel Rolland Mendoza, Argentina",75cl,£18.99,£18.99/75cl,,"Beer, Wine & Spirits"
059606,Domaine Masson-Blondelet Blondelet Pouilly-Fumé,W,false,1490,https://ecom-su-static-prod.wtrecom.com/images/products/3/LN_059606_BP_3.jpg,https://www.waitrose.com/ecom/products/domaine-masson-blondelet-blondelet-pouilly-fume/059606-30058-30059,Domaine Masson-Blondelet Blondelet Pouilly-Fumé,75cl,£16.99,£16.99/75cl,,"Beer, Wine & Spirits"
058622,Domaine Font De Michelle Châteauneuf-Du-Pape,W,false,1491,https://ecom-su-static-prod.wtrecom.com/images/products/3/LN_058622_BP_3.jpg,https://www.waitrose.com/ecom/products/domaine-font-de-michelle-chateauneuf-du-pape/058622-29487-29488,Domaine Font De Michelle Châteauneuf-Du-Pape,75cl,£29.99,£29.99/75cl,,"Beer, Wine & Spirits"
057287,Château Liot Sauternes,W,false,1492,https://ecom-su-static-prod.wtrecom.com/images/products/3/LN_057287_BP_3.jpg,https://www.waitrose.com/ecom/products/chateau-liot-sauternes/057287-28827-28828,Château Liot Sauternes,37.5cl,£14.99,£29.98/75cl,,"Beer, Wine & Spirits"
057122,Finca Flichman Reserve Malbec,W,true,1493,https://ecom-su-static-prod.wtrecom.com/images/products/3/LN_057122_BP_3.jpg,https://www.waitrose.com/ecom/products/finca-flichman-reserve-malbec/057122-28723-28724,Finca Flichman Reserve Malbec,75cl,£8.99,£8.99/75cl,save £2.00. Was £10.99,"Beer, Wine & Spirits"
054031,Oakham Ales JHB,G,false,1494,https://ecom-su-static-prod.wtrecom.com/images/products/3/LN_054031_BP_3.jpg,https://www.waitrose.com/ecom/products/oakham-ales-jhb/054031-27095-27096,Oakham Ales JHB,500ml,£2.25,£4.50/litre,,"Beer, Wine & Spirits"
053792,Lagavulin 16 Years Old Single Malt Scotch Whisky,G,false,1495,https://ecom-su-static-prod.wtrecom.com/images/products/3/LN_053792_BP_3.jpg,https://www.waitrose.com/ecom/products/lagavulin-16-years-old-single-malt-scotch-whisky/053792-26970-26971,Lagavulin 16 Years Old Single Malt Scotch Whisky,70cl,£80.00,£114.29/litre,,"Beer, Wine & Spirits"
053777,Bolney Wine Estate Dark Harvest,W,false,1496,https://ecom-su-static-prod.wtrecom.com/images/products/3/LN_053777_BP_3.jpg,https://www.waitrose.com/ecom/products/bolney-wine-estate-dark-harvest/053777-26964-26965,Bolney Wine Estate Dark Harvest,75cl,£14.49,£14.49/75cl,,"Beer, Wine & Spirits"
052978,Waitrose Reserve Claret,W,false,1497,https://ecom-su-static-prod.wtrecom.com/images/products/3/LN_052978_BP_3.jpg,https://www.waitrose.com/ecom/products/waitrose-reserve-claret/052978-26436-26437,Waitrose Reserve Claret,75cl,£6.99,£6.99/75cl,,"Beer, Wine & Spirits"
042533,Chivas Regal 12 Year Old Blended Scotch Whisky,G,false,1498,https://ecom-su-static-prod.wtrecom.com/images/products/3/LN_042533_BP_3.jpg,https://www.waitrose.com/ecom/products/chivas-regal-12-year-old-blended-scotch-whisky/042533-21050-21051,Chivas Regal 12 Year Old Blended Scotch Whisky,70cl,£33.50,£47.86/litre,,"Beer, Wine & Spirits"
038102,The Chocolate Block,W,false,1499,https://ecom-su-static-prod.wtrecom.com/images/products/3/LN_038102_BP_3.jpg,https://www.waitrose.com/ecom/products/the-chocolate-block/038102-19022-19023,The Chocolate Block,75cl,£23.99,£23.99/75cl,,"Beer, Wine & Spirits"
037718,Springfield Sauvignon Blanc,W,false,1500,https://ecom-su-static-prod.wtrecom.com/images/products/3/LN_037718_BP_3.jpg,https://www.waitrose.com/ecom/products/springfield-sauvignon-blanc/037718-18831-18832,Springfield Sauvignon Blanc,75cl,£14.99,£14.99/75cl,,"Beer, Wine & Spirits"
034013,Glenfiddich 12 Year Old Single Malt Whisky,G,false,1501,https://ecom-su-static-prod.wtrecom.com/images/products/3/LN_034013_BP_3.jpg,https://www.waitrose.com/ecom/products/glenfiddich-12-year-old-single-malt-whisky/034013-17029-17030,Glenfiddich 12 Year Old Single Malt Whisky,35cl,£22.00,£62.86/litre,,"Beer, Wine & Spirits"
032300,Courvoisier VS Cognac Jarnac,G,false,1502,https://ecom-su-static-prod.wtrecom.com/images/products/3/LN_032300_BP_3.jpg,https://www.waitrose.com/ecom/products/courvoisier-vs-cognac-jarnac/032300-15761-15762,Courvoisier VS Cognac Jarnac,35cl,£19.00,£54.29/litre,,"Beer, Wine & Spirits"
032229,"Domaine de la Croix de Chaintres, Saumur Champigny, France",W,false,1503,https://ecom-su-static-prod.wtrecom.com/images/products/3/LN_032229_BP_3.jpg,https://www.waitrose.com/ecom/products/domaine-de-la-croix-de-chaintres-saumur-champigny-france/032229-15721-15722,"Domaine de la Croix de Chaintres, Saumur Champigny, France",75cl,£13.99,£13.99/75cl,,"Beer, Wine & Spirits"
031991,Havana Club Añejo Especial Golden Rum,G,true,1504,https://ecom-su-static-prod.wtrecom.com/images/products/3/LN_031991_BP_3.jpg,https://www.waitrose.com/ecom/products/havana-club-anejo-especial-golden-rum/031991-15607-15608,Havana Club Añejo Especial Golden Rum,70cl,£19.00,£27.15/litre,save £6.00. Was £25.00,"Beer, Wine & Spirits"
031551,Jackson Estate Sauvignon Blanc,W,true,1505,https://ecom-su-static-prod.wtrecom.com/images/products/3/LN_031551_BP_3.jpg,https://www.waitrose.com/ecom/products/jackson-estate-sauvignon-blanc/031551-15371-15372,Jackson Estate Sauvignon Blanc,75cl,£11.99,£11.99/75cl,save £3.00. Was £14.99,"Beer, Wine & Spirits"
031526,Newcastle Brown Ale Bottle Large,G,false,1506,https://ecom-su-static-prod.wtrecom.com/images/products/3/LN_031526_BP_3.jpg,https://www.waitrose.com/ecom/products/newcastle-brown-ale-bottle-large/031526-15355-15356,Newcastle Brown Ale Bottle Large,550ml,£2.35,£4.28/litre,,"Beer, Wine & Spirits"
031120,Chateau St Jean De Graves,W,false,1507,https://ecom-su-static-prod.wtrecom.com/images/products/3/LN_031120_BP_3.jpg,https://www.waitrose.com/ecom/products/chateau-st-jean-de-graves/031120-15187-15188,Chateau St Jean De Graves,75cl,£10.99,£10.99/75cl,,"Beer, Wine & Spirits"
030827,Lustau East India Solera Sherry,W,false,1508,https://ecom-su-static-prod.wtrecom.com/images/products/3/LN_030827_BP_3.jpg,https://www.waitrose.com/ecom/products/lustau-east-india-solera-sherry/030827-15045-15046,Lustau East India Solera Sherry,50cl,£12.99,£19.49/75cl,,"Beer, Wine & Spirits"
027552,"Colomé Malbec Calchaquí Valley Salta, Argentina",W,false,1509,https://ecom-su-static-prod.wtrecom.com/images/products/3/LN_027552_BP_3.jpg,https://www.waitrose.com/ecom/products/colome-malbec-calchaqui-valley-salta-argentina/027552-13411-13412,"Colomé Malbec Calchaquí Valley Salta, Argentina",75cl,£18.99,£18.99/75cl,,"Beer, Wine & Spirits"
027548,"Muga Selección Especial Reserva Rioja, Spain",W,true,1510,https://ecom-su-static-prod.wtrecom.com/images/products/3/LN_027548_BP_3.jpg,https://www.waitrose.com/ecom/products/muga-seleccion-especial-reserva-rioja-spain/027548-13407-13408,"Muga Selección Especial Reserva Rioja, Spain",75cl,£27.99,£27.99/75cl,Buyers Choice,"Beer, Wine & Spirits"
026716,Zubrowka Bison Grass Vodka,G,false,1511,https://ecom-su-static-prod.wtrecom.com/images/products/3/LN_026716_BP_3.jpg,https://www.waitrose.com/ecom/products/zubrowka-bison-grass-vodka/026716-13007-13008,Zubrowka Bison Grass Vodka,70cl,£23.00,£32.86/litre,,"Beer, Wine & Spirits"
026492,"Contino Reserva Rioja, Spain",W,false,1512,https://ecom-su-static-prod.wtrecom.com/images/products/3/LN_026492_BP_3.jpg,https://www.waitrose.com/ecom/products/contino-reserva-rioja-spain/026492-12892-12893,"Contino Reserva Rioja, Spain",75cl,£25.99,£25.99/75cl,,"Beer, Wine & Spirits"
025527,"Denbies Flint Valley Surrey, England",W,false,1513,https://ecom-su-static-prod.wtrecom.com/images/products/3/LN_025527_BP_3.jpg,https://www.waitrose.com/ecom/products/denbies-flint-valley-surrey-england/025527-12444-12445,"Denbies Flint Valley Surrey, England",75cl,£10.99,£10.99/75cl,,"Beer, Wine & Spirits"
024001,No.1 Torre Del Oro Palo Cortado,W,false,1514,https://ecom-su-static-prod.wtrecom.com/images/products/3/LN_024001_BP_3.jpg,https://www.waitrose.com/ecom/products/no1-torre-del-oro-palo-cortado/024001-11632-11633,No.1 Torre Del Oro Palo Cortado,75cl,£13.99,£13.99/75cl,,"Beer, Wine & Spirits"
023993,"Montgras De Vina Reserva Carmenère Colchagua Valley, Chile",W,true,1515,https://ecom-su-static-prod.wtrecom.com/images/products/3/LN_023993_BP_3.jpg,https://www.waitrose.com/ecom/products/montgras-de-vina-reserva-carmenere-colchagua-valley-chile/023993-11630-11631,"Montgras De Vina Reserva Carmenère Colchagua Valley, Chile",75cl,£8.49,£8.49/75cl,save £1.00. Was £9.49,"Beer, Wine & Spirits"
023374,"Les Nivières Saumur Loire, France",W,true,1516,https://ecom-su-static-prod.wtrecom.com/images/products/3/LN_023374_BP_3.jpg,https://www.waitrose.com/ecom/products/les-nivieres-saumur-loire-france/023374-11353-11354,"Les Nivières Saumur Loire, France",75cl,£8.99,£8.99/75cl,save £2.00. Was £10.99,"Beer, Wine & Spirits"
022288,No.1 Armagnac VSOP,G,false,1517,https://ecom-su-static-prod.wtrecom.com/images/products/3/LN_022288_BP_3.jpg,https://www.waitrose.com/ecom/products/no1-armagnac-vsop/022288-10870-10871,No.1 Armagnac VSOP,70cl,£27.50,£39.29/litre,,"Beer, Wine & Spirits"
020817,"Royal Tokaji Blue Label Aszú 5 Puttonyos Tokaji, Hungary",W,false,1518,https://ecom-su-static-prod.wtrecom.com/images/products/3/LN_020817_BP_3.jpg,https://www.waitrose.com/ecom/products/royal-tokaji-blue-label-aszu-5-puttonyos-tokaji-hungary/020817-10129-10130,"Royal Tokaji Blue Label Aszú 5 Puttonyos Tokaji, Hungary",25cl,£14.99,£44.98/75cl,,"Beer, Wine & Spirits"
020278,Sailor Jerry Spiced Rum,G,true,1519,https://ecom-su-static-prod.wtrecom.com/images/products/3/LN_020278_BP_3.jpg,https://www.waitrose.com/ecom/products/sailor-jerry-spiced-rum/020278-9861-9862,Sailor Jerry Spiced Rum,70cl,£16.50,£23.58/litre,save £5.50. Was £22.00,"Beer, Wine & Spirits"
019745,"Les Andides Saumur Loire, France",W,false,1520,https://ecom-su-static-prod.wtrecom.com/images/products/3/LN_019745_BP_3.jpg,https://www.waitrose.com/ecom/products/les-andides-saumur-loire-france/019745-9617-9618,"Les Andides Saumur Loire, France",75cl,£10.99,£10.99/75cl,,"Beer, Wine & Spirits"
018372,Dolin Chambery Vermouth,W,false,1521,https://ecom-su-static-prod.wtrecom.com/images/products/3/LN_018372_BP_3.jpg,https://www.waitrose.com/ecom/products/dolin-chambery-vermouth/018372-8900-8901,Dolin Chambery Vermouth,75cl,£12.00,£12/75cl,,"Beer, Wine & Spirits"
017830,Louis Roederer Cristal Vintage Champagne,W,false,1522,https://ecom-su-static-prod.wtrecom.com/images/products/3/LN_017830_BP_3.jpg,https://www.waitrose.com/ecom/products/louis-roederer-cristal-vintage-champagne/017830-8640-8641,Louis Roederer Cristal Vintage Champagne,75cl,£299.99,£299.99/75cl,,"Beer, Wine & Spirits"
016467,Bollinger La Grande Annee 2014,W,false,1523,https://ecom-su-static-prod.wtrecom.com/images/products/3/LN_016467_BP_3.jpg,https://www.waitrose.com/ecom/products/bollinger-la-grande-annee-2014/016467-7898-7899,Bollinger La Grande Annee 2014,75cl,£139.99,£139.99/75cl,,"Beer, Wine & Spirits"
015875,"Champteloup Sauvignon Blanc, Touraine Loire, France",W,false,1524,https://ecom-su-static-prod.wtrecom.com/images/products/3/LN_015875_BP_3.jpg,https://www.waitrose.com/ecom/products/champteloup-sauvignon-blanc-touraine-loire-france/015875-7593-7594,"Champteloup Sauvignon Blanc, Touraine Loire, France",75cl,£11.99,£11.99/75cl,,"Beer, Wine & Spirits"
013762,"O'Leary Walker Organic Riesling Clare Valley, Australia",W,true,1525,https://ecom-su-static-prod.wtrecom.com/images/products/3/LN_013762_BP_3.jpg,https://www.waitrose.com/ecom/products/oleary-walker-organic-riesling-clare-valley-australia/013762-6679-6680,"O'Leary Walker Organic Riesling Clare Valley, Australia",75cl,£11.99,£11.99/75cl,save £3.00. Was £14.99,"Beer, Wine & Spirits"
010397,Warre's Quinta Da Cavadinha,W,false,1526,https://ecom-su-static-prod.wtrecom.com/images/products/3/LN_010397_BP_3.jpg,https://www.waitrose.com/ecom/products/warres-quinta-da-cavadinha/010397-5194-5195,Warre's Quinta Da Cavadinha,75cl,£36.99,£36.99/75cl,,"Beer, Wine & Spirits"
008145,Santa Marta Limoncello,G,false,1527,https://ecom-su-static-prod.wtrecom.com/images/products/3/LN_008145_BP_3.jpg,https://www.waitrose.com/ecom/products/santa-marta-limoncello/008145-3872-3873,Santa Marta Limoncello,50cl,£18.00,£36/litre,,"Beer, Wine & Spirits"
006758,"Felsner Moosburgerin Grüner Veltliner Kremstal, Austria",W,true,1528,https://ecom-su-static-prod.wtrecom.com/images/products/3/LN_006758_BP_3.jpg,https://www.waitrose.com/ecom/products/felsner-moosburgerin-gruner-veltliner-kremstal-austria/006758-3019-3020,"Felsner Moosburgerin Grüner Veltliner Kremstal, Austria",75cl,£10.49,£10.49/75cl,25% Off. Was £13.99,"Beer, Wine & Spirits"
005708,"Domaine Naudet Sancerre Loire, France",W,false,1529,https://ecom-su-static-prod.wtrecom.com/images/products/3/LN_005708_BP_3.jpg,https://www.waitrose.com/ecom/products/domaine-naudet-sancerre-loire-france/005708-2476-2477,"Domaine Naudet Sancerre Loire, France",75cl,£20.99,£20.99/75cl,,"Beer, Wine & Spirits"
001539,Chocolate Block Magnum,W,false,1530,https://ecom-su-static-prod.wtrecom.com/images/products/3/LN_001539_BP_3.jpg,https://www.waitrose.com/ecom/products/chocolate-block-magnum/001539-316-317,Chocolate Block Magnum,1.5L,£48.00,£24/75cl,,"Beer, Wine & Spirits"
461832,Bombay Sapphire Gin & Tonic Premix Cocktail,G,true,1531,https://ecom-su-static-prod.wtrecom.com/images/products/3/LN_461832_BP_3.jpg,https://www.waitrose.com/ecom/products/bombay-sapphire-gin-tonic-premix-cocktail/461832-728144-728145,Bombay Sapphire Gin & Tonic Premix Cocktail,250ml,£2.50,£10/litre,Mix & Match Add 4 for 3 Cheapest Item Free,"Beer, Wine & Spirits"
026401,Gordon's London Dry Gin with Tonic Premix Can,G,true,1532,https://ecom-su-static-prod.wtrecom.com/images/products/3/LN_026401_BP_3.jpg,https://www.waitrose.com/ecom/products/gordons-london-dry-gin-with-tonic-premix-can/026401-12847-12848,Gordon's London Dry Gin with Tonic Premix Can,250ml,£2.30,£9.20/litre,Mix & Match Add 4 for 3 Cheapest Item Free,"Beer, Wine & Spirits"
529054,Gordon's Pink Gin & Tonic Premix Can,G,true,1533,https://ecom-su-static-prod.wtrecom.com/images/products/3/LN_529054_BP_3.jpg,https://www.waitrose.com/ecom/products/gordons-pink-gin-tonic-premix-can/529054-674360-674361,Gordon's Pink Gin & Tonic Premix Can,250ml,£2.30,£9.20/litre,Mix & Match Add 4 for 3 Cheapest Item Free,"Beer, Wine & Spirits"
454915,Tanqueray Flor de Sevilla Gin and Tonic Premix Can,G,true,1534,https://ecom-su-static-prod.wtrecom.com/images/products/3/LN_454915_BP_3.jpg,https://www.waitrose.com/ecom/products/tanqueray-flor-de-sevilla-gin-and-tonic-premix-can/454915-755811-755812,Tanqueray Flor de Sevilla Gin and Tonic Premix Can,250ml,£2.50,£10/litre,Mix & Match Add 4 for 3 Cheapest Item Free,"Beer, Wine & Spirits"
829841,Gordon's Special Dry London Gin and Slimline Tonic Can,G,true,1535,https://ecom-su-static-prod.wtrecom.com/images/products/3/LN_829841_BP_3.jpg,https://www.waitrose.com/ecom/products/gordons-special-dry-london-gin-and-slimline-tonic-can/829841-175414-175415,Gordon's Special Dry London Gin and Slimline Tonic Can,250ml,£2.30,£9.20/litre,Mix & Match Add 4 for 3 Cheapest Item Free,"Beer, Wine & Spirits"
536860,Tanqueray Gin & Tonic,G,true,1536,https://ecom-su-static-prod.wtrecom.com/images/products/3/LN_536860_BP_3.jpg,https://www.waitrose.com/ecom/products/tanqueray-gin-tonic/536860-755887-755888,Tanqueray Gin & Tonic,250ml,£2.50,£10/litre,Mix & Match Add 4 for 3 Cheapest Item Free,"Beer, Wine & Spirits"
692804,Gordon's Alcohol Free & Tonic With a Hint of Lime 250ml Premix Cans 4PK,G,false,1537,https://ecom-su-static-prod.wtrecom.com/images/products/3/LN_692804_BP_3.jpg,https://www.waitrose.com/ecom/products/gordons-alcohol-free-tonic-with-a-hint-of-lime-250ml-premix-cans-4pk/692804-756019-756020,Gordon's Alcohol Free & Tonic With a Hint of Lime 250ml Premix Cans 4PK,4x250ml,£5.50,£5.50/litre,,"Beer, Wine & Spirits"
867570,Gordon's & Tonic 0.0%,G,false,1538,https://ecom-su-static-prod.wtrecom.com/images/products/3/LN_867570_BP_3.jpg,https://www.waitrose.com/ecom/products/gordons-tonic-00/867570-805729-805730,Gordon's & Tonic 0.0%,250ml,£2.00,£8/litre,,"Beer, Wine & Spirits"
058375,Bottlegreen Cordial Elderflower,G,false,1539,https://ecom-su-static-prod.wtrecom.com/images/products/3/LN_058375_BP_3.jpg,https://www.waitrose.com/ecom/products/bottlegreen-cordial-elderflower/058375-29357-29358,Bottlegreen Cordial Elderflower,500ml,£4.45,89p/100ml,,"Beer, Wine & Spirits"
058425,San Pellegrino Sparkling Natural Mineral Water Glass,G,false,1540,https://ecom-su-static-prod.wtrecom.com/images/products/3/LN_058425_BP_3.jpg,https://www.waitrose.com/ecom/products/san-pellegrino-sparkling-natural-mineral-water-glass/058425-29383-29384,San Pellegrino Sparkling Natural Mineral Water Glass,750ml,£1.85,24.7p/100ml,,"Beer, Wine & Spirits"
566713,Pepsi Max No Sugar Cola Bottle,G,true,1541,https://ecom-su-static-prod.wtrecom.com/images/products/3/LN_566713_BP_3.jpg,https://www.waitrose.com/ecom/products/pepsi-max-no-sugar-cola-bottle/566713-80291-80292,Pepsi Max No Sugar Cola Bottle,2litre,£2.35,11.8p/100ml,Add 2 for £3.50,"Beer, Wine & Spirits"
058906,R.White's Lemonade Bottle,G,true,1542,https://ecom-su-static-prod.wtrecom.com/images/products/3/LN_058906_BP_3.jpg,https://www.waitrose.com/ecom/products/rwhites-lemonade-bottle/058906-29644-29645,R.White's Lemonade Bottle,2litre,£1.40,7p/100ml,Add 2 for £2.50,"Beer, Wine & Spirits"
058379,Waitrose Elderflower Cordial,G,false,1543,https://ecom-su-static-prod.wtrecom.com/images/products/3/LN_058379_BP_3.jpg,https://www.waitrose.com/ecom/products/waitrose-elderflower-cordial/058379-29361-29362,Waitrose Elderflower Cordial,500ml,£2.95,59p/100ml,,"Beer, Wine & Spirits"
058786,Coca-Cola Original Taste Can,G,true,1544,https://ecom-su-static-prod.wtrecom.com/images/products/3/LN_058786_BP_3.jpg,https://www.waitrose.com/ecom/products/coca-cola-original-taste-can/058786-29586-29587,Coca-Cola Original Taste Can,12x150ml,£6.25,34.7p/100ml,Add 2 for £9,"Beer, Wine & Spirits"
058901,Waitrose Lemonade with Lemon Juice,G,false,1545,https://ecom-su-static-prod.wtrecom.com/images/products/3/LN_058901_BP_3.jpg,https://www.waitrose.com/ecom/products/waitrose-lemonade-with-lemon-juice/058901-29636-29637,Waitrose Lemonade with Lemon Juice,1litre,70p,7p/100ml,,"Beer, Wine & Spirits"
750690,Schweppes Original Lemonade Can,G,true,1546,https://ecom-su-static-prod.wtrecom.com/images/products/3/LN_750690_BP_3.jpg,https://www.waitrose.com/ecom/products/schweppes-original-lemonade-can/750690-106778-106779,Schweppes Original Lemonade Can,12x150ml,£5.75,31.9p/100ml,Add 2 for £8,"Beer, Wine & Spirits"
058787,Diet Coke Can,G,true,1547,https://ecom-su-static-prod.wtrecom.com/images/products/3/LN_058787_BP_3.jpg,https://www.waitrose.com/ecom/products/diet-coke-can/058787-29588-29589,Diet Coke Can,12x150ml,£5.75,31.9p/100ml,Add 2 for £8,"Beer, Wine & Spirits"
835534,Fever-Tree Refreshingly Light Ginger Ale,G,true,1548,https://ecom-su-static-prod.wtrecom.com/images/products/3/LN_835534_BP_3.jpg,https://www.waitrose.com/ecom/products/fever-tree-refreshingly-light-ginger-ale/835534-690580-690581,Fever-Tree Refreshingly Light Ginger Ale,8x150ml,£5.00,41.7p/100ml,Add 2 for £8,"Beer, Wine & Spirits"
077391,R.White's Diet Lemonade Bottle,G,true,1549,https://ecom-su-static-prod.wtrecom.com/images/products/3/LN_077391_BP_3.jpg,https://www.waitrose.com/ecom/products/rwhites-diet-lemonade-bottle/077391-39346-39347,R.White's Diet Lemonade Bottle,2litre,£1.40,7p/100ml,Add 2 for £2.50,"Beer, Wine & Spirits"
084935,Schweppes Canada Dry Ginger Ale Bottle,G,false,1550,https://ecom-su-static-prod.wtrecom.com/images/products/3/LN_084935_BP_3.jpg,https://www.waitrose.com/ecom/products/schweppes-canada-dry-ginger-ale-bottle/084935-43067-43068,Schweppes Canada Dry Ginger Ale Bottle,1litre,£1.80,18p/100ml,,"Beer, Wine & Spirits"
849951,Coca-Cola Zero Sugar Bottle,G,false,1551,https://ecom-su-static-prod.wtrecom.com/images/products/3/LN_849951_BP_3.jpg,https://www.waitrose.com/ecom/products/coca-cola-zero-sugar-bottle/849951-653881-653882,Coca-Cola Zero Sugar Bottle,4x250ml,£4.20,42p/100ml,,"Beer, Wine & Spirits"
081904,Big Tom Spiced Tomato Juice,G,false,1552,https://ecom-su-static-prod.wtrecom.com/images/products/3/LN_081904_BP_3.jpg,https://www.waitrose.com/ecom/products/big-tom-spiced-tomato-juice/081904-41643-41644,Big Tom Spiced Tomato Juice,750ml,£3.15,42p/100ml,,"Beer, Wine & Spirits"
042402,Schweppes Canada Dry Ginger Ale Can,G,true,1553,https://ecom-su-static-prod.wtrecom.com/images/products/3/LN_042402_BP_3.jpg,https://www.waitrose.com/ecom/products/schweppes-canada-dry-ginger-ale-can/042402-20984-20985,Schweppes Canada Dry Ginger Ale Can,12x150ml,£5.75,31.9p/100ml,Add 2 for £8,"Beer, Wine & Spirits"
793013,Diet Coke Bottle,G,false,1554,https://ecom-su-static-prod.wtrecom.com/images/products/3/LN_793013_BP_3.jpg,https://www.waitrose.com/ecom/products/diet-coke-bottle/793013-663060-663061,Diet Coke Bottle,4x250ml,£4.20,42p/100ml,,"Beer, Wine & Spirits"
051603,Belvoir Ginger Cordial,G,true,1555,https://ecom-su-static-prod.wtrecom.com/images/products/3/LN_051603_BP_3.jpg,https://www.waitrose.com/ecom/products/belvoir-ginger-cordial/051603-25670-25671,Belvoir Ginger Cordial,500ml,£3.25,65p/100ml,save 95p. Was £4.20,"Beer, Wine & Spirits"
744747,Fever-Tree Light Rhubarb & Raspberry,G,false,1556,https://ecom-su-static-prod.wtrecom.com/images/products/3/LN_744747_BP_3.jpg,https://www.waitrose.com/ecom/products/fever-tree-light-rhubarb-raspberry/744747-741324-741325,Fever-Tree Light Rhubarb & Raspberry,500ml,£2.10,42p/100ml,,"Beer, Wine & Spirits"
449893,Coca-Cola Original Taste Bottle,G,true,1557,https://ecom-su-static-prod.wtrecom.com/images/products/3/LN_449893_BP_3.jpg,https://www.waitrose.com/ecom/products/coca-cola-original-taste-bottle/449893-721845-721846,Coca-Cola Original Taste Bottle,4x250ml,£3.00,30p/100ml,save £1.50. Was £4.50,"Beer, Wine & Spirits"
733153,Fever-Tree Light Sicilian Lemonade,G,false,1558,https://ecom-su-static-prod.wtrecom.com/images/products/3/LN_733153_BP_3.jpg,https://www.waitrose.com/ecom/products/fever-tree-light-sicilian-lemonade/733153-104175-104176,Fever-Tree Light Sicilian Lemonade,500ml,£2.10,42p/100ml,,"Beer, Wine & Spirits"
701531,Schweppes Lemonade Can,G,true,1559,https://ecom-su-static-prod.wtrecom.com/images/products/3/LN_701531_BP_3.jpg,https://www.waitrose.com/ecom/products/schweppes-lemonade-can/701531-99566-99567,Schweppes Lemonade Can,6x330ml,£2.50,12.6p/100ml,save £1.50. Was £4.00,"Beer, Wine & Spirits"
058056,Essential Sugar Free Ginger Ale,G,false,1560,https://ecom-su-static-prod.wtrecom.com/images/products/3/LN_058056_BP_3.jpg,https://www.waitrose.com/ecom/products/essential-sugar-free-ginger-ale/058056-29150-29151,Essential Sugar Free Ginger Ale,1litre,85p,8.5p/100ml,,"Beer, Wine & Spirits"
036716,Belvoir Elderflower Cordial,G,true,1561,https://ecom-su-static-prod.wtrecom.com/images/products/3/LN_036716_BP_3.jpg,https://www.waitrose.com/ecom/products/belvoir-elderflower-cordial/036716-18394-18395,Belvoir Elderflower Cordial,500ml,£3.25,65p/100ml,save 95p. Was £4.20,"Beer, Wine & Spirits"
037944,Schweppes Slimline Canada Dry Ginger Ale Bottle,G,false,1562,https://ecom-su-static-prod.wtrecom.com/images/products/3/LN_037944_BP_3.jpg,https://www.waitrose.com/ecom/products/schweppes-slimline-canada-dry-ginger-ale-bottle/037944-18947-18948,Schweppes Slimline Canada Dry Ginger Ale Bottle,1litre,£1.80,18p/100ml,,"Beer, Wine & Spirits"
465575,Fever-Tree Refreshingly Light Ginger Ale,G,false,1563,https://ecom-su-static-prod.wtrecom.com/images/products/3/LN_465575_BP_3.jpg,https://www.waitrose.com/ecom/products/fever-tree-refreshingly-light-ginger-ale/465575-65613-65614,Fever-Tree Refreshingly Light Ginger Ale,500ml,£2.10,42p/100ml,,"Beer, Wine & Spirits"
561168,Schweppes Slimline Lemonade Can,G,true,1564,https://ecom-su-static-prod.wtrecom.com/images/products/3/LN_561168_BP_3.jpg,https://www.waitrose.com/ecom/products/schweppes-slimline-lemonade-can/561168-79474-79475,Schweppes Slimline Lemonade Can,6x330ml,£2.50,12.6p/100ml,save £1.50. Was £4.00,"Beer, Wine & Spirits"
586516,Fever-Tree Refreshingly Light Madagascan Cola,G,false,1565,https://ecom-su-static-prod.wtrecom.com/images/products/3/LN_586516_BP_3.jpg,https://www.waitrose.com/ecom/products/fever-tree-refreshingly-light-madagascan-cola/586516-600680-600681,Fever-Tree Refreshingly Light Madagascan Cola,500ml,£2.10,42p/100ml,,"Beer, Wine & Spirits"
058055,Essential Sugar Free Bitter Lemon,G,false,1566,https://ecom-su-static-prod.wtrecom.com/images/products/3/LN_058055_BP_3.jpg,https://www.waitrose.com/ecom/products/essential-sugar-free-bitter-lemon/058055-29148-29149,Essential Sugar Free Bitter Lemon,1litre,85p,8.5p/100ml,,"Beer, Wine & Spirits"
858527,REAL Dry Dragon Sparkling Tea Buckinghamshire,G,false,1567,https://ecom-su-static-prod.wtrecom.com/images/products/3/LN_858527_BP_3.jpg,https://www.waitrose.com/ecom/products/real-dry-dragon-sparkling-tea-buckinghamshire/858527-793632-793633,REAL Dry Dragon Sparkling Tea Buckinghamshire,750ml,£9.50,£12.67/litre,,"Beer, Wine & Spirits"
754057,Fever-Tree Spiced Orange Ginger Ale,G,false,1568,https://ecom-su-static-prod.wtrecom.com/images/products/3/LN_754057_BP_3.jpg,https://www.waitrose.com/ecom/products/fever-tree-spiced-orange-ginger-ale/754057-704307-704308,Fever-Tree Spiced Orange Ginger Ale,500ml,£2.10,42p/100ml,,"Beer, Wine & Spirits"
512364,Belvoir Non-Alcoholic Passionfruit Martini,G,true,1569,https://ecom-su-static-prod.wtrecom.com/images/products/3/LN_512364_BP_3.jpg,https://www.waitrose.com/ecom/products/belvoir-non-alcoholic-passionfruit-martini/512364-791831-791832,Belvoir Non-Alcoholic Passionfruit Martini,750ml,£2.50,33.3p/100ml,save 90p. Was £3.40,"Beer, Wine & Spirits"
459486,The Ice Co° Premium Ice Cubes,G,false,1570,https://ecom-su-static-prod.wtrecom.com/images/products/3/LN_459486_BP_3.jpg,https://www.waitrose.com/ecom/products/the-ice-co-premium-ice-cubes/459486-771123-771124,The Ice Co° Premium Ice Cubes,2Kg,£1.45,72.5p/kg,,"Beer, Wine & Spirits"
673844,The Ice Co° The Super Cube,G,false,1571,https://ecom-su-static-prod.wtrecom.com/images/products/3/LN_673844_BP_3.jpg,https://www.waitrose.com/ecom/products/the-ice-co-the-super-cube/673844-502803-502804,The Ice Co° The Super Cube,1Kg,£1.30,£1.30/kg,,"Beer, Wine & Spirits"
545008,The Ice Co Ice Crush,G,false,1572,https://ecom-su-static-prod.wtrecom.com/images/products/3/LN_545008_BP_3.jpg,https://www.waitrose.com/ecom/products/the-ice-co-ice-crush/545008-143704-143705,The Ice Co Ice Crush,2Kg,£1.30,65p/kg,,"Beer, Wine & Spirits"
894327,Vault City Peach Ice Tea,G,true,1573,https://ecom-su-static-prod.wtrecom.com/images/products/3/LN_894327_BP_3.jpg,https://www.waitrose.com/ecom/products/vault-city-peach-ice-tea/894327-826216-826217,Vault City Peach Ice Tea,440ml,£2.50,£5.69/litre,Mix & Match Add 5 for 4 Cheapest Item Free,"Beer, Wine & Spirits"
671529,John Lewis Set of 2 Ice Cube Trays,G,false,1574,https://ecom-su-static-prod.wtrecom.com/images/products/3/LN_671529_BP_3.jpg,https://www.waitrose.com/ecom/products/john-lewis-set-of-2-ice-cube-trays/671529-612096-612097,John Lewis Set of 2 Ice Cube Trays,2s,£3.00,£1.50 each,,"Beer, Wine & Spirits"
477489,Ice Breaker Pale Ale,G,false,1575,https://ecom-su-static-prod.wtrecom.com/images/products/3/LN_477489_BP_3.jpg,https://www.waitrose.com/ecom/products/ice-breaker-pale-ale/477489-791039-791040,Ice Breaker Pale Ale,4x440ml,£6.50,£3.70/litre,,"Beer, Wine & Spirits"
058259,Schweppes Slimline Tonic Water Bottle,G,false,1576,https://ecom-su-static-prod.wtrecom.com/images/products/3/LN_058259_BP_3.jpg,https://www.waitrose.com/ecom/products/schweppes-slimline-tonic-water-bottle/058259-29271-29272,Schweppes Slimline Tonic Water Bottle,1litre,£1.80,18p/100ml,,"Beer, Wine & Spirits"
058258,Schweppes Tonic Water Bottle,G,false,1577,https://ecom-su-static-prod.wtrecom.com/images/products/3/LN_058258_BP_3.jpg,https://www.waitrose.com/ecom/products/schweppes-tonic-water-bottle/058258-29269-29270,Schweppes Tonic Water Bottle,1litre,£1.80,18p/100ml,,"Beer, Wine & Spirits"
438765,Fever-Tree Refreshingly Light Tonic Water,G,true,1578,https://ecom-su-static-prod.wtrecom.com/images/products/3/LN_438765_BP_3.jpg,https://www.waitrose.com/ecom/products/fever-tree-refreshingly-light-tonic-water/438765-437590-437591,Fever-Tree Refreshingly Light Tonic Water,8x150ml,£5.00,41.7p/100ml,Add 2 for £8,"Beer, Wine & Spirits"
058054,Essential Sugar Free Indian Tonic Water,G,false,1579,https://ecom-su-static-prod.wtrecom.com/images/products/3/LN_058054_BP_3.jpg,https://www.waitrose.com/ecom/products/essential-sugar-free-indian-tonic-water/058054-29146-29147,Essential Sugar Free Indian Tonic Water,1litre,85p,8.5p/100ml,,"Beer, Wine & Spirits"
463996,Fever-Tree Indian Tonic Water,G,true,1580,https://ecom-su-static-prod.wtrecom.com/images/products/3/LN_463996_BP_3.jpg,https://www.waitrose.com/ecom/products/fever-tree-indian-tonic-water/463996-437608-437609,Fever-Tree Indian Tonic Water,8x150ml,£5.25,43.8p/100ml,Add 2 for £8,"Beer, Wine & Spirits"
058276,Schweppes Slimline Tonic Water Can,G,true,1581,https://ecom-su-static-prod.wtrecom.com/images/products/3/LN_058276_BP_3.jpg,https://www.waitrose.com/ecom/products/schweppes-slimline-tonic-water-can/058276-29287-29288,Schweppes Slimline Tonic Water Can,12x150ml,£5.75,31.9p/100ml,Add 2 for £8,"Beer, Wine & Spirits"
025879,Schweppes Tonic Water Can,G,true,1582,https://ecom-su-static-prod.wtrecom.com/images/products/3/LN_025879_BP_3.jpg,https://www.waitrose.com/ecom/products/schweppes-tonic-water-can/025879-12622-12623,Schweppes Tonic Water Can,12x150ml,£5.75,31.9p/100ml,Add 2 for £8,"Beer, Wine & Spirits"
437863,Fever-Tree Light Mediterranean Tonic,G,true,1583,https://ecom-su-static-prod.wtrecom.com/images/products/3/LN_437863_BP_3.jpg,https://www.waitrose.com/ecom/products/fever-tree-light-mediterranean-tonic/437863-600502-600503,Fever-Tree Light Mediterranean Tonic,8x150ml,£5.00,41.7p/100ml,Add 2 for £8,"Beer, Wine & Spirits"
373538,Fever-Tree Indian Light Tonic Water,G,false,1584,https://ecom-su-static-prod.wtrecom.com/images/products/3/LN_373538_BP_3.jpg,https://www.waitrose.com/ecom/products/fever-tree-indian-light-tonic-water/373538-52531-52532,Fever-Tree Indian Light Tonic Water,500ml,£2.10,42p/100ml,,"Beer, Wine & Spirits"
058058,Essential Indian Tonic Water,G,false,1585,https://ecom-su-static-prod.wtrecom.com/images/products/3/LN_058058_BP_3.jpg,https://www.waitrose.com/ecom/products/essential-indian-tonic-water/058058-29154-29155,Essential Indian Tonic Water,1litre,85p,8.5p/100ml,,"Beer, Wine & Spirits"
402597,Fever-Tree Indian Tonic Water,G,false,1586,https://ecom-su-static-prod.wtrecom.com/images/products/3/LN_402597_BP_3.jpg,https://www.waitrose.com/ecom/products/fever-tree-indian-tonic-water/402597-56654-56655,Fever-Tree Indian Tonic Water,500ml,£2.20,44p/100ml,,"Beer, Wine & Spirits"
790369,Fever Tree Light Elderflower Tonic Water,G,true,1587,https://ecom-su-static-prod.wtrecom.com/images/products/3/LN_790369_BP_3.jpg,https://www.waitrose.com/ecom/products/fever-tree-light-elderflower-tonic-water/790369-511936-511937,Fever Tree Light Elderflower Tonic Water,8x150ml,£5.00,41.7p/100ml,Add 2 for £8,"Beer, Wine & Spirits"
827906,Schweppes Slimline Elderflower Tonic Water Bottle,G,false,1588,https://ecom-su-static-prod.wtrecom.com/images/products/3/LN_827906_BP_3.jpg,https://www.waitrose.com/ecom/products/schweppes-slimline-elderflower-tonic-water-bottle/827906-343550-343551,Schweppes Slimline Elderflower Tonic Water Bottle,1litre,£1.80,18p/100ml,,"Beer, Wine & Spirits"
010801,Essential Sugar Free Lemon Indian Tonic Water,G,false,1589,https://ecom-su-static-prod.wtrecom.com/images/products/3/LN_010801_BP_3.jpg,https://www.waitrose.com/ecom/products/essential-sugar-free-lemon-indian-tonic-water/010801-5372-5373,Essential Sugar Free Lemon Indian Tonic Water,1litre,85p,8.5p/100ml,,"Beer, Wine & Spirits"
868072,Fever-Tree Refreshingly Light Aromatic Tonic,G,true,1590,https://ecom-su-static-prod.wtrecom.com/images/products/3/LN_868072_BP_3.jpg,https://www.waitrose.com/ecom/products/fever-tree-refreshingly-light-aromatic-tonic/868072-633662-633663,Fever-Tree Refreshingly Light Aromatic Tonic,8x150ml,£5.00,41.7p/100ml,Add 2 for £8,"Beer, Wine & Spirits"
741373,Fever-Tree Mediterranean Tonic Water,G,false,1591,https://ecom-su-static-prod.wtrecom.com/images/products/3/LN_741373_BP_3.jpg,https://www.waitrose.com/ecom/products/fever-tree-mediterranean-tonic-water/741373-437752-437753,Fever-Tree Mediterranean Tonic Water,500ml,£2.20,44p/100ml,,"Beer, Wine & Spirits"
051230,Schweppes Slimline Indian Tonic Water Lemon Bottle,G,false,1592,https://ecom-su-static-prod.wtrecom.com/images/products/3/LN_051230_BP_3.jpg,https://www.waitrose.com/ecom/products/schweppes-slimline-indian-tonic-water-lemon-bottle/051230-25489-25490,Schweppes Slimline Indian Tonic Water Lemon Bottle,1litre,£1.80,18p/100ml,,"Beer, Wine & Spirits"
526538,Fever-Tree Light Mediterranean Tonic,G,false,1593,https://ecom-su-static-prod.wtrecom.com/images/products/3/LN_526538_BP_3.jpg,https://www.waitrose.com/ecom/products/fever-tree-light-mediterranean-tonic/526538-662616-662617,Fever-Tree Light Mediterranean Tonic,500ml,£2.10,42p/100ml,,"Beer, Wine & Spirits"
402695,Essential Sugar Free Lime Indian Tonic Water,G,false,1594,https://ecom-su-static-prod.wtrecom.com/images/products/3/LN_402695_BP_3.jpg,https://www.waitrose.com/ecom/products/essential-sugar-free-lime-indian-tonic-water/402695-56667-56668,Essential Sugar Free Lime Indian Tonic Water,1litre,85p,8.5p/100ml,,"Beer, Wine & Spirits"
509502,Fever-Tree Refreshing Light Elderflower Tonic,G,false,1595,https://ecom-su-static-prod.wtrecom.com/images/products/3/LN_509502_BP_3.jpg,https://www.waitrose.com/ecom/products/fever-tree-refreshing-light-elderflower-tonic/509502-662590-662591,Fever-Tree Refreshing Light Elderflower Tonic,500ml,£2.10,42p/100ml,,"Beer, Wine & Spirits"
778797,Fever-Tree Light Mediterranean Tonic Water,G,false,1596,https://ecom-su-static-prod.wtrecom.com/images/products/3/LN_778797_BP_3.jpg,https://www.waitrose.com/ecom/products/fever-tree-light-mediterranean-tonic-water/778797-728478-728479,Fever-Tree Light Mediterranean Tonic Water,15x150ml,£8.65,38.4p/100ml,,"Beer, Wine & Spirits"
609868,Fever-Tree Refreshingly Light Indian Tonic,G,false,1597,https://ecom-su-static-prod.wtrecom.com/images/products/3/LN_609868_BP_3.jpg,https://www.waitrose.com/ecom/products/fever-tree-refreshingly-light-indian-tonic/609868-728312-728313,Fever-Tree Refreshingly Light Indian Tonic,15x150ml,£8.65,38.4p/100ml,,"Beer, Wine & Spirits"
427799,Fever-Tree Refreshingly Light Cucumber Tonic,G,false,1598,https://ecom-su-static-prod.wtrecom.com/images/products/3/LN_427799_BP_3.jpg,https://www.waitrose.com/ecom/products/fever-tree-refreshingly-light-cucumber-tonic/427799-666628-666629,Fever-Tree Refreshingly Light Cucumber Tonic,500ml,£2.10,42p/100ml,,"Beer, Wine & Spirits"
526587,London Essence Co. Bitter Orange & Elderflower Tonic Water Cans,G,false,1599,https://ecom-su-static-prod.wtrecom.com/images/products/3/LN_526587_BP_3.jpg,https://www.waitrose.com/ecom/products/london-essence-co-bitter-orange-elderflower-tonic-water-cans/526587-757329-757330,London Essence Co. Bitter Orange & Elderflower Tonic Water Cans,6x150ml,£4.25,47.2p/100ml,,"Beer, Wine & Spirits"
631948,London Essence Original Indian Tonic Water Cans,G,false,1600,https://ecom-su-static-prod.wtrecom.com/images/products/3/LN_631948_BP_3.jpg,https://www.waitrose.com/ecom/products/london-essence-original-indian-tonic-water-cans/631948-757375-757376,London Essence Original Indian Tonic Water Cans,6x150ml,£4.25,47.2p/100ml,,"Beer, Wine & Spirits"
709939,Fever-Tree Refreshingly Light Aromatic Tonic,G,false,1601,https://ecom-su-static-prod.wtrecom.com/images/products/3/LN_709939_BP_3.jpg,https://www.waitrose.com/ecom/products/fever-tree-refreshingly-light-aromatic-tonic/709939-662908-662909,Fever-Tree Refreshingly Light Aromatic Tonic,500ml,£2.10,42p/100ml,,"Beer, Wine & Spirits"
803061,Fever-Tree Refreshingly Light Lemon Tonic,G,false,1602,https://ecom-su-static-prod.wtrecom.com/images/products/3/LN_803061_BP_3.jpg,https://www.waitrose.com/ecom/products/fever-tree-refreshingly-light-lemon-tonic/803061-690490-690491,Fever-Tree Refreshingly Light Lemon Tonic,500ml,£2.10,42p/100ml,,"Beer, Wine & Spirits"
086468,Essential Cucumber,G,false,1603,https://ecom-su-static-prod.wtrecom.com/images/products/3/LN_086468_BP_3.jpg,https://www.waitrose.com/ecom/products/essential-cucumber/086468-44158-44159,Essential Cucumber,Each,95p,95p each,,"Beer, Wine & Spirits"
088067,Waitrose British Strawberries,G,true,1604,https://ecom-su-static-prod.wtrecom.com/images/products/3/LN_088067_BP_3.jpg,https://www.waitrose.com/ecom/products/waitrose-british-strawberries/088067-372145-45059,Waitrose British Strawberries,400g,£3.00,£7.50/kg,Add 2 for £4,"Beer, Wine & Spirits"
088411,Essential Lemons,G,false,1605,https://ecom-su-static-prod.wtrecom.com/images/products/3/LN_088411_BP_3.jpg,https://www.waitrose.com/ecom/products/essential-lemons/088411-45361-45362,Essential Lemons,Each,35p,35p each,,"Beer, Wine & Spirits"
088460,Cooks' Ingredients Unwaxed Lemons,G,false,1606,https://ecom-su-static-prod.wtrecom.com/images/products/3/LN_088460_BP_3.jpg,https://www.waitrose.com/ecom/products/cooks-ingredients-unwaxed-lemons/088460-45401-45402,Cooks' Ingredients Unwaxed Lemons,4s,£1.70,42.5p each,,"Beer, Wine & Spirits"
088461,Essential Limes,G,false,1607,https://ecom-su-static-prod.wtrecom.com/images/products/3/LN_088461_BP_3.jpg,https://www.waitrose.com/ecom/products/essential-limes/088461-45403-45404,Essential Limes,Each,30p,30p each,,"Beer, Wine & Spirits"
088458,Essential Limes,G,true,1608,https://ecom-su-static-prod.wtrecom.com/images/products/3/LN_088458_BP_3.jpg,https://www.waitrose.com/ecom/products/essential-limes/088458-45397-45398,Essential Limes,6s,£1.50,25p each,Add 2 for £2.50,"Beer, Wine & Spirits"
088413,Essential Lemons,G,true,1609,https://ecom-su-static-prod.wtrecom.com/images/products/3/LN_088413_BP_3.jpg,https://www.waitrose.com/ecom/products/essential-lemons/088413-45363-45364,Essential Lemons,6s,£1.50,25p each,Add 2 for £2.50,"Beer, Wine & Spirits"
088473,Waitrose Large Orange,G,false,1610,https://ecom-su-static-prod.wtrecom.com/images/products/3/LN_088473_BP_3.jpg,https://www.waitrose.com/ecom/products/waitrose-large-orange/088473-45415-45416,Waitrose Large Orange,Each,65p,65p each,,"Beer, Wine & Spirits"
088405,Waitrose Large Oranges,G,true,1611,https://ecom-su-static-prod.wtrecom.com/images/products/3/LN_088405_BP_3.jpg,https://www.waitrose.com/ecom/products/waitrose-large-oranges/088405-45357-45358,Waitrose Large Oranges,6s,£2.80,46.7p each,20% Off. Was £3.50,"Beer, Wine & Spirits"
086106,Cooks' Ingredients Mint,G,false,1612,https://ecom-su-static-prod.wtrecom.com/images/products/3/LN_086106_BP_3.jpg,https://www.waitrose.com/ecom/products/cooks-ingredients-mint/086106-43929-43930,Cooks' Ingredients Mint,25g,80p,32p/10g,,"Beer, Wine & Spirits"
088911,Duchy Organic Lemons,G,false,1613,https://ecom-su-static-prod.wtrecom.com/images/products/3/LN_088911_BP_3.jpg,https://www.waitrose.com/ecom/products/duchy-organic-lemons/088911-428558-45709,Duchy Organic Lemons,3s,£2.00,66.7p each,,"Beer, Wine & Spirits"
011269,Cooks' Ingredients Unwaxed Limes,G,true,1614,https://ecom-su-static-prod.wtrecom.com/images/products/3/LN_011269_BP_3.jpg,https://www.waitrose.com/ecom/products/cooks-ingredients-unwaxed-limes/011269-5598-5599,Cooks' Ingredients Unwaxed Limes,4s,£1.44,36p each,20% Off. Was £1.80,"Beer, Wine & Spirits"
064441,Cooks' Ingredients Mint,G,false,1615,https://ecom-su-static-prod.wtrecom.com/images/products/3/LN_064441_BP_3.jpg,https://www.waitrose.com/ecom/products/cooks-ingredients-mint/064441-32706-32707,Cooks' Ingredients Mint,100g,£1.65,16.5p/10g,,"Beer, Wine & Spirits"
088414,essential Waitrose Loose Clementines/Mandarins,G,false,1616,https://ecom-su-static-prod.wtrecom.com/images/products/3/LN_088414_BP_3.jpg,https://www.waitrose.com/ecom/products/essential-waitrose-loose-clementines-mandarins/088414-45365-45366,essential Waitrose Loose Clementines/Mandarins,Typical weight 0.11kg,32p each est.,£2.97/kg,,"Beer, Wine & Spirits"
077513,Cooks' Ingredients Unwaxed Lemons,G,true,1617,https://ecom-su-static-prod.wtrecom.com/images/products/3/LN_077513_BP_3.jpg,https://www.waitrose.com/ecom/products/cooks-ingredients-unwaxed-lemons/077513-39428-39429,Cooks' Ingredients Unwaxed Lemons,8s,£2.56,32p each,20% Off. Was £3.20,"Beer, Wine & Spirits"
754411,Waitrose Mixed Berries,G,false,1618,https://ecom-su-static-prod.wtrecom.com/images/products/3/LN_754411_BP_3.jpg,https://www.waitrose.com/ecom/products/waitrose-mixed-berries/754411-661985-661986,Waitrose Mixed Berries,190g,£3.10,£16.32/kg,,"Beer, Wine & Spirits"
864449,Waitrose Crisp and Floral Italian White,W,false,1619,https://ecom-su-static-prod.wtrecom.com/images/products/3/LN_864449_BP_3.jpg,https://www.waitrose.com/ecom/products/waitrose-crisp-and-floral-italian-white/864449-226906-226907,Waitrose Crisp and Floral Italian White,75cl,£5.49,£5.49/75cl,,"Beer, Wine & Spirits"
086151,Cooks' Ingredients Mint Pot,G,true,1620,https://ecom-su-static-prod.wtrecom.com/images/products/3/LN_086151_BP_3.jpg,https://www.waitrose.com/ecom/products/cooks-ingredients-mint-pot/086151-43997-43998,Cooks' Ingredients Mint Pot,Each,£1.36,£1.36 each,20% Off. Was £1.70,"Beer, Wine & Spirits"
735984,Waitrose Rich and Intense Italian Red,W,false,1621,https://ecom-su-static-prod.wtrecom.com/images/products/3/LN_735984_BP_3.jpg,https://www.waitrose.com/ecom/products/waitrose-rich-and-intense-italian-red/735984-224822-224823,Waitrose Rich and Intense Italian Red,75cl,£5.49,£5.49/75cl,,"Beer, Wine & Spirits"
563275,Waitrose Chilean Dry White Vibrant and Grassy,W,false,1622,https://ecom-su-static-prod.wtrecom.com/images/products/3/LN_563275_BP_3.jpg,https://www.waitrose.com/ecom/products/waitrose-chilean-dry-white-vibrant-and-grassy/563275-241138-241139,Waitrose Chilean Dry White Vibrant and Grassy,75cl,£5.49,£5.49/75cl,,"Beer, Wine & Spirits"
800752,San Leo Vino Spumante Prosecco,G,true,1623,https://ecom-su-static-prod.wtrecom.com/images/products/3/LN_800752_BP_3.jpg,https://www.waitrose.com/ecom/products/san-leo-vino-spumante-prosecco/800752-181773-181774,San Leo Vino Spumante Prosecco,20cl,£2.39,£8.97/75cl,save 60p. Was £2.99,"Beer, Wine & Spirits"
868535,Waitrose Soft and Juicy Chilean Red,W,false,1624,https://ecom-su-static-prod.wtrecom.com/images/products/3/LN_868535_BP_3.jpg,https://www.waitrose.com/ecom/products/waitrose-soft-and-juicy-chilean-red/868535-243936-243937,Waitrose Soft and Juicy Chilean Red,75cl,£5.49,£5.49/75cl,,"Beer, Wine & Spirits"
456061,Waitrose Ripe and Juicy Spanish Rosé,W,false,1625,https://ecom-su-static-prod.wtrecom.com/images/products/3/LN_456061_BP_3.jpg,https://www.waitrose.com/ecom/products/waitrose-ripe-and-juicy-spanish-rose/456061-231951-231952,Waitrose Ripe and Juicy Spanish Rosé,75cl,£5.49,£5.49/75cl,,"Beer, Wine & Spirits"
807709,Waitrose Vibrant Chilean White Bag in Box,W,false,1626,https://ecom-su-static-prod.wtrecom.com/images/products/3/LN_807709_BP_3.jpg,https://www.waitrose.com/ecom/products/waitrose-vibrant-chilean-white-bag-in-box/807709-368276-368277,Waitrose Vibrant Chilean White Bag in Box,2.25L,£16.49,£5.50/75cl,,"Beer, Wine & Spirits"
525099,Most Wanted Sauvignon Blanc,G,true,1627,https://ecom-su-static-prod.wtrecom.com/images/products/3/LN_525099_BP_3.jpg,https://www.waitrose.com/ecom/products/most-wanted-sauvignon-blanc/525099-783642-783643,Most Wanted Sauvignon Blanc,187ml,£2.60,£13.91/litre,Mix & Match Add 4 for 3 Cheapest Item Free,"Beer, Wine & Spirits"
852970,Terra Organica Organic Prosecco DOC,G,false,1628,https://ecom-su-static-prod.wtrecom.com/images/products/3/LN_852970_BP_3.jpg,https://www.waitrose.com/ecom/products/terra-organica-organic-prosecco-doc/852970-694854-694855,Terra Organica Organic Prosecco DOC,20cl,£3.99,£14.97/75cl,,"Beer, Wine & Spirits"
631429,Waitrose Chilean Red Soft and Juicy Bag in Box,W,false,1629,https://ecom-su-static-prod.wtrecom.com/images/products/3/LN_631429_BP_3.jpg,https://www.waitrose.com/ecom/products/waitrose-chilean-red-soft-and-juicy-bag-in-box/631429-367908-367909,Waitrose Chilean Red Soft and Juicy Bag in Box,2.25litre,£16.49,£5.50/75cl,,"Beer, Wine & Spirits"
870915,Most Wanted Malbec Can,G,true,1630,https://ecom-su-static-prod.wtrecom.com/images/products/3/LN_870915_BP_3.jpg,https://www.waitrose.com/ecom/products/most-wanted-malbec-can/870915-783712-783713,Most Wanted Malbec Can,187ml,£2.60,£13.91/litre,Mix & Match Add 4 for 3 Cheapest Item Free,"Beer, Wine & Spirits"
570716,Tiki Ridge Marlborough Sauvignon Blanc Can,G,true,1631,https://ecom-su-static-prod.wtrecom.com/images/products/3/LN_570716_BP_3.jpg,https://www.waitrose.com/ecom/products/tiki-ridge-marlborough-sauvignon-blanc-can/570716-795092-795093,Tiki Ridge Marlborough Sauvignon Blanc Can,250ml,£3.65,£14.60/litre,Mix & Match Add 4 for 3 Cheapest Item Free,"Beer, Wine & Spirits"
811676,San Leo Prosecco DOC,W,true,1632,https://ecom-su-static-prod.wtrecom.com/images/products/3/LN_811676_BP_3.jpg,https://www.waitrose.com/ecom/products/san-leo-prosecco-doc/811676-343492-343493,San Leo Prosecco DOC,37.5cl,£4.99,£9.98/75cl,save £1.00. Was £5.99,"Beer, Wine & Spirits"
463665,Terre di Faiano Primitivo Organic,G,true,1633,https://ecom-su-static-prod.wtrecom.com/images/products/3/LN_463665_BP_3.jpg,https://www.waitrose.com/ecom/products/terre-di-faiano-primitivo-organic/463665-791471-791472,Terre di Faiano Primitivo Organic,250ml,£3.65,£14.60/litre,Mix & Match Add 4 for 3 Cheapest Item Free,"Beer, Wine & Spirits"
891240,Waitrose Italian Red Rich Intense Bag in Box,W,false,1634,https://ecom-su-static-prod.wtrecom.com/images/products/3/LN_891240_BP_3.jpg,https://www.waitrose.com/ecom/products/waitrose-italian-red-rich-intense-bag-in-box/891240-694930-694931,Waitrose Italian Red Rich Intense Bag in Box,2.25L,£16.49,£5.50/75cl,,"Beer, Wine & Spirits"
672896,Pinot Grigio Bag in Box,W,false,1635,https://ecom-su-static-prod.wtrecom.com/images/products/3/LN_672896_BP_3.jpg,https://www.waitrose.com/ecom/products/pinot-grigio-bag-in-box/672896-791857-791858,Pinot Grigio Bag in Box,2.25L,£17.49,£5.83/75cl,,"Beer, Wine & Spirits"
592986,When in Rome Pinot Grigio,G,true,1636,https://ecom-su-static-prod.wtrecom.com/images/products/3/LN_592986_BP_3.jpg,https://www.waitrose.com/ecom/products/when-in-rome-pinot-grigio/592986-791525-791526,When in Rome Pinot Grigio,187ml,£2.95,£11.84/75cl,Mix & Match Add 4 for 3 Cheapest Item Free,"Beer, Wine & Spirits"
692674,Waitrose Italian White Crisp & Floral Bag in Box,W,false,1637,https://ecom-su-static-prod.wtrecom.com/images/products/3/LN_692674_BP_3.jpg,https://www.waitrose.com/ecom/products/waitrose-italian-white-crisp-floral-bag-in-box/692674-689388-689389,Waitrose Italian White Crisp & Floral Bag in Box,2.25L,£16.49,£5.50/75cl,,"Beer, Wine & Spirits"
872818,The Uncommon Rosé Bubbly,G,true,1638,https://ecom-su-static-prod.wtrecom.com/images/products/3/LN_872818_BP_3.jpg,https://www.waitrose.com/ecom/products/the-uncommon-rose-bubbly/872818-697714-697715,The Uncommon Rosé Bubbly,25cl,£5.95,£17.85/75cl,Mix & Match Add 4 for 3 Cheapest Item Free,"Beer, Wine & Spirits"
608524,Freixenet Cordon Rosado Seco,G,false,1639,https://ecom-su-static-prod.wtrecom.com/images/products/3/LN_608524_BP_3.jpg,https://www.waitrose.com/ecom/products/freixenet-cordon-rosado-seco/608524-662746-662747,Freixenet Cordon Rosado Seco,20cl,£3.15,£11.82/75cl,,"Beer, Wine & Spirits"
688636,Terre Di Faiano Rosso IGP Puglia Organic,W,true,1640,https://ecom-su-static-prod.wtrecom.com/images/products/3/LN_688636_BP_3.jpg,https://www.waitrose.com/ecom/products/terre-di-faiano-rosso-igp-puglia-organic/688636-723368-723369,Terre Di Faiano Rosso IGP Puglia Organic,2.25L,£27.99,£9.33/75cl,Buyers Choice,"Beer, Wine & Spirits"
579308,Atelier Mirabeau Pret-A-Porter Rosé to Go,G,true,1641,https://ecom-su-static-prod.wtrecom.com/images/products/3/LN_579308_BP_3.jpg,https://www.waitrose.com/ecom/products/atelier-mirabeau-pret-a-porter-rose-to-go/579308-694457-694458,Atelier Mirabeau Pret-A-Porter Rosé to Go,25cl,£3.65,£10.95/75cl,Mix & Match Add 4 for 3 Cheapest Item Free,"Beer, Wine & Spirits"
604259,The Uncommon White Bubbly England,G,true,1642,https://ecom-su-static-prod.wtrecom.com/images/products/3/LN_604259_BP_3.jpg,https://www.waitrose.com/ecom/products/the-uncommon-white-bubbly-england/604259-694484-694485,The Uncommon White Bubbly England,25cl,£5.95,£17.85/75cl,Mix & Match Add 4 for 3 Cheapest Item Free,"Beer, Wine & Spirits"
775814,Franz Reh Liebfraumilch,W,false,1643,https://ecom-su-static-prod.wtrecom.com/images/products/3/LN_775814_BP_3.jpg,https://www.waitrose.com/ecom/products/franz-reh-liebfraumilch/775814-759176-759177,Franz Reh Liebfraumilch,75cl,£4.99,£4.99/75cl,,"Beer, Wine & Spirits"
442960,Beefsteak Club Malbec Mendoza Argentina,W,false,1644,https://ecom-su-static-prod.wtrecom.com/images/products/3/LN_442960_BP_3.jpg,https://www.waitrose.com/ecom/products/beefsteak-club-malbec-mendoza-argentina/442960-579772-579773,Beefsteak Club Malbec Mendoza Argentina,2.25L,£21.99,£7.33/75cl,,"Beer, Wine & Spirits"
742352,Les Dauphins Côtes du Rhône Can,G,true,1645,https://ecom-su-static-prod.wtrecom.com/images/products/3/LN_742352_BP_3.jpg,https://www.waitrose.com/ecom/products/les-dauphins-cotes-du-rhone-can/742352-795142-795143,Les Dauphins Côtes du Rhône Can,25cl,£3.65,£10.95/75cl,Mix & Match Add 4 for 3 Cheapest Item Free,"Beer, Wine & Spirits"
975617,La Vieille Ferme Rose Bag in Box,W,false,1646,https://ecom-su-static-prod.wtrecom.com/images/products/3/LN_975617_BP_3.jpg,https://www.waitrose.com/ecom/products/la-vieille-ferme-rose-bag-in-box/975617-827166-827167,La Vieille Ferme Rose Bag in Box,1.5L,£15.49,£7.75/75cl,,"Beer, Wine & Spirits"
445742,Freixenet Prosecco DOC,G,true,1647,https://ecom-su-static-prod.wtrecom.com/images/products/3/LN_445742_BP_3.jpg,https://www.waitrose.com/ecom/products/freixenet-prosecco-doc/445742-697420-697421,Freixenet Prosecco DOC,20cl,£3.19,£11.97/75cl,20% Off. Was £3.99,"Beer, Wine & Spirits"
763578,Waitrose Reserve Claret,W,false,1648,https://ecom-su-static-prod.wtrecom.com/images/products/3/LN_763578_BP_3.jpg,https://www.waitrose.com/ecom/products/waitrose-reserve-claret/763578-606749-606750,Waitrose Reserve Claret,37.5cl,£3.99,£7.98/75cl,,"Beer, Wine & Spirits"
550708,Campo Viejo Rioja Tempranillo,G,false,1649,https://ecom-su-static-prod.wtrecom.com/images/products/3/LN_550708_BP_3.jpg,https://www.waitrose.com/ecom/products/campo-viejo-rioja-tempranillo/550708-822729-822730,Campo Viejo Rioja Tempranillo,187ml,£3.00,£16.05/litre,,"Beer, Wine & Spirits"
801956,Bijou Le Chic Rosé Grenache,W,true,1650,https://ecom-su-static-prod.wtrecom.com/images/products/3/LN_801956_BP_3.jpg,https://www.waitrose.com/ecom/products/bijou-le-chic-rose-grenache/801956-697626-697627,Bijou Le Chic Rosé Grenache,1.5litre,£15.49,£7.75/75cl,save £3.00. Was £18.49,"Beer, Wine & Spirits"
707668,Duchy Organic Pinot Grigio Bag in Box,W,false,1651,https://ecom-su-static-prod.wtrecom.com/images/products/3/LN_707668_BP_3.jpg,https://www.waitrose.com/ecom/products/duchy-organic-pinot-grigio-bag-in-box/707668-754455-754456,Duchy Organic Pinot Grigio Bag in Box,2.25L,£21.49,£7.17/75cl,,"Beer, Wine & Spirits"
792394,Soave Cantina di Soave,W,false,1652,https://ecom-su-static-prod.wtrecom.com/images/products/3/LN_792394_BP_3.jpg,https://www.waitrose.com/ecom/products/soave-cantina-di-soave/792394-654327-654328,Soave Cantina di Soave,2.25L,£18.99,£6.33/75cl,,"Beer, Wine & Spirits"
795473,San Leo Nerello Mascalese Garganega,G,false,1653,https://ecom-su-static-prod.wtrecom.com/images/products/3/LN_795473_BP_3.jpg,https://www.waitrose.com/ecom/products/san-leo-nerello-mascalese-garganega/795473-405800-405801,San Leo Nerello Mascalese Garganega,20cl,£2.99,£11.22/75cl,,"Beer, Wine & Spirits"
898501,Hardys VR Chardonnay,G,true,1654,https://ecom-su-static-prod.wtrecom.com/images/products/3/LN_898501_BP_3.jpg,https://www.waitrose.com/ecom/products/hardys-vr-chardonnay/898501-795204-795205,Hardys VR Chardonnay,250ml,£3.65,£14.60/litre,Mix & Match Add 4 for 3 Cheapest Item Free,"Beer, Wine & Spirits"
828477,Beefsteak Club Malbec Can,G,true,1655,https://ecom-su-static-prod.wtrecom.com/images/products/3/LN_828477_BP_3.jpg,https://www.waitrose.com/ecom/products/beefsteak-club-malbec-can/828477-807985-807986,Beefsteak Club Malbec Can,25cl,£3.65,£10.95/75cl,Mix & Match Add 4 for 3 Cheapest Item Free,"Beer, Wine & Spirits"
671887,When in Rome Pecorino,G,true,1656,https://ecom-su-static-prod.wtrecom.com/images/products/3/LN_671887_BP_3.jpg,https://www.waitrose.com/ecom/products/when-in-rome-pecorino/671887-791553-791554,When in Rome Pecorino,187ml,£2.95,£15.78/litre,Mix & Match Add 4 for 3 Cheapest Item Free,"Beer, Wine & Spirits"
623471,Hardys VR Shiraz,G,true,1657,https://ecom-su-static-prod.wtrecom.com/images/products/3/LN_623471_BP_3.jpg,https://www.waitrose.com/ecom/products/hardys-vr-shiraz/623471-795104-795105,Hardys VR Shiraz,250ml,£3.65,£14.60/litre,Mix & Match Add 4 for 3 Cheapest Item Free,"Beer, Wine & Spirits"
882652,When in Rome Organic Grillo DOC Sicilia,W,false,1658,https://ecom-su-static-prod.wtrecom.com/images/products/3/LN_882652_BP_3.jpg,https://www.waitrose.com/ecom/products/when-in-rome-organic-grillo-doc-sicilia/882652-678659-678660,When in Rome Organic Grillo DOC Sicilia,2.25L,£26.99,£9/75cl,,"Beer, Wine & Spirits"
880253,When in Rome Rosato,G,true,1659,https://ecom-su-static-prod.wtrecom.com/images/products/3/LN_880253_BP_3.jpg,https://www.waitrose.com/ecom/products/when-in-rome-rosato/880253-807191-807192,When in Rome Rosato,187ml,£2.95,£15.78/litre,Mix & Match Add 4 for 3 Cheapest Item Free,"Beer, Wine & Spirits"
839217,JP Chenet Pinot Noir Can,G,true,1660,https://ecom-su-static-prod.wtrecom.com/images/products/3/LN_839217_BP_3.jpg,https://www.waitrose.com/ecom/products/jp-chenet-pinot-noir-can/839217-795172-795173,JP Chenet Pinot Noir Can,25cl,£3.65,£10.95/75cl,Mix & Match Add 4 for 3 Cheapest Item Free,"Beer, Wine & Spirits"
785865,The Great Wave Sauvignon Blanc Bag in Box,W,true,1661,https://ecom-su-static-prod.wtrecom.com/images/products/3/LN_785865_BP_3.jpg,https://www.waitrose.com/ecom/products/the-great-wave-sauvignon-blanc-bag-in-box/785865-777414-777415,The Great Wave Sauvignon Blanc Bag in Box,2.25L,£24.99,£8.33/75cl,Was £26.49,"Beer, Wine & Spirits"
766048,Lubanzi Red Blend 250ml,G,true,1662,https://ecom-su-static-prod.wtrecom.com/images/products/3/LN_766048_BP_3.jpg,https://www.waitrose.com/ecom/products/lubanzi-red-blend-250ml/766048-807189-807190,Lubanzi Red Blend 250ml,250ml,£3.65,£14.60/litre,Mix & Match Add 4 for 3 Cheapest Item Free,"Beer, Wine & Spirits"
763084,Lubanzi Chenin Blanc,G,true,1663,https://ecom-su-static-prod.wtrecom.com/images/products/3/LN_763084_BP_3.jpg,https://www.waitrose.com/ecom/products/lubanzi-chenin-blanc/763084-807187-807188,Lubanzi Chenin Blanc,250ml,£3.65,£14.60/litre,Mix & Match Add 4 for 3 Cheapest Item Free,"Beer, Wine & Spirits"
748380,Lubanzi Sparkling Rose NV Can,G,true,1664,https://ecom-su-static-prod.wtrecom.com/images/products/3/LN_748380_BP_3.jpg,https://www.waitrose.com/ecom/products/lubanzi-sparkling-rose-nv-can/748380-807185-807186,Lubanzi Sparkling Rose NV Can,250ml,£3.65,£14.60/litre,Mix & Match Add 4 for 3 Cheapest Item Free,"Beer, Wine & Spirits"
745831,Bijou Rose Can,G,true,1665,https://ecom-su-static-prod.wtrecom.com/images/products/3/LN_745831_BP_3.jpg,https://www.waitrose.com/ecom/products/bijou-rose-can/745831-795144-795145,Bijou Rose Can,250ml,£3.65,£14.60/litre,Mix & Match Add 4 for 3 Cheapest Item Free,"Beer, Wine & Spirits"
698341,JP Chenet Colombard Chardonnay Can,G,true,1666,https://ecom-su-static-prod.wtrecom.com/images/products/3/LN_698341_BP_3.jpg,https://www.waitrose.com/ecom/products/jp-chenet-colombard-chardonnay-can/698341-795126-795127,JP Chenet Colombard Chardonnay Can,25cl,£3.65,£10.95/75cl,Mix & Match Add 4 for 3 Cheapest Item Free,"Beer, Wine & Spirits"
621514,Mateus Rose Can,G,true,1667,https://ecom-su-static-prod.wtrecom.com/images/products/3/LN_621514_BP_3.jpg,https://www.waitrose.com/ecom/products/mateus-rose-can/621514-807183-807184,Mateus Rose Can,250ml,£3.65,£14.60/litre,Mix & Match Add 4 for 3 Cheapest Item Free,"Beer, Wine & Spirits"
591150,"Nyetimber Rosé NV West Sussex, England",W,true,1668,https://ecom-su-static-prod.wtrecom.com/images/products/3/LN_591150_BP_3.jpg,https://www.waitrose.com/ecom/products/nyetimber-rose-nv-west-sussex-england/591150-506210-506211,"Nyetimber Rosé NV West Sussex, England",75cl,£32.99,£32.99/75cl,save £13.00. Was £45.99,"Beer, Wine & Spirits"
566937,Bijou Le Chic Sauvignon Blanc,W,true,1669,https://ecom-su-static-prod.wtrecom.com/images/products/3/LN_566937_BP_3.jpg,https://www.waitrose.com/ecom/products/bijou-le-chic-sauvignon-blanc/566937-723298-723299,Bijou Le Chic Sauvignon Blanc,1.5litre,£15.49,£7.75/75cl,save £3.00. Was £18.49,"Beer, Wine & Spirits"
563155,When in Rome Nero d'Avola Siciliy,W,false,1670,https://ecom-su-static-prod.wtrecom.com/images/products/3/LN_563155_BP_3.jpg,https://www.waitrose.com/ecom/products/when-in-rome-nero-davola-siciliy/563155-627794-627795,When in Rome Nero d'Avola Siciliy,2.25L,£26.99,£9/75cl,,"Beer, Wine & Spirits"
534387,IGO Organic Rosé Wine Can,G,true,1671,https://ecom-su-static-prod.wtrecom.com/images/products/3/LN_534387_BP_3.jpg,https://www.waitrose.com/ecom/products/igo-organic-rose-wine-can/534387-731268-731269,IGO Organic Rosé Wine Can,25cl,£4.15,£12.45/75cl,Mix & Match Add 4 for 3 Cheapest Item Free,"Beer, Wine & Spirits"
499328,Freixenet Cordon Negro Brut Cava,G,false,1672,https://ecom-su-static-prod.wtrecom.com/images/products/3/LN_499328_BP_3.jpg,https://www.waitrose.com/ecom/products/freixenet-cordon-negro-brut-cava/499328-70568-70569,Freixenet Cordon Negro Brut Cava,20cl,£3.15,£11.82/75cl,,"Beer, Wine & Spirits"
433357,A. A. Badenhorst Curator White Blend,W,false,1673,https://ecom-su-static-prod.wtrecom.com/images/products/3/LN_433357_BP_3.jpg,https://www.waitrose.com/ecom/products/a-a-badenhorst-curator-white-blend/433357-756693-756694,A. A. Badenhorst Curator White Blend,75cl,£9.99,£9.99/75cl,,"Beer, Wine & Spirits"
431967,IGO Organic White Wine Can,G,true,1674,https://ecom-su-static-prod.wtrecom.com/images/products/3/LN_431967_BP_3.jpg,https://www.waitrose.com/ecom/products/igo-organic-white-wine-can/431967-731238-731239,IGO Organic White Wine Can,25cl,£4.15,£12.45/75cl,Mix & Match Add 4 for 3 Cheapest Item Free,"Beer, Wine & Spirits"
370657,Campo Viejo Winemakers Blend Bag in Box,W,true,1675,https://ecom-su-static-prod.wtrecom.com/images/products/3/LN_370657_BP_3.jpg,https://www.waitrose.com/ecom/products/campo-viejo-winemakers-blend-bag-in-box/370657-827110-827111,Campo Viejo Winemakers Blend Bag in Box,1.5litre,£14.99,£7.50/75cl,New Line,"Beer, Wine & Spirits"
047615,Ürziger Würzgarten Kabinett Loosen,W,false,1676,https://ecom-su-static-prod.wtrecom.com/images/products/3/LN_047615_BP_3.jpg,https://www.waitrose.com/ecom/products/urziger-wurzgarten-kabinett-loosen/047615-23520-23521,Ürziger Würzgarten Kabinett Loosen,75cl,£15.99,£15.99/75cl,,"Beer, Wine & Spirits"
058057,Waitrose Club Soda,G,false,1677,https://ecom-su-static-prod.wtrecom.com/images/products/3/LN_058057_BP_3.jpg,https://www.waitrose.com/ecom/products/waitrose-club-soda/058057-29152-29153,Waitrose Club Soda,1litre,85p,8.5p/100ml,,"Beer, Wine & Spirits"
058262,Schweppes Original Soda Water Bottle,G,false,1678,https://ecom-su-static-prod.wtrecom.com/images/products/3/LN_058262_BP_3.jpg,https://www.waitrose.com/ecom/products/schweppes-original-soda-water-bottle/058262-29273-29274,Schweppes Original Soda Water Bottle,1litre,£1.80,18p/100ml,,"Beer, Wine & Spirits"
805545,Fever-Tree Mexican Lime Soda,G,false,1679,https://ecom-su-static-prod.wtrecom.com/images/products/3/LN_805545_BP_3.jpg,https://www.waitrose.com/ecom/products/fever-tree-mexican-lime-soda/805545-724081-724082,Fever-Tree Mexican Lime Soda,500ml,£2.10,42p/100ml,,"Beer, Wine & Spirits"
825175,Fever-Tree Italian Blood Orange Soda,G,false,1680,https://ecom-su-static-prod.wtrecom.com/images/products/3/LN_825175_BP_3.jpg,https://www.waitrose.com/ecom/products/fever-tree-italian-blood-orange-soda/825175-724103-724104,Fever-Tree Italian Blood Orange Soda,500ml,£2.10,42p/100ml,,"Beer, Wine & Spirits"
899989,Fever Tree Premium Soda Water,G,false,1681,https://ecom-su-static-prod.wtrecom.com/images/products/3/LN_899989_BP_3.jpg,https://www.waitrose.com/ecom/products/fever-tree-premium-soda-water/899989-803274-803275,Fever Tree Premium Soda Water,500ml,£2.10,42p/100ml,,"Beer, Wine & Spirits"
