data-product-id,data-product-name,data-product-type,data-product-on-offer,data-product-index,image-url,product-page,product-name,product-size,item-price,price-per-unit,offer-description,category
086468,Essential Cucumber,G,false,1,https://ecom-su-static-prod.wtrecom.com/images/products/3/LN_086468_BP_3.jpg,https://www.waitrose.com/ecom/products/essential-cucumber/086468-44158-44159,Essential Cucumber,Each,95p,95p each,,Everyday Value
086412,Essential Red Peppers,G,false,2,https://ecom-su-static-prod.wtrecom.com/images/products/3/LN_086412_BP_3.jpg,https://www.waitrose.com/ecom/products/essential-red-peppers/086412-44120-44121,Essential Red Peppers,Typical weight 0.16kg,60p each est.,£3.75/kg,,Everyday Value
088528,Essential Fairtrade Bananas,G,false,3,https://ecom-su-static-prod.wtrecom.com/images/products/3/LN_088528_BP_3.jpg,https://www.waitrose.com/ecom/products/essential-fairtrade-bananas/088528-45453-45454,Essential Fairtrade Bananas,5s,95p,19p each,,Everyday Value
085115,Essential Onions,G,false,4,https://ecom-su-static-prod.wtrecom.com/images/products/3/LN_085115_BP_3.jpg,https://www.waitrose.com/ecom/products/essential-onions/085115-43203-43204,Essential Onions,Typical weight 0.15kg,15p each est.,£1/kg,,Everyday Value
088411,Essential Lemons,G,false,5,https://ecom-su-static-prod.wtrecom.com/images/products/3/LN_088411_BP_3.jpg,https://www.waitrose.com/ecom/products/essential-lemons/088411-45361-45362,Essential Lemons,Each,35p,35p each,,Everyday Value
086453,Essential Bunched Salad Onions,G,false,6,https://ecom-su-static-prod.wtrecom.com/images/products/3/LN_086453_BP_3.jpg,https://www.waitrose.com/ecom/products/essential-bunched-salad-onions/086453-44148-44149,Essential Bunched Salad Onions,Each,65p,65p each,,Everyday Value
856706,Essential Free Range White Eggs,G,false,7,https://ecom-su-static-prod.wtrecom.com/images/products/3/LN_856706_BP_3.jpg,https://www.waitrose.com/ecom/products/essential-free-range-white-eggs/856706-653765-653766,Essential Free Range White Eggs,6s,£1.30,21.7p each,,Everyday Value
088036,Essential Blueberries,G,false,8,https://ecom-su-static-prod.wtrecom.com/images/products/3/LN_088036_BP_3.jpg,https://www.waitrose.com/ecom/products/essential-blueberries/088036-45014-45015,Essential Blueberries,150g,£2.00,£13.34/kg,,Everyday Value
085005,Essential Large White Potatoes,G,false,9,https://ecom-su-static-prod.wtrecom.com/images/products/3/LN_085005_BP_3.jpg,https://www.waitrose.com/ecom/products/essential-large-white-potatoes/085005-43095-43096,Essential Large White Potatoes,Typical weight 0.28kg,24p each est.,87p/kg,,Everyday Value
890609,Essential Raspberries,G,false,10,https://ecom-su-static-prod.wtrecom.com/images/products/3/LN_890609_BP_3.jpg,https://www.waitrose.com/ecom/products/essential-raspberries/890609-151436-151437,Essential Raspberries,150g,£2.00,£13.34/kg,,Everyday Value
086533,Essential Cherry Tomatoes,G,false,11,https://ecom-su-static-prod.wtrecom.com/images/products/3/LN_086533_BP_3.jpg,https://www.waitrose.com/ecom/products/essential-cherry-tomatoes/086533-44216-44217,Essential Cherry Tomatoes,500g,£1.45,£2.90/kg,,Everyday Value
085704,Essential Cup Mushrooms,G,false,12,https://ecom-su-static-prod.wtrecom.com/images/products/3/LN_085704_BP_3.jpg,https://www.waitrose.com/ecom/products/essential-cup-mushrooms/085704-43729-43729,Essential Cup Mushrooms,300g,£1.00,£3.34/kg,,Everyday Value
086515,Essential Tomatoes,G,false,13,https://ecom-su-static-prod.wtrecom.com/images/products/3/LN_086515_BP_3.jpg,https://www.waitrose.com/ecom/products/essential-tomatoes/086515-44198-44199,Essential Tomatoes,6s,£1.00,16.7p each,,Everyday Value
565210,Essential Natural Greek Style Yogurt,G,false,14,https://ecom-su-static-prod.wtrecom.com/images/products/3/LN_565210_BP_3.jpg,https://www.waitrose.com/ecom/products/essential-natural-greek-style-yogurt/565210-80062-80063,Essential Natural Greek Style Yogurt,500g,£1.10,22p/100g,,Everyday Value
028863,Essential White Ultra Soft Bathroom Tissue,G,false,15,https://ecom-su-static-prod.wtrecom.com/images/products/3/LN_028863_BP_3.jpg,https://www.waitrose.com/ecom/products/essential-white-ultra-soft-bathroom-tissue/028863-14063-14064,Essential White Ultra Soft Bathroom Tissue,9x190 sheets,£4.00,23.4p/100 sheets,,Everyday Value
486988,Essential Chicken Breast Fillets,G,false,16,https://ecom-su-static-prod.wtrecom.com/images/products/3/LN_486988_BP_3.jpg,https://www.waitrose.com/ecom/products/essential-chicken-breast-fillets/486988-707752-707753,Essential Chicken Breast Fillets,600g,£4.75,£7.92/kg,,Everyday Value
019831,Essential Sweetcorn,G,true,17,https://ecom-su-static-prod.wtrecom.com/images/products/3/LN_019831_BP_3.jpg,https://www.waitrose.com/ecom/products/essential-sweetcorn/019831-9662-9663,Essential Sweetcorn,drained 160g,80p,£5/kg,Add 3 for £2,Everyday Value
058459,Essential Still Natural Mineral Water,G,false,18,https://ecom-su-static-prod.wtrecom.com/images/products/3/LN_058459_BP_3.jpg,https://www.waitrose.com/ecom/products/essential-still-natural-mineral-water/058459-29415-29416,Essential Still Natural Mineral Water,4x2litre,£1.85,2.3p/100ml,,Everyday Value
053447,Essential British Free Range Semi-Skimmed Milk 1 Pint,G,false,19,https://ecom-su-static-prod.wtrecom.com/images/products/3/LN_053447_BP_3.jpg,https://www.waitrose.com/ecom/products/essential-british-free-range-semi-skimmed-milk-1-pint/053447-26747-26748,Essential British Free Range Semi-Skimmed Milk 1 Pint,568ml,95p,£1.68/litre,,Everyday Value
507172,Essential Ready to Eat Avocado,G,true,20,https://ecom-su-static-prod.wtrecom.com/images/products/3/LN_507172_BP_3.jpg,https://www.waitrose.com/ecom/products/essential-ready-to-eat-avocado/507172-802462-802463,Essential Ready to Eat Avocado,Each,64p,64p each,20% Off. Was 80p,Everyday Value
493820,Essential 8 Large Tortilla Wraps,G,false,21,https://ecom-su-static-prod.wtrecom.com/images/products/3/LN_493820_BP_3.jpg,https://www.waitrose.com/ecom/products/essential-8-large-tortilla-wraps/493820-255817-255818,Essential 8 Large Tortilla Wraps,8s,£1.30,16.3p each,,Everyday Value
086469,Essential Large Cucumber,G,false,22,https://ecom-su-static-prod.wtrecom.com/images/products/3/LN_086469_BP_3.jpg,https://www.waitrose.com/ecom/products/essential-large-cucumber/086469-44160-44161,Essential Large Cucumber,Each,£1.10,£1.10 each,,Everyday Value
088458,Essential Limes,G,true,23,https://ecom-su-static-prod.wtrecom.com/images/products/3/LN_088458_BP_3.jpg,https://www.waitrose.com/ecom/products/essential-limes/088458-45397-45398,Essential Limes,6s,£1.50,25p each,Add 2 for £2.50,Everyday Value
376067,Essential Frozen Blueberries,G,false,24,https://ecom-su-static-prod.wtrecom.com/images/products/3/LN_376067_BP_3.jpg,https://www.waitrose.com/ecom/products/essential-frozen-blueberries/376067-52962-52963,Essential Frozen Blueberries,400g,£2.35,58.8p/100g,,Everyday Value
058455,Essential Carbonated Natural Mineral Water,G,false,25,https://ecom-su-static-prod.wtrecom.com/images/products/3/LN_058455_BP_3.jpg,https://www.waitrose.com/ecom/products/essential-carbonated-natural-mineral-water/058455-29411-29412,Essential Carbonated Natural Mineral Water,4x2litre,£1.95,2.4p/100ml,,Everyday Value
053142,Essential Salad Mixed,G,false,26,https://ecom-su-static-prod.wtrecom.com/images/products/3/LN_053142_BP_3.jpg,https://www.waitrose.com/ecom/products/essential-salad-mixed/053142-26529-26530,Essential Salad Mixed,100g,95p,95p/100g,,Everyday Value
054505,Essential Coleslaw,G,false,27,https://ecom-su-static-prod.wtrecom.com/images/products/3/LN_054505_BP_3.jpg,https://www.waitrose.com/ecom/products/essential-coleslaw/054505-27403-27404,Essential Coleslaw,300g,£1.20,40p/100g,,Everyday Value
003521,Essential Aluminium Foil 10m x 300mm,G,false,28,https://ecom-su-static-prod.wtrecom.com/images/products/3/LN_003521_BP_3.jpg,https://www.waitrose.com/ecom/products/essential-aluminium-foil-10m-x-300mm/003521-1413-1414,Essential Aluminium Foil 10m x 300mm,Each,£1.50,£1.50 each,,Everyday Value
760378,Essential Kitchen Rolls,G,false,29,https://ecom-su-static-prod.wtrecom.com/images/products/3/LN_760378_BP_3.jpg,https://www.waitrose.com/ecom/products/essential-kitchen-rolls/760378-698132-698133,Essential Kitchen Rolls,4x100 sheets,£4.30,£1.08/100 sheets,,Everyday Value
812962,Essential Baby Potatoes,G,false,30,https://ecom-su-static-prod.wtrecom.com/images/products/3/LN_812962_BP_3.jpg,https://www.waitrose.com/ecom/products/essential-baby-potatoes/812962-801502-801503,Essential Baby Potatoes,1Kg,£1.30,£1.30/kg,,Everyday Value
670304,Essential Italian Mozzarella Cheese Strength 1,G,false,31,https://ecom-su-static-prod.wtrecom.com/images/products/3/LN_670304_BP_3.jpg,https://www.waitrose.com/ecom/products/essential-italian-mozzarella-cheese-strength-1/670304-705290-705291,Essential Italian Mozzarella Cheese Strength 1,drained 150g,£1.40,£9.34/kg,,Everyday Value
519514,"Essential Chicken Thighs, Skin-on & Bone-in",G,false,32,https://ecom-su-static-prod.wtrecom.com/images/products/3/LN_519514_BP_3.jpg,https://www.waitrose.com/ecom/products/essential-chicken-thighs-skin-on-bone-in/519514-707754-707755,"Essential Chicken Thighs, Skin-on & Bone-in",1Kg,£3.25,£3.25/kg,,Everyday Value
495389,Essential Unsalted Butter,G,false,33,https://ecom-su-static-prod.wtrecom.com/images/products/3/LN_495389_BP_3.jpg,https://www.waitrose.com/ecom/products/essential-unsalted-butter/495389-70038-70039,Essential Unsalted Butter,250g,£1.75,£7/kg,,Everyday Value
576831,Essential Oat Milk Unsweetened Dairy Free Milk Alternative,G,false,34,https://ecom-su-static-prod.wtrecom.com/images/products/3/LN_576831_BP_3.jpg,https://www.waitrose.com/ecom/products/essential-oat-milk-unsweetened-dairy-free-milk-alternative/576831-759552-759553,Essential Oat Milk Unsweetened Dairy Free Milk Alternative,1litre,£1.10,£1.10/litre,,Everyday Value
019706,Essential Chopped Tomatoes in Natural Juice,G,false,35,https://ecom-su-static-prod.wtrecom.com/images/products/3/LN_019706_BP_3.jpg,https://www.waitrose.com/ecom/products/essential-chopped-tomatoes-in-natural-juice/019706-9575-9576,Essential Chopped Tomatoes in Natural Juice,400g,60p,£1.50/kg,,Everyday Value
011506,Essential Tortilla Chips Salted,G,false,36,https://ecom-su-static-prod.wtrecom.com/images/products/3/LN_011506_BP_3.jpg,https://www.waitrose.com/ecom/products/essential-tortilla-chips-salted/011506-5710-5711,Essential Tortilla Chips Salted,200g,£1.10,55p/100g,,Everyday Value
446420,Essential Coconut Milk,G,false,37,https://ecom-su-static-prod.wtrecom.com/images/products/3/LN_446420_BP_3.jpg,https://www.waitrose.com/ecom/products/essential-coconut-milk/446420-62863-62864,Essential Coconut Milk,400ml,£1.10,£2.75/litre,,Everyday Value
003551,Essential Thick Bleach,G,false,38,https://ecom-su-static-prod.wtrecom.com/images/products/3/LN_003551_BP_3.jpg,https://www.waitrose.com/ecom/products/essential-thick-bleach/003551-1445-1446,Essential Thick Bleach,750ml,75p,£1/litre,,Everyday Value
771268,Essential Frozen Raspberries,G,false,39,https://ecom-su-static-prod.wtrecom.com/images/products/3/LN_771268_BP_3.jpg,https://www.waitrose.com/ecom/products/essential-frozen-raspberries/771268-198052-198053,Essential Frozen Raspberries,350g,£2.35,67.1p/100g,,Everyday Value
088313,Essential Galia Melon,G,true,40,https://ecom-su-static-prod.wtrecom.com/images/products/3/LN_088313_BP_3.jpg,https://www.waitrose.com/ecom/products/essential-galia-melon/088313-428554-45278,Essential Galia Melon,Each,£2.10,£2.10 each,Add 2 for £4,Everyday Value
057243,Essential White Floured Baps,G,false,41,https://ecom-su-static-prod.wtrecom.com/images/products/3/LN_057243_BP_3.jpg,https://www.waitrose.com/ecom/products/essential-white-floured-baps/057243-28795-28796,Essential White Floured Baps,6s,90p,15p each,,Everyday Value
429716,Essential Parmigiano Reggiano DOP Parmesan Cheese Strength 5,G,false,42,https://ecom-su-static-prod.wtrecom.com/images/products/3/LN_429716_BP_3.jpg,https://www.waitrose.com/ecom/products/essential-parmigiano-reggiano-dop-parmesan-cheese-strength-5/429716-129600-129601,Essential Parmigiano Reggiano DOP Parmesan Cheese Strength 5,175g,£3.00,£17.15/kg,,Everyday Value
048782,Essential Houmous,G,false,43,https://ecom-su-static-prod.wtrecom.com/images/products/3/LN_048782_BP_3.jpg,https://www.waitrose.com/ecom/products/essential-houmous/048782-24276-24277,Essential Houmous,200g,£1.45,72.5p/100g,,Everyday Value
054003,Essential Frozen British Garden Peas,G,false,44,https://ecom-su-static-prod.wtrecom.com/images/products/3/LN_054003_BP_3.jpg,https://www.waitrose.com/ecom/products/essential-frozen-british-garden-peas/054003-27079-27080,Essential Frozen British Garden Peas,725g,£1.20,£1.66/kg,,Everyday Value
741335,Essential Oranges,G,true,45,https://ecom-su-static-prod.wtrecom.com/images/products/3/LN_741335_BP_3.jpg,https://www.waitrose.com/ecom/products/essential-oranges/741335-794800-794801,Essential Oranges,5s,£1.50,30p each,Add 2 for £2.50,Everyday Value
003380,Essential Ready Salted Crisps,G,false,46,https://ecom-su-static-prod.wtrecom.com/images/products/3/LN_003380_BP_3.jpg,https://www.waitrose.com/ecom/products/essential-ready-salted-crisps/003380-1329-1330,Essential Ready Salted Crisps,6x25g,£1.25,83.3p/100g,,Everyday Value
670629,Essential White Ultra Soft Bathroom Tissue,G,false,47,https://ecom-su-static-prod.wtrecom.com/images/products/3/LN_670629_BP_3.jpg,https://www.waitrose.com/ecom/products/essential-white-ultra-soft-bathroom-tissue/670629-95217-95218,Essential White Ultra Soft Bathroom Tissue,16x190 sheets,£7.00,23p/100 sheets,,Everyday Value
569590,Essential Frozen French Fries,G,false,48,https://ecom-su-static-prod.wtrecom.com/images/products/3/LN_569590_BP_3.jpg,https://www.waitrose.com/ecom/products/essential-frozen-french-fries/569590-771173-771174,Essential Frozen French Fries,900g,£1.75,£1.95/kg,,Everyday Value
061343,Essential Potato Salad,G,false,49,https://ecom-su-static-prod.wtrecom.com/images/products/3/LN_061343_BP_3.jpg,https://www.waitrose.com/ecom/products/essential-potato-salad/061343-31048-31049,Essential Potato Salad,300g,£1.20,40p/100g,,Everyday Value
065131,Essential Baguette,G,false,50,https://ecom-su-static-prod.wtrecom.com/images/products/3/LN_065131_BP_3.jpg,https://www.waitrose.com/ecom/products/essential-baguette/065131-33004-33005,Essential Baguette,400g,£1.20,30p/100g,,Everyday Value
628170,Essential 20% Fat British Beef Mince,G,false,51,https://ecom-su-static-prod.wtrecom.com/images/products/3/LN_628170_BP_3.jpg,https://www.waitrose.com/ecom/products/essential-20-fat-british-beef-mince/628170-726394-726395,Essential 20% Fat British Beef Mince,500g,£2.75,£5.50/kg,,Everyday Value
389776,Essential Thin & Crispy Cheese & Tomato Pizza,G,false,52,https://ecom-su-static-prod.wtrecom.com/images/products/3/LN_389776_BP_3.jpg,https://www.waitrose.com/ecom/products/essential-thin-crispy-cheese-tomato-pizza/389776-54797-54798,Essential Thin & Crispy Cheese & Tomato Pizza,142g,£1.50,£10.57/kg,,Everyday Value
086922,Essential Iceberg Lettuce,G,false,53,https://ecom-su-static-prod.wtrecom.com/images/products/3/LN_086922_BP_3.jpg,https://www.waitrose.com/ecom/products/essential-iceberg-lettuce/086922-44408-44409,Essential Iceberg Lettuce,250g,£1.10,44p/100g,,Everyday Value
061370,McVitie's Digestives The Original Biscuits,G,false,54,https://ecom-su-static-prod.wtrecom.com/images/products/3/LN_061370_BP_3.jpg,https://www.waitrose.com/ecom/products/mcvities-digestives-the-original-biscuits/061370-31064-31065,McVitie's Digestives The Original Biscuits,360g,£1.80,50p/100g,,Everyday Value
058054,Essential Sugar Free Indian Tonic Water,G,false,55,https://ecom-su-static-prod.wtrecom.com/images/products/3/LN_058054_BP_3.jpg,https://www.waitrose.com/ecom/products/essential-sugar-free-indian-tonic-water/058054-29146-29147,Essential Sugar Free Indian Tonic Water,1litre,85p,8.5p/100ml,,Everyday Value
097580,Essential Tomato Ketchup,G,false,56,https://ecom-su-static-prod.wtrecom.com/images/products/3/LN_097580_BP_3.jpg,https://www.waitrose.com/ecom/products/essential-tomato-ketchup/097580-49819-49820,Essential Tomato Ketchup,470g,95p,20.2p/100g,,Everyday Value
021131,Essential Pure Orange Juice,G,false,57,https://ecom-su-static-prod.wtrecom.com/images/products/3/LN_021131_BP_3.jpg,https://www.waitrose.com/ecom/products/essential-pure-orange-juice/021131-10299-10300,Essential Pure Orange Juice,1litre,£1.80,18p/100ml,,Everyday Value
002124,Essential Cream Crackers,G,false,58,https://ecom-su-static-prod.wtrecom.com/images/products/3/LN_002124_BP_3.jpg,https://www.waitrose.com/ecom/products/essential-cream-crackers/002124-580-581,Essential Cream Crackers,300g,70p,23.3p/100g,,Everyday Value
059990,Essential Frozen Supersweet Sweetcorn,G,false,59,https://ecom-su-static-prod.wtrecom.com/images/products/3/LN_059990_BP_3.jpg,https://www.waitrose.com/ecom/products/essential-frozen-supersweet-sweetcorn/059990-30307-30308,Essential Frozen Supersweet Sweetcorn,750g,£1.40,£1.87/kg,,Everyday Value
054209,Essential Frozen British Broccoli Florets,G,false,60,https://ecom-su-static-prod.wtrecom.com/images/products/3/LN_054209_BP_3.jpg,https://www.waitrose.com/ecom/products/essential-frozen-british-broccoli-florets/054209-27201-27202,Essential Frozen British Broccoli Florets,750g,£1.30,£1.74/kg,,Everyday Value
085428,Essential Runner Beans,G,false,61,https://ecom-su-static-prod.wtrecom.com/images/products/3/LN_085428_BP_3.jpg,https://www.waitrose.com/ecom/products/essential-runner-beans/085428-43472-43473,Essential Runner Beans,280g,£2.20,£7.86/kg,,Everyday Value
042277,Essential Beansprouts,G,true,62,https://ecom-su-static-prod.wtrecom.com/images/products/3/LN_042277_BP_3.jpg,https://www.waitrose.com/ecom/products/essential-beansprouts/042277-20928-20929,Essential Beansprouts,250g,80p,32p/100g,"£7 Stir Fry Meal Deal: Add protein, veg, sauce & rice or noodles",Everyday Value
883134,Essential Floor Wipes,G,false,63,https://ecom-su-static-prod.wtrecom.com/images/products/3/LN_883134_BP_3.jpg,https://www.waitrose.com/ecom/products/essential-floor-wipes/883134-366641-366642,Essential Floor Wipes,15s,£1.10,7.3p each,,Everyday Value
007834,Marmite Yeast Extract Spread,G,false,64,https://ecom-su-static-prod.wtrecom.com/images/products/3/LN_007834_BP_3.jpg,https://www.waitrose.com/ecom/products/marmite-yeast-extract-spread/007834-3717-3718,Marmite Yeast Extract Spread,250g,£3.35,£1.34/100g,,Everyday Value
001204,Essential Corn Flakes,G,false,65,https://ecom-su-static-prod.wtrecom.com/images/products/3/LN_001204_BP_3.jpg,https://www.waitrose.com/ecom/products/essential-corn-flakes/001204-144-145,Essential Corn Flakes,500g,£1.00,20p/100g,,Everyday Value
034538,Essential Mayonnaise,G,false,66,https://ecom-su-static-prod.wtrecom.com/images/products/3/LN_034538_BP_3.jpg,https://www.waitrose.com/ecom/products/essential-mayonnaise/034538-17345-17346,Essential Mayonnaise,500ml,£1.30,26p/100ml,,Everyday Value
004601,Essential Pure Clear Honey,G,false,67,https://ecom-su-static-prod.wtrecom.com/images/products/3/LN_004601_BP_3.jpg,https://www.waitrose.com/ecom/products/essential-pure-clear-honey/004601-1947-1948,Essential Pure Clear Honey,454g,£1.75,38.5p/100g,,Everyday Value
034128,Essential Vegetable Oil,G,false,68,https://ecom-su-static-prod.wtrecom.com/images/products/3/LN_034128_BP_3.jpg,https://www.waitrose.com/ecom/products/essential-vegetable-oil/034128-17079-17080,Essential Vegetable Oil,1litre,£2.10,21p/100ml,,Everyday Value
016264,Essential Cottage Cheese Strength 1,G,false,69,https://ecom-su-static-prod.wtrecom.com/images/products/3/LN_016264_BP_3.jpg,https://www.waitrose.com/ecom/products/essential-cottage-cheese-strength-1/016264-7790-7791,Essential Cottage Cheese Strength 1,300g,£1.40,£4.67/kg,,Everyday Value
480470,Essential Non PVC Cling Film,G,false,70,https://ecom-su-static-prod.wtrecom.com/images/products/3/LN_480470_BP_3.jpg,https://www.waitrose.com/ecom/products/essential-non-pvc-cling-film/480470-549873-549874,Essential Non PVC Cling Film,36s,£2.40,6.7p each,,Everyday Value
091545,Essential Tomato & Basil Sauce,G,false,71,https://ecom-su-static-prod.wtrecom.com/images/products/3/LN_091545_BP_3.jpg,https://www.waitrose.com/ecom/products/essential-tomato-basil-sauce/091545-47146-47147,Essential Tomato & Basil Sauce,350g,£1.95,55.7p/100g,,Everyday Value
807621,Essential MSC Tuna Chunks in Spring Water,G,false,72,https://ecom-su-static-prod.wtrecom.com/images/products/3/LN_807621_BP_3.jpg,https://www.waitrose.com/ecom/products/essential-msc-tuna-chunks-in-spring-water/807621-728764-728765,Essential MSC Tuna Chunks in Spring Water,drained 112g,£1.25,£1.12/100g,,Everyday Value
019525,Essential Red Kidney Beans in Water,G,false,73,https://ecom-su-static-prod.wtrecom.com/images/products/3/LN_019525_BP_3.jpg,https://www.waitrose.com/ecom/products/essential-red-kidney-beans-in-water/019525-9455-9456,Essential Red Kidney Beans in Water,drained 180g,50p,£2.78/kg,,Everyday Value
552147,Essential Multigrain Hoops,G,false,74,https://ecom-su-static-prod.wtrecom.com/images/products/3/LN_552147_BP_3.jpg,https://www.waitrose.com/ecom/products/essential-multigrain-hoops/552147-722850-722851,Essential Multigrain Hoops,375g,£1.25,33.3p/100g,,Everyday Value
039006,Essential Cosmetic Pads,G,false,75,https://ecom-su-static-prod.wtrecom.com/images/products/3/LN_039006_BP_3.jpg,https://www.waitrose.com/ecom/products/essential-cosmetic-pads/039006-19369-19370,Essential Cosmetic Pads,100s,£1.75,1.8p each,,Everyday Value
006721,Essential Raisins,G,false,76,https://ecom-su-static-prod.wtrecom.com/images/products/3/LN_006721_BP_3.jpg,https://www.waitrose.com/ecom/products/essential-raisins/006721-2991-2992,Essential Raisins,500g,£1.90,£3.80/kg,,Everyday Value
040262,Essential Mature Grated Cheddar Cheese Strength 4,G,false,77,https://ecom-su-static-prod.wtrecom.com/images/products/3/LN_040262_BP_3.jpg,https://www.waitrose.com/ecom/products/essential-mature-grated-cheddar-cheese-strength-4/040262-19921-19922,Essential Mature Grated Cheddar Cheese Strength 4,250g,£2.80,£11.20/kg,,Everyday Value
034140,Essential Olive Oil,G,false,78,https://ecom-su-static-prod.wtrecom.com/images/products/3/LN_034140_BP_3.jpg,https://www.waitrose.com/ecom/products/essential-olive-oil/034140-17085-17086,Essential Olive Oil,1litre,£8.00,80p/100ml,,Everyday Value
004501,Essential Seville Orange Marmalade Fine Cut,G,false,79,https://ecom-su-static-prod.wtrecom.com/images/products/3/LN_004501_BP_3.jpg,https://www.waitrose.com/ecom/products/essential-seville-orange-marmalade-fine-cut/004501-1903-1904,Essential Seville Orange Marmalade Fine Cut,454g,£1.00,22p/100g,,Everyday Value
054326,Essential Frozen Vegetable Mix,G,false,80,https://ecom-su-static-prod.wtrecom.com/images/products/3/LN_054326_BP_3.jpg,https://www.waitrose.com/ecom/products/essential-frozen-vegetable-mix/054326-27277-27278,Essential Frozen Vegetable Mix,750g,£1.20,£1.60/kg,,Everyday Value
027471,Essential Pure Juice Apple,G,false,81,https://ecom-su-static-prod.wtrecom.com/images/products/3/LN_027471_BP_3.jpg,https://www.waitrose.com/ecom/products/essential-pure-juice-apple/027471-13375-13376,Essential Pure Juice Apple,6x200ml,£2.10,17.5p/100ml,,Everyday Value
434840,Essential 7 British Roast Ham Slices,G,false,82,https://ecom-su-static-prod.wtrecom.com/images/products/3/LN_434840_BP_3.jpg,https://www.waitrose.com/ecom/products/essential-7-british-roast-ham-slices/434840-724839-724840,Essential 7 British Roast Ham Slices,80g,£1.10,£1.38/100g,,Everyday Value
033310,Essential French Brie Cheese Strength 2,G,false,83,https://ecom-su-static-prod.wtrecom.com/images/products/3/LN_033310_BP_3.jpg,https://www.waitrose.com/ecom/products/essential-french-brie-cheese-strength-2/033310-16543-16544,Essential French Brie Cheese Strength 2,200g,£1.80,£9/kg,,Everyday Value
477443,Essential Extra Mature Cheddar Cheese Strength 6 Large,G,false,84,https://ecom-su-static-prod.wtrecom.com/images/products/3/LN_477443_BP_3.jpg,https://www.waitrose.com/ecom/products/essential-extra-mature-cheddar-cheese-strength-6-large/477443-443702-443703,Essential Extra Mature Cheddar Cheese Strength 6 Large,550g,£3.95,£7.19/kg,,Everyday Value
055051,Essential Wholemeal Medium Sliced Bread,G,false,85,https://ecom-su-static-prod.wtrecom.com/images/products/3/LN_055051_BP_3.jpg,https://www.waitrose.com/ecom/products/essential-wholemeal-medium-sliced-bread/055051-27670-27671,Essential Wholemeal Medium Sliced Bread,800g,75p,9.4p/100g,,Everyday Value
830298,Essential Milk Choc Ices,G,false,86,https://ecom-su-static-prod.wtrecom.com/images/products/3/LN_830298_BP_3.jpg,https://www.waitrose.com/ecom/products/essential-milk-choc-ices/830298-767705-767706,Essential Milk Choc Ices,6x70ml,£1.70,40.5p/100ml,,Everyday Value
412389,Essential NAS Apple & Blackcurrant,G,false,87,https://ecom-su-static-prod.wtrecom.com/images/products/3/LN_412389_BP_3.jpg,https://www.waitrose.com/ecom/products/essential-nas-apple-blackcurrant/412389-776616-776617,Essential NAS Apple & Blackcurrant,1.5litre,£1.40,9.3p/100ml,,Everyday Value
519928,Essential Breaded Chicken Breast Goujons,G,false,88,https://ecom-su-static-prod.wtrecom.com/images/products/3/LN_519928_BP_3.jpg,https://www.waitrose.com/ecom/products/essential-breaded-chicken-breast-goujons/519928-451610-451611,Essential Breaded Chicken Breast Goujons,270g,£2.50,£9.26/kg,,Everyday Value
443101,Essential 12 British Pork Chipolatas,G,false,89,https://ecom-su-static-prod.wtrecom.com/images/products/3/LN_443101_BP_3.jpg,https://www.waitrose.com/ecom/products/essential-12-british-pork-chipolatas/443101-409188-409189,Essential 12 British Pork Chipolatas,340g,£1.95,£5.74/kg,,Everyday Value
881209,Coca-Cola Original Taste Can,G,false,90,https://ecom-su-static-prod.wtrecom.com/images/products/3/LN_881209_BP_3.jpg,https://www.waitrose.com/ecom/products/coca-cola-original-taste-can/881209-767317-767318,Coca-Cola Original Taste Can,8x330ml,£5.20,19.7p/100ml,,Everyday Value
004407,Essential Strawberry Jam,G,false,91,https://ecom-su-static-prod.wtrecom.com/images/products/3/LN_004407_BP_3.jpg,https://www.waitrose.com/ecom/products/essential-strawberry-jam/004407-1829-1830,Essential Strawberry Jam,454g,£1.20,26.4p/100g,,Everyday Value
020110,Essential Apricot Halves in Fruit Juice,G,false,92,https://ecom-su-static-prod.wtrecom.com/images/products/3/LN_020110_BP_3.jpg,https://www.waitrose.com/ecom/products/essential-apricot-halves-in-fruit-juice/020110-9787-9788,Essential Apricot Halves in Fruit Juice,drained 240g,£1.15,£4.80/kg,,Everyday Value
427343,Essential Cooked Peeled Prawns,G,false,93,https://ecom-su-static-prod.wtrecom.com/images/products/3/LN_427343_BP_3.jpg,https://www.waitrose.com/ecom/products/essential-cooked-peeled-prawns/427343-152273-152274,Essential Cooked Peeled Prawns,150g,£2.95,£1.97/100g,,Everyday Value
089978,Essential 2 Iced Belgian Buns,G,false,94,https://ecom-su-static-prod.wtrecom.com/images/products/3/LN_089978_BP_3.jpg,https://www.waitrose.com/ecom/products/essential-2-iced-belgian-buns/089978-46398-46399,Essential 2 Iced Belgian Buns,2s,£1.75,87.5p each,,Everyday Value
751795,Waitrose Flush Top Refuse Bags,G,false,95,https://ecom-su-static-prod.wtrecom.com/images/products/3/LN_751795_BP_3.jpg,https://www.waitrose.com/ecom/products/waitrose-flush-top-refuse-bags/751795-803476-803477,Waitrose Flush Top Refuse Bags,20s,£2.50,12.5p each,,Everyday Value
728497,Essential Washing Up Liquid Orginal,G,false,96,https://ecom-su-static-prod.wtrecom.com/images/products/3/LN_728497_BP_3.jpg,https://www.waitrose.com/ecom/products/essential-washing-up-liquid-orginal/728497-803222-803223,Essential Washing Up Liquid Orginal,500ml,70p,£1.40/litre,,Everyday Value
031512,Essential Garlic Baguette,G,false,97,https://ecom-su-static-prod.wtrecom.com/images/products/3/LN_031512_BP_3.jpg,https://www.waitrose.com/ecom/products/essential-garlic-baguette/031512-15351-15352,Essential Garlic Baguette,210g,£1.15,54.8p/100g,,Everyday Value
085218,Essential Savoy Cabbage,G,false,98,https://ecom-su-static-prod.wtrecom.com/images/products/3/LN_085218_BP_3.jpg,https://www.waitrose.com/ecom/products/essential-savoy-cabbage/085218-43291-43292,Essential Savoy Cabbage,Each,£1.00,£1 each,,Everyday Value
099838,Essential Olive Spread,G,false,99,https://ecom-su-static-prod.wtrecom.com/images/products/3/LN_099838_BP_3.jpg,https://www.waitrose.com/ecom/products/essential-olive-spread/099838-51007-51008,Essential Olive Spread,500g,£1.50,£3/kg,,Everyday Value
006211,Essential Plain White Flour,G,false,100,https://ecom-su-static-prod.wtrecom.com/images/products/3/LN_006211_BP_3.jpg,https://www.waitrose.com/ecom/products/essential-plain-white-flour/006211-2726-2727,Essential Plain White Flour,500g,50p,£1/kg,,Everyday Value
034647,Essential Creamed Horseradish,G,false,101,https://ecom-su-static-prod.wtrecom.com/images/products/3/LN_034647_BP_3.jpg,https://www.waitrose.com/ecom/products/essential-creamed-horseradish/034647-17443-17444,Essential Creamed Horseradish,180g,£1.00,55.6p/100g,,Everyday Value
687276,Essential Table Salt,G,false,102,https://ecom-su-static-prod.wtrecom.com/images/products/3/LN_687276_BP_3.jpg,https://www.waitrose.com/ecom/products/essential-table-salt/687276-723940-723941,Essential Table Salt,750g,70p,93.3p/kg,,Everyday Value
697205,Essential All Purpose Cloths,G,false,103,https://ecom-su-static-prod.wtrecom.com/images/products/3/LN_697205_BP_3.jpg,https://www.waitrose.com/ecom/products/essential-all-purpose-cloths/697205-483403-483404,Essential All Purpose Cloths,25s,£2.70,10.8p each,,Everyday Value
369061,Essential Bathroom & Toilet Wipes,G,false,104,https://ecom-su-static-prod.wtrecom.com/images/products/3/LN_369061_BP_3.jpg,https://www.waitrose.com/ecom/products/essential-bathroom-toilet-wipes/369061-287872-287873,Essential Bathroom & Toilet Wipes,40s,£1.10,2.8p each,,Everyday Value
004653,Essential Smooth Peanut Butter,G,false,105,https://ecom-su-static-prod.wtrecom.com/images/products/3/LN_004653_BP_3.jpg,https://www.waitrose.com/ecom/products/essential-smooth-peanut-butter/004653-1987-1988,Essential Smooth Peanut Butter,340g,£1.80,52.9p/100g,,Everyday Value
722139,Essential Jam Tarts,G,false,106,https://ecom-su-static-prod.wtrecom.com/images/products/3/LN_722139_BP_3.jpg,https://www.waitrose.com/ecom/products/essential-jam-tarts/722139-204959-204960,Essential Jam Tarts,6s,£1.30,21.7p each,,Everyday Value
017442,Essential Long Grain Rice Easy Cook,G,false,107,https://ecom-su-static-prod.wtrecom.com/images/products/3/LN_017442_BP_3.jpg,https://www.waitrose.com/ecom/products/essential-long-grain-rice-easy-cook/017442-8440-8441,Essential Long Grain Rice Easy Cook,1kg,£1.50,£1.50/kg,,Everyday Value
002144,Essential Shortcake Biscuits,G,false,108,https://ecom-su-static-prod.wtrecom.com/images/products/3/LN_002144_BP_3.jpg,https://www.waitrose.com/ecom/products/essential-shortcake-biscuits/002144-602-603,Essential Shortcake Biscuits,400g,£1.25,31.3p/100g,,Everyday Value
758216,Essential Fat Free Natural Yogurt,G,false,109,https://ecom-su-static-prod.wtrecom.com/images/products/3/LN_758216_BP_3.jpg,https://www.waitrose.com/ecom/products/essential-fat-free-natural-yogurt/758216-107855-107856,Essential Fat Free Natural Yogurt,500g,90p,18p/100g,,Everyday Value
006220,Essential Strong Wholemeal Bread Wheat Flour,G,false,110,https://ecom-su-static-prod.wtrecom.com/images/products/3/LN_006220_BP_3.jpg,https://www.waitrose.com/ecom/products/essential-strong-wholemeal-bread-wheat-flour/006220-2736-2737,Essential Strong Wholemeal Bread Wheat Flour,1.5kg,£1.50,£1/kg,,Everyday Value
888666,Essential Medium Household Gloves,G,false,111,https://ecom-su-static-prod.wtrecom.com/images/products/3/LN_888666_BP_3.jpg,https://www.waitrose.com/ecom/products/essential-medium-household-gloves/888666-744382-744383,Essential Medium Household Gloves,pair,£1.50,£1.50 each,,Everyday Value
085148,Essential Parsnips,G,false,112,https://ecom-su-static-prod.wtrecom.com/images/products/3/LN_085148_BP_3.jpg,https://www.waitrose.com/ecom/products/essential-parsnips/085148-43238-43239,Essential Parsnips,500g,75p,£1.50/kg,,Everyday Value
001324,Essential Spinach,G,false,113,https://ecom-su-static-prod.wtrecom.com/images/products/3/LN_001324_BP_3.jpg,https://www.waitrose.com/ecom/products/essential-spinach/001324-228-229,Essential Spinach,450g,£2.70,£6/kg,,Everyday Value
453796,Coca-Cola Original Taste Bottle,G,false,114,https://ecom-su-static-prod.wtrecom.com/images/products/3/LN_453796_BP_3.jpg,https://www.waitrose.com/ecom/products/coca-cola-original-taste-bottle/453796-766785-766786,Coca-Cola Original Taste Bottle,1.75L,£2.40,13.7p/100ml,,Everyday Value
017255,Essential Lasagne Sheets,G,false,115,https://ecom-su-static-prod.wtrecom.com/images/products/3/LN_017255_BP_3.jpg,https://www.waitrose.com/ecom/products/essential-lasagne-sheets/017255-8326-8327,Essential Lasagne Sheets,375g,75p,£2/kg,,Everyday Value
043826,Essential Fruit Muesli,G,false,116,https://ecom-su-static-prod.wtrecom.com/images/products/3/LN_043826_BP_3.jpg,https://www.waitrose.com/ecom/products/essential-fruit-muesli/043826-21600-21601,Essential Fruit Muesli,1kg,£3.00,30p/100g,,Everyday Value
007639,Essential Wholegrain Mustard,G,false,117,https://ecom-su-static-prod.wtrecom.com/images/products/3/LN_007639_BP_3.jpg,https://www.waitrose.com/ecom/products/essential-wholegrain-mustard/007639-3580-3581,Essential Wholegrain Mustard,185g,95p,51.4p/100g,,Everyday Value
864716,Haribo Starmix,G,true,118,https://ecom-su-static-prod.wtrecom.com/images/products/3/LN_864716_BP_3.jpg,https://www.waitrose.com/ecom/products/haribo-starmix/864716-450803-450804,Haribo Starmix,175g,£1.25,71.4p/100g,save 25p. Was £1.50,Everyday Value
767502,Essential British Beef Frying Steak,G,false,119,https://ecom-su-static-prod.wtrecom.com/images/products/3/LN_767502_BP_3.jpg,https://www.waitrose.com/ecom/products/essential-british-beef-frying-steak/767502-109153-109154,Essential British Beef Frying Steak,300g,£3.75,£12.50/kg,,Everyday Value
027117,Essential Original Blend 80 Tea Bags,G,false,120,https://ecom-su-static-prod.wtrecom.com/images/products/3/LN_027117_BP_3.jpg,https://www.waitrose.com/ecom/products/essential-original-blend-80-tea-bags/027117-13179-13180,Essential Original Blend 80 Tea Bags,250g,£1.25,50p/100g,,Everyday Value
631865,Essential Hazelnut Chocolate Spread,G,false,121,https://ecom-su-static-prod.wtrecom.com/images/products/3/LN_631865_BP_3.jpg,https://www.waitrose.com/ecom/products/essential-hazelnut-chocolate-spread/631865-457152-457153,Essential Hazelnut Chocolate Spread,400g,£2.00,50p/100g,,Everyday Value
670527,Essential Chunks in Jelly Selection,G,false,122,https://ecom-su-static-prod.wtrecom.com/images/products/3/LN_670527_BP_3.jpg,https://www.waitrose.com/ecom/products/essential-chunks-in-jelly-selection/670527-175211-175211,Essential Chunks in Jelly Selection,6x400g,£4.80,£2/kg,,Everyday Value
058053,Waitrose Lemonade with Lemon Juice NAS,G,false,123,https://ecom-su-static-prod.wtrecom.com/images/products/3/LN_058053_BP_3.jpg,https://www.waitrose.com/ecom/products/waitrose-lemonade-with-lemon-juice-nas/058053-29144-29145,Waitrose Lemonade with Lemon Juice NAS,1litre,70p,7p/100ml,,Everyday Value
058932,Essential 30 British Pork Cocktail Sausages,G,false,124,https://ecom-su-static-prod.wtrecom.com/images/products/3/LN_058932_BP_3.jpg,https://www.waitrose.com/ecom/products/essential-30-british-pork-cocktail-sausages/058932-29662-29663,Essential 30 British Pork Cocktail Sausages,390g,£3.75,£9.62/kg,,Everyday Value
839351,Essential Pine Disinfectant,G,false,125,https://ecom-su-static-prod.wtrecom.com/images/products/3/LN_839351_BP_3.jpg,https://www.waitrose.com/ecom/products/essential-pine-disinfectant/839351-804268-804269,Essential Pine Disinfectant,1litre,£1.50,£1.50/litre,,Everyday Value
597462,Essential Anti-Bac Trigger Spray,G,false,126,https://ecom-su-static-prod.wtrecom.com/images/products/3/LN_597462_BP_3.jpg,https://www.waitrose.com/ecom/products/essential-anti-bac-trigger-spray/597462-804238-804239,Essential Anti-Bac Trigger Spray,750ml,£1.10,£1.47/litre,,Everyday Value
003323,Essential Sensitive Talc,G,false,127,https://ecom-su-static-prod.wtrecom.com/images/products/3/LN_003323_BP_3.jpg,https://www.waitrose.com/ecom/products/essential-sensitive-talc/003323-1277-1278,Essential Sensitive Talc,250g,£1.40,56p/100g,,Everyday Value
886174,Essential Thick Sponge Cloths,G,false,128,https://ecom-su-static-prod.wtrecom.com/images/products/3/LN_886174_BP_3.jpg,https://www.waitrose.com/ecom/products/essential-thick-sponge-cloths/886174-484439-484440,Essential Thick Sponge Cloths,5s,£1.90,38p each,,Everyday Value
638721,Essential Surface Wipes,G,false,129,https://ecom-su-static-prod.wtrecom.com/images/products/3/LN_638721_BP_3.jpg,https://www.waitrose.com/ecom/products/essential-surface-wipes/638721-744306-744307,Essential Surface Wipes,36s,£1.10,3.1p each,,Everyday Value
017450,Essential Whole Grain Rice,G,false,130,https://ecom-su-static-prod.wtrecom.com/images/products/3/LN_017450_BP_3.jpg,https://www.waitrose.com/ecom/products/essential-whole-grain-rice/017450-8450-8451,Essential Whole Grain Rice,1kg,£2.00,£2/kg,,Everyday Value
058491,Essential Onion Rings,G,false,131,https://ecom-su-static-prod.wtrecom.com/images/products/3/LN_058491_BP_3.jpg,https://www.waitrose.com/ecom/products/essential-onion-rings/058491-29431-29432,Essential Onion Rings,100g,£1.10,£1.10/100g,,Everyday Value
755013,Essential Fairtrade Mountain Blend Ground Coffee,G,false,132,https://ecom-su-static-prod.wtrecom.com/images/products/3/LN_755013_BP_3.jpg,https://www.waitrose.com/ecom/products/essential-fairtrade-mountain-blend-ground-coffee/755013-107381-107382,Essential Fairtrade Mountain Blend Ground Coffee,227g,£2.85,£1.26/100g,,Everyday Value
048483,Essential Super Absorbant Cloths,G,false,133,https://ecom-su-static-prod.wtrecom.com/images/products/3/LN_048483_BP_3.jpg,https://www.waitrose.com/ecom/products/essential-super-absorbant-cloths/048483-24066-24067,Essential Super Absorbant Cloths,3s,£1.25,41.7p each,,Everyday Value
826713,Essential Mint Sauce,G,false,134,https://ecom-su-static-prod.wtrecom.com/images/products/3/LN_826713_BP_3.jpg,https://www.waitrose.com/ecom/products/essential-mint-sauce/826713-208009-208010,Essential Mint Sauce,275g,£1.10,40p/100g,,Everyday Value
639736,Essential Meat & Fish Selection in Jelly,G,false,135,https://ecom-su-static-prod.wtrecom.com/images/products/3/LN_639736_BP_3.jpg,https://www.waitrose.com/ecom/products/essential-meat-fish-selection-in-jelly/639736-146655-146655,Essential Meat & Fish Selection in Jelly,6x400g,£4.80,£2/kg,,Everyday Value
025511,Waitrose Mini Baby Cotton Wool Balls,G,false,136,https://ecom-su-static-prod.wtrecom.com/images/products/3/LN_025511_BP_3.jpg,https://www.waitrose.com/ecom/products/waitrose-mini-baby-cotton-wool-balls/025511-12428-12429,Waitrose Mini Baby Cotton Wool Balls,80s,£1.05,1.3p each,,Everyday Value
551848,Essential 24 British Beef Meatballs,G,false,137,https://ecom-su-static-prod.wtrecom.com/images/products/3/LN_551848_BP_3.jpg,https://www.waitrose.com/ecom/products/essential-24-british-beef-meatballs/551848-806239-806240,Essential 24 British Beef Meatballs,400g,£3.60,£9/kg,,Everyday Value
776778,Essential Kitchen Wipes,G,false,138,https://ecom-su-static-prod.wtrecom.com/images/products/3/LN_776778_BP_3.jpg,https://www.waitrose.com/ecom/products/essential-kitchen-wipes/776778-720305-720306,Essential Kitchen Wipes,36s,£1.10,3.1p each,,Everyday Value
006745,Essential Mixed Fruit,G,false,139,https://ecom-su-static-prod.wtrecom.com/images/products/3/LN_006745_BP_3.jpg,https://www.waitrose.com/ecom/products/essential-mixed-fruit/006745-3013-3014,Essential Mixed Fruit,1kg,£3.25,£3.25/kg,,Everyday Value
873709,Essential Original Instant Oats,G,false,140,https://ecom-su-static-prod.wtrecom.com/images/products/3/LN_873709_BP_3.jpg,https://www.waitrose.com/ecom/products/essential-original-instant-oats/873709-164954-164955,Essential Original Instant Oats,10x27g,£1.35,50p/100g,,Everyday Value
873274,Essential Clear Plasters,G,false,141,https://ecom-su-static-prod.wtrecom.com/images/products/3/LN_873274_BP_3.jpg,https://www.waitrose.com/ecom/products/essential-clear-plasters/873274-311480-311481,Essential Clear Plasters,40s,£1.50,3.8p each,,Everyday Value
