data-product-id,data-product-name,data-product-type,data-product-on-offer,data-product-index,image-url,product-page,product-name,product-size,item-price,price-per-unit,offer-description,category
393918,Hellmann's Squeezy Real Mayonnaise,G,true,204,https://ecom-su-static-prod.wtrecom.com/images/products/3/LN_393918_BP_3.jpg,https://www.waitrose.com/ecom/products/hellmanns-squeezy-real-mayonnaise/393918-55355-55356,Hellmann's Squeezy Real Mayonnaise,430ml,£2.50,58.1p/100ml,save 50p. Was £3.00,Food Cupboard
682129,Pringles Sour Cream & Onion Sharing Crisps,G,true,99,https://ecom-su-static-prod.wtrecom.com/images/products/3/LN_682129_BP_3.jpg,https://www.waitrose.com/ecom/products/pringles-sour-cream-onion-sharing-crisps/682129-140893-140894,Pringles Sour Cream & Onion Sharing Crisps,185g,£1.85,£1/100g,save 40p. Was £2.25,Food Cupboard
647910,Pringles Original Sharing Crisps,G,true,105,https://ecom-su-static-prod.wtrecom.com/images/products/3/LN_647910_BP_3.jpg,https://www.waitrose.com/ecom/products/pringles-original-sharing-crisps/647910-140863-140864,Pringles Original Sharing Crisps,185g,£1.85,£1/100g,save 40p. Was £2.25,Food Cupboard
856706,Essential Free Range White Eggs,G,false,4,https://ecom-su-static-prod.wtrecom.com/images/products/3/LN_856706_BP_3.jpg,https://www.waitrose.com/ecom/products/essential-free-range-white-eggs/856706-653765-653766,Essential Free Range White Eggs,6s,£1.30,21.7p each,,Food Cupboard
019062,Essential Baked Beans in Tomato Sauce,G,true,5,https://ecom-su-static-prod.wtrecom.com/images/products/3/LN_019062_BP_3.jpg,https://www.waitrose.com/ecom/products/essential-baked-beans-in-tomato-sauce/019062-9205-9206,Essential Baked Beans in Tomato Sauce,420g,55p,£1.31/kg,Add 4 for £1.90,Food Cupboard
082926,Waitrose FR Mixed Size Eggs British Blacktail,G,false,6,https://ecom-su-static-prod.wtrecom.com/images/products/3/LN_082926_BP_3.jpg,https://www.waitrose.com/ecom/products/waitrose-fr-mixed-size-eggs-british-blacktail/082926-42143-42144,Waitrose FR Mixed Size Eggs British Blacktail,12s,£3.20,26.7p each,,Food Cupboard
085847,Waitrose Large British Blacktail Free Range Eggs,G,false,7,https://ecom-su-static-prod.wtrecom.com/images/products/3/LN_085847_BP_3.jpg,https://www.waitrose.com/ecom/products/waitrose-large-british-blacktail-free-range-eggs/085847-43794-43795,Waitrose Large British Blacktail Free Range Eggs,12s,£4.25,35.4p each,,Food Cupboard
002912,Essential Double Cream,G,false,8,https://ecom-su-static-prod.wtrecom.com/images/products/3/LN_002912_BP_3.jpg,https://www.waitrose.com/ecom/products/essential-double-cream/002912-421421-1060,Essential Double Cream,300ml,£1.25,41.7p/100ml,,Food Cupboard
004737,Waitrose British Blacktail FR Medium Eggs,G,false,9,https://ecom-su-static-prod.wtrecom.com/images/products/3/LN_004737_BP_3.jpg,https://www.waitrose.com/ecom/products/waitrose-british-blacktail-fr-medium-eggs/004737-2041-2042,Waitrose British Blacktail FR Medium Eggs,6s,£1.75,29.2p each,,Food Cupboard
039809,Waitrose Eggs British Blacktail Free Range,G,false,10,https://ecom-su-static-prod.wtrecom.com/images/products/3/LN_039809_BP_3.jpg,https://www.waitrose.com/ecom/products/waitrose-eggs-british-blacktail-free-range/039809-19704-19705,Waitrose Eggs British Blacktail Free Range,6s,£2.60,43.3p each,,Food Cupboard
019831,Essential Sweetcorn,G,true,11,https://ecom-su-static-prod.wtrecom.com/images/products/3/LN_019831_BP_3.jpg,https://www.waitrose.com/ecom/products/essential-sweetcorn/019831-9662-9663,Essential Sweetcorn,drained 160g,80p,£5/kg,Add 3 for £2,Food Cupboard
421437,Essential Chickpeas in Water,G,false,12,https://ecom-su-static-prod.wtrecom.com/images/products/3/LN_421437_BP_3.jpg,https://www.waitrose.com/ecom/products/essential-chickpeas-in-water/421437-805739-805740,Essential Chickpeas in Water,240g Drained,70p,£2.92/kg,,Food Cupboard
073892,Essential Chopped Tomatoes in Natural Juice,G,false,13,https://ecom-su-static-prod.wtrecom.com/images/products/3/LN_073892_BP_3.jpg,https://www.waitrose.com/ecom/products/essential-chopped-tomatoes-in-natural-juice/073892-37497-37497,Essential Chopped Tomatoes in Natural Juice,4x400g,£2.20,£1.38/kg,,Food Cupboard
004908,Kerrygold Pure Irish Salted Butter,G,false,14,https://ecom-su-static-prod.wtrecom.com/images/products/3/LN_004908_BP_3.jpg,https://www.waitrose.com/ecom/products/kerrygold-pure-irish-salted-butter/004908-2111-2112,Kerrygold Pure Irish Salted Butter,250g,£2.75,£11/kg,,Food Cupboard
003521,Essential Aluminium Foil 10m x 300mm,G,false,15,https://ecom-su-static-prod.wtrecom.com/images/products/3/LN_003521_BP_3.jpg,https://www.waitrose.com/ecom/products/essential-aluminium-foil-10m-x-300mm/003521-1413-1414,Essential Aluminium Foil 10m x 300mm,Each,£1.50,£1.50 each,,Food Cupboard
095692,Duchy Organic British Free Range Eggs Large,G,false,16,https://ecom-su-static-prod.wtrecom.com/images/products/3/LN_095692_BP_3.jpg,https://www.waitrose.com/ecom/products/duchy-organic-british-free-range-eggs-large/095692-49035-49036,Duchy Organic British Free Range Eggs Large,6s,£3.50,58.3p each,,Food Cupboard
807028,Essential Custard Creams,G,false,17,https://ecom-su-static-prod.wtrecom.com/images/products/3/LN_807028_BP_3.jpg,https://www.waitrose.com/ecom/products/essential-custard-creams/807028-706659-706660,Essential Custard Creams,150g,35p,23.3p/100g,,Food Cupboard
019720,Essential Tomato Purée Double Concentrated,G,false,18,https://ecom-su-static-prod.wtrecom.com/images/products/3/LN_019720_BP_3.jpg,https://www.waitrose.com/ecom/products/essential-tomato-puree-double-concentrated/019720-9593-9594,Essential Tomato Purée Double Concentrated,200g,75p,£3.75/kg,,Food Cupboard
867143,Duchy Organic British Free Range Eggs,G,false,19,https://ecom-su-static-prod.wtrecom.com/images/products/3/LN_867143_BP_3.jpg,https://www.waitrose.com/ecom/products/duchy-organic-british-free-range-eggs/867143-373749-373750,Duchy Organic British Free Range Eggs,12s,£5.50,45.8p each,,Food Cupboard
019061,Essential Baked Beans in Tomato Sauce,G,false,20,https://ecom-su-static-prod.wtrecom.com/images/products/3/LN_019061_BP_3.jpg,https://www.waitrose.com/ecom/products/essential-baked-beans-in-tomato-sauce/019061-9203-9204,Essential Baked Beans in Tomato Sauce,220g,40p,£1.82/kg,,Food Cupboard
082118,Tyrrell's Lightly Sea Salted Crisps,G,false,21,https://ecom-su-static-prod.wtrecom.com/images/products/3/LN_082118_BP_3.jpg,https://www.waitrose.com/ecom/products/tyrrells-lightly-sea-salted-crisps/082118-41773-41774,Tyrrell's Lightly Sea Salted Crisps,150g,£2.75,£1.84/100g,,Food Cupboard
002138,Waitrose Shortbread Fingers,G,false,22,https://ecom-su-static-prod.wtrecom.com/images/products/3/LN_002138_BP_3.jpg,https://www.waitrose.com/ecom/products/waitrose-shortbread-fingers/002138-592-593,Waitrose Shortbread Fingers,200g,95p,47.5p/100g,,Food Cupboard
003354,Walkers Ready Salted Multipack Crisps,G,true,23,https://ecom-su-static-prod.wtrecom.com/images/products/3/LN_003354_BP_3.jpg,https://www.waitrose.com/ecom/products/walkers-ready-salted-multipack-crisps/003354-1301-1302,Walkers Ready Salted Multipack Crisps,6x25g,£2.25,£1.50/100g,Add 2 for £3.25,Food Cupboard
019547,Essential Red Kidney Beans in Water,G,false,24,https://ecom-su-static-prod.wtrecom.com/images/products/3/LN_019547_BP_3.jpg,https://www.waitrose.com/ecom/products/essential-red-kidney-beans-in-water/019547-9481-9482,Essential Red Kidney Beans in Water,drained 240g,60p,£2.50/kg,,Food Cupboard
019706,Essential Chopped Tomatoes in Natural Juice,G,false,25,https://ecom-su-static-prod.wtrecom.com/images/products/3/LN_019706_BP_3.jpg,https://www.waitrose.com/ecom/products/essential-chopped-tomatoes-in-natural-juice/019706-9575-9576,Essential Chopped Tomatoes in Natural Juice,400g,60p,£1.50/kg,,Food Cupboard
011506,Essential Tortilla Chips Salted,G,false,26,https://ecom-su-static-prod.wtrecom.com/images/products/3/LN_011506_BP_3.jpg,https://www.waitrose.com/ecom/products/essential-tortilla-chips-salted/011506-5710-5711,Essential Tortilla Chips Salted,200g,£1.10,55p/100g,,Food Cupboard
446420,Essential Coconut Milk,G,false,27,https://ecom-su-static-prod.wtrecom.com/images/products/3/LN_446420_BP_3.jpg,https://www.waitrose.com/ecom/products/essential-coconut-milk/446420-62863-62864,Essential Coconut Milk,400ml,£1.10,£2.75/litre,,Food Cupboard
819592,Clarence Court Large Burford Browns FR Eggs,G,false,28,https://ecom-su-static-prod.wtrecom.com/images/products/3/LN_819592_BP_3.jpg,https://www.waitrose.com/ecom/products/clarence-court-large-burford-browns-fr-eggs/819592-635098-635099,Clarence Court Large Burford Browns FR Eggs,6s,£3.95,65.8p each,,Food Cupboard
014520,Duchy Organic British Free Range Medium Eggs,G,false,29,https://ecom-su-static-prod.wtrecom.com/images/products/3/LN_014520_BP_3.jpg,https://www.waitrose.com/ecom/products/duchy-organic-british-free-range-medium-eggs/014520-6974-6975,Duchy Organic British Free Range Medium Eggs,6s,£2.75,45.8p each,,Food Cupboard
567360,Waitrose Basmati Rice,G,false,30,https://ecom-su-static-prod.wtrecom.com/images/products/3/LN_567360_BP_3.jpg,https://www.waitrose.com/ecom/products/waitrose-basmati-rice/567360-695064-695065,Waitrose Basmati Rice,250g,75p,£3/kg,,Food Cupboard
827066,Essential Passata,G,false,31,https://ecom-su-static-prod.wtrecom.com/images/products/3/LN_827066_BP_3.jpg,https://www.waitrose.com/ecom/products/essential-passata/827066-230035-230036,Essential Passata,680g,95p,£1.40/kg,,Food Cupboard
034147,Waitrose Extra Virgin Olive Oil,G,false,32,https://ecom-su-static-prod.wtrecom.com/images/products/3/LN_034147_BP_3.jpg,https://www.waitrose.com/ecom/products/waitrose-extra-virgin-olive-oil/034147-17095-17096,Waitrose Extra Virgin Olive Oil,1litre,£9.50,95p/100ml,,Food Cupboard
002215,Essential Bourbon Creams Biscuits,G,false,33,https://ecom-su-static-prod.wtrecom.com/images/products/3/LN_002215_BP_3.jpg,https://www.waitrose.com/ecom/products/essential-bourbon-creams-biscuits/002215-668-669,Essential Bourbon Creams Biscuits,400g,90p,22.5p/100g,,Food Cupboard
805573,Essential MSC Tuna Chunks in Spring Water,G,false,34,https://ecom-su-static-prod.wtrecom.com/images/products/3/LN_805573_BP_3.jpg,https://www.waitrose.com/ecom/products/essential-msc-tuna-chunks-in-spring-water/805573-457222-457223,Essential MSC Tuna Chunks in Spring Water,drained 4x112g,£4.75,£1.07/100g,,Food Cupboard
003380,Essential Ready Salted Crisps,G,false,35,https://ecom-su-static-prod.wtrecom.com/images/products/3/LN_003380_BP_3.jpg,https://www.waitrose.com/ecom/products/essential-ready-salted-crisps/003380-1329-1330,Essential Ready Salted Crisps,6x25g,£1.25,83.3p/100g,,Food Cupboard
019024,Heinz Baked Beans Single Serve,G,true,36,https://ecom-su-static-prod.wtrecom.com/images/products/3/LN_019024_BP_3.jpg,https://www.waitrose.com/ecom/products/heinz-baked-beans-single-serve/019024-9179-9180,Heinz Baked Beans Single Serve,200g,£1.00,£5/kg,Add 2 for £1.50,Food Cupboard
745533,Cirio Polpa Chopped Tomatoes,G,false,37,https://ecom-su-static-prod.wtrecom.com/images/products/3/LN_745533_BP_3.jpg,https://www.waitrose.com/ecom/products/cirio-polpa-chopped-tomatoes/745533-162203-162204,Cirio Polpa Chopped Tomatoes,4x400g,£5.00,£3.13/kg,,Food Cupboard
019030,Heinz Baked Beans 4 Pack,G,true,38,https://ecom-su-static-prod.wtrecom.com/images/products/3/LN_019030_BP_3.jpg,https://www.waitrose.com/ecom/products/heinz-baked-beans-4-pack/019030-9187-9188,Heinz Baked Beans 4 Pack,4x415g,£4.00,£2.41/kg,Add 2 for £7,Food Cupboard
473833,Waitrose Wholegrain Rice,G,false,39,https://ecom-su-static-prod.wtrecom.com/images/products/3/LN_473833_BP_3.jpg,https://www.waitrose.com/ecom/products/waitrose-wholegrain-rice/473833-695008-695009,Waitrose Wholegrain Rice,250g,75p,£3/kg,,Food Cupboard
009589,Lindt Excellence Dark Chocolate 70% Cocoa,G,true,40,https://ecom-su-static-prod.wtrecom.com/images/products/3/LN_009589_BP_3.jpg,https://www.waitrose.com/ecom/products/lindt-excellence-dark-chocolate-70-cocoa/009589-4735-4736,Lindt Excellence Dark Chocolate 70% Cocoa,100g,£2.15,£2.15/100g,save 60p. Was £2.75,Food Cupboard
019025,Heinz Baked Beans,G,true,41,https://ecom-su-static-prod.wtrecom.com/images/products/3/LN_019025_BP_3.jpg,https://www.waitrose.com/ecom/products/heinz-baked-beans/019025-9181-9182,Heinz Baked Beans,415g,£1.40,£3.38/kg,Add 2 for £2,Food Cupboard
026159,"Kit Kat 2 Finger Milk Chocolate Biscuit Bars Multipack, 9 Pack",G,true,42,https://ecom-su-static-prod.wtrecom.com/images/products/3/LN_026159_BP_3.jpg,https://www.waitrose.com/ecom/products/kit-kat-2-finger-milk-chocolate-biscuit-bars-multipack-9-pack/026159-12731-12732,"Kit Kat 2 Finger Milk Chocolate Biscuit Bars Multipack, 9 Pack",9x20.7g,£1.60,85.9p/100g,20% Off. Was £2.00,Food Cupboard
584333,Essential Cannellini Beans,G,false,43,https://ecom-su-static-prod.wtrecom.com/images/products/3/LN_584333_BP_3.jpg,https://www.waitrose.com/ecom/products/essential-cannellini-beans/584333-805769-805770,Essential Cannellini Beans,400g,70p,£2.92/kg,,Food Cupboard
001224,Essential Porridge Oats,G,false,44,https://ecom-su-static-prod.wtrecom.com/images/products/3/LN_001224_BP_3.jpg,https://www.waitrose.com/ecom/products/essential-porridge-oats/001224-164-165,Essential Porridge Oats,1kg,£1.25,12.5p/100g,,Food Cupboard
001216,Essential Wholewheat Biscuits,G,false,45,https://ecom-su-static-prod.wtrecom.com/images/products/3/LN_001216_BP_3.jpg,https://www.waitrose.com/ecom/products/essential-wholewheat-biscuits/001216-156-157,Essential Wholewheat Biscuits,24s,£2.00,8.3p each,,Food Cupboard
075908,Tilda Pure Basmati Rice,G,false,46,https://ecom-su-static-prod.wtrecom.com/images/products/3/LN_075908_BP_3.jpg,https://www.waitrose.com/ecom/products/tilda-pure-basmati-rice/075908-38522-38523,Tilda Pure Basmati Rice,250g,£1.65,£6.60/kg,,Food Cupboard
003232,Walkers Cheese & Onion Multipack Crisps,G,true,47,https://ecom-su-static-prod.wtrecom.com/images/products/3/LN_003232_BP_3.jpg,https://www.waitrose.com/ecom/products/walkers-cheese-onion-multipack-crisps/003232-1231-1232,Walkers Cheese & Onion Multipack Crisps,6x25g,£2.25,£1.50/100g,Add 2 for £3.25,Food Cupboard
709332,"Kit Kat 2 Finger Milk Chocolate Biscuit Bars Multipack, 14 Pack",G,false,48,https://ecom-su-static-prod.wtrecom.com/images/products/3/LN_709332_BP_3.jpg,https://www.waitrose.com/ecom/products/kit-kat-2-finger-milk-chocolate-biscuit-bars-multipack-14-pack/709332-347830-347831,"Kit Kat 2 Finger Milk Chocolate Biscuit Bars Multipack, 14 Pack",14x20.7g,£3.00,£1.04/100g,,Food Cupboard
065367,Green & Black's Organic 85% Dark Chocolate Bar,G,false,49,https://ecom-su-static-prod.wtrecom.com/images/products/3/LN_065367_BP_3.jpg,https://www.waitrose.com/ecom/products/green-blacks-organic-85-dark-chocolate-bar/065367-33133-33134,Green & Black's Organic 85% Dark Chocolate Bar,90g,£2.50,£2.78/100g,,Food Cupboard
058777,Essential Ginger Nuts,G,false,50,https://ecom-su-static-prod.wtrecom.com/images/products/3/LN_058777_BP_3.jpg,https://www.waitrose.com/ecom/products/essential-ginger-nuts/058777-29578-29579,Essential Ginger Nuts,300g,85p,28.3p/100g,,Food Cupboard
370583,Tyrrells Furrows Sea Salted Crisps,G,true,51,https://ecom-su-static-prod.wtrecom.com/images/products/3/LN_370583_BP_3.jpg,https://www.waitrose.com/ecom/products/tyrrells-furrows-sea-salted-crisps/370583-52100-52101,Tyrrells Furrows Sea Salted Crisps,150g,£2.00,£1.34/100g,save 75p. Was £2.75,Food Cupboard
009644,Waitrose Belgian Dark Chocolate 72%,G,false,52,https://ecom-su-static-prod.wtrecom.com/images/products/3/LN_009644_BP_3.jpg,https://www.waitrose.com/ecom/products/waitrose-belgian-dark-chocolate-72/009644-4773-4774,Waitrose Belgian Dark Chocolate 72%,180g,£2.20,£1.23/100g,,Food Cupboard
098343,Waitrose All Butter Cheese Twists,G,false,53,https://ecom-su-static-prod.wtrecom.com/images/products/3/LN_098343_BP_3.jpg,https://www.waitrose.com/ecom/products/waitrose-all-butter-cheese-twists/098343-50137-50138,Waitrose All Butter Cheese Twists,125g,£1.75,£1.40/100g,,Food Cupboard
061370,McVitie's Digestives The Original Biscuits,G,false,54,https://ecom-su-static-prod.wtrecom.com/images/products/3/LN_061370_BP_3.jpg,https://www.waitrose.com/ecom/products/mcvities-digestives-the-original-biscuits/061370-31064-31065,McVitie's Digestives The Original Biscuits,360g,£1.80,50p/100g,,Food Cupboard
504251,Essential Basmati Rice,G,false,55,https://ecom-su-static-prod.wtrecom.com/images/products/3/LN_504251_BP_3.jpg,https://www.waitrose.com/ecom/products/essential-basmati-rice/504251-148433-148434,Essential Basmati Rice,1kg,£2.30,£2.30/kg,,Food Cupboard
825121,Mutti Finely Chopped Tomatoes,G,true,56,https://ecom-su-static-prod.wtrecom.com/images/products/3/LN_825121_BP_3.jpg,https://www.waitrose.com/ecom/products/mutti-finely-chopped-tomatoes/825121-730910-730911,Mutti Finely Chopped Tomatoes,4x400g,£4.00,£2.50/kg,save £1.35. Was £5.35,Food Cupboard
019737,Essential Penne,G,false,57,https://ecom-su-static-prod.wtrecom.com/images/products/3/LN_019737_BP_3.jpg,https://www.waitrose.com/ecom/products/essential-penne/019737-9611-9612,Essential Penne,1kg,£1.40,£1.40/kg,,Food Cupboard
037885,Waitrose Blacktail Free Range Very Large Eggs,G,false,58,https://ecom-su-static-prod.wtrecom.com/images/products/3/LN_037885_BP_3.jpg,https://www.waitrose.com/ecom/products/waitrose-blacktail-free-range-very-large-eggs/037885-18905-18906,Waitrose Blacktail Free Range Very Large Eggs,6s,£2.95,49.2p each,,Food Cupboard
097580,Essential Tomato Ketchup,G,false,59,https://ecom-su-static-prod.wtrecom.com/images/products/3/LN_097580_BP_3.jpg,https://www.waitrose.com/ecom/products/essential-tomato-ketchup/097580-49819-49820,Essential Tomato Ketchup,470g,95p,20.2p/100g,,Food Cupboard
052810,Jus-Rol Puff Pastry Sheet,G,true,60,https://ecom-su-static-prod.wtrecom.com/images/products/3/LN_052810_BP_3.jpg,https://www.waitrose.com/ecom/products/jus-rol-puff-pastry-sheet/052810-26331-26332,Jus-Rol Puff Pastry Sheet,320g,£1.25,£3.91/kg,save 50p. Was £1.75,Food Cupboard
020916,Essential Prunes in Apple Juice,G,false,61,https://ecom-su-static-prod.wtrecom.com/images/products/3/LN_020916_BP_3.jpg,https://www.waitrose.com/ecom/products/essential-prunes-in-apple-juice/020916-10169-10170,Essential Prunes in Apple Juice,drained 235g,£1.20,£5.11/kg,,Food Cupboard
019768,Harry Ramsden's Mushy Peas,G,false,62,https://ecom-su-static-prod.wtrecom.com/images/products/3/LN_019768_BP_3.jpg,https://www.waitrose.com/ecom/products/harry-ramsdens-mushy-peas/019768-9623-9624,Harry Ramsden's Mushy Peas,300g,95p,£3.17/kg,,Food Cupboard
032695,McVitie's Digestives The Original Biscuits Twin Pack,G,false,63,https://ecom-su-static-prod.wtrecom.com/images/products/3/LN_032695_BP_3.jpg,https://www.waitrose.com/ecom/products/mcvities-digestives-the-original-biscuits-twin-pack/032695-15989-15990,McVitie's Digestives The Original Biscuits Twin Pack,720g,£3.20,44.4p/100g,,Food Cupboard
022540,Essential Sardines in Water,G,false,64,https://ecom-su-static-prod.wtrecom.com/images/products/3/LN_022540_BP_3.jpg,https://www.waitrose.com/ecom/products/essential-sardines-in-water/022540-11005-11006,Essential Sardines in Water,drained 84g,65p,77.4p/100g,,Food Cupboard
002227,Essential Malted Milk Biscuits,G,false,65,https://ecom-su-static-prod.wtrecom.com/images/products/3/LN_002227_BP_3.jpg,https://www.waitrose.com/ecom/products/essential-malted-milk-biscuits/002227-682-683,Essential Malted Milk Biscuits,200g,60p,30p/100g,,Food Cupboard
065398,Tyrrells Sea Salt & Cider Vinegar Crisps,G,false,66,https://ecom-su-static-prod.wtrecom.com/images/products/3/LN_065398_BP_3.jpg,https://www.waitrose.com/ecom/products/tyrrells-sea-salt-cider-vinegar-crisps/065398-33151-33152,Tyrrells Sea Salt & Cider Vinegar Crisps,150g,£2.75,£1.84/100g,,Food Cupboard
022539,Essential Sardines in Olive Oil,G,false,67,https://ecom-su-static-prod.wtrecom.com/images/products/3/LN_022539_BP_3.jpg,https://www.waitrose.com/ecom/products/essential-sardines-in-olive-oil/022539-11003-11004,Essential Sardines in Olive Oil,drained 84g,£1.00,£1.20/100g,,Food Cupboard
377943,Waitrose Anchovy Fillets in Virgin Olive Oil,G,false,68,https://ecom-su-static-prod.wtrecom.com/images/products/3/LN_377943_BP_3.jpg,https://www.waitrose.com/ecom/products/waitrose-anchovy-fillets-in-virgin-olive-oil/377943-53196-53197,Waitrose Anchovy Fillets in Virgin Olive Oil,drained 30g,£1.70,£5.67/100g,,Food Cupboard
065343,Green & Black's Organic 70% Dark Chocolate Bar,G,false,69,https://ecom-su-static-prod.wtrecom.com/images/products/3/LN_065343_BP_3.jpg,https://www.waitrose.com/ecom/products/green-blacks-organic-70-dark-chocolate-bar/065343-33115-33116,Green & Black's Organic 70% Dark Chocolate Bar,90g,£2.50,£2.78/100g,,Food Cupboard
006834,Waitrose Pine Nut Kernels,G,false,70,https://ecom-su-static-prod.wtrecom.com/images/products/3/LN_006834_BP_3.jpg,https://www.waitrose.com/ecom/products/waitrose-pine-nut-kernels/006834-3083-3084,Waitrose Pine Nut Kernels,100g,£3.95,£3.95/100g,,Food Cupboard
002124,Essential Cream Crackers,G,false,71,https://ecom-su-static-prod.wtrecom.com/images/products/3/LN_002124_BP_3.jpg,https://www.waitrose.com/ecom/products/essential-cream-crackers/002124-580-581,Essential Cream Crackers,300g,70p,23.3p/100g,,Food Cupboard
002558,Tunnock's Milk Chocolate Tea Cakes,G,false,72,https://ecom-su-static-prod.wtrecom.com/images/products/3/LN_002558_BP_3.jpg,https://www.waitrose.com/ecom/products/tunnocks-milk-chocolate-tea-cakes/002558-856-857,Tunnock's Milk Chocolate Tea Cakes,6x24g,£1.50,£1.05/100g,,Food Cupboard
002375,Jacob's Mini Cheddars Original 6s,G,false,73,https://ecom-su-static-prod.wtrecom.com/images/products/3/LN_002375_BP_3.jpg,https://www.waitrose.com/ecom/products/jacobs-mini-cheddars-original-6s/002375-780-781,Jacob's Mini Cheddars Original 6s,6x23g,£1.80,£1.31/100g,,Food Cupboard
023767,McVitie's Penguin Milk Chocolate Biscuit Bars,G,false,74,https://ecom-su-static-prod.wtrecom.com/images/products/3/LN_023767_BP_3.jpg,https://www.waitrose.com/ecom/products/mcvities-penguin-milk-chocolate-biscuit-bars/023767-11526-11527,McVitie's Penguin Milk Chocolate Biscuit Bars,172g,£1.75,£1.02/100g,,Food Cupboard
003239,Walkers Baked Crisps Quavers Cheese Multipack Crisps,G,true,75,https://ecom-su-static-prod.wtrecom.com/images/products/3/LN_003239_BP_3.jpg,https://www.waitrose.com/ecom/products/walkers-baked-crisps-quavers-cheese-multipack-crisps/003239-1233-1234,Walkers Baked Crisps Quavers Cheese Multipack Crisps,6x16g,£2.25,£2.35/100g,Add 2 for £3.25,Food Cupboard
048312,Tyrrells Sweet Chilli & Red Pepper Crisps,G,false,76,https://ecom-su-static-prod.wtrecom.com/images/products/3/LN_048312_BP_3.jpg,https://www.waitrose.com/ecom/products/tyrrells-sweet-chilli-red-pepper-crisps/048312-23945-23946,Tyrrells Sweet Chilli & Red Pepper Crisps,150g,£2.75,£1.84/100g,,Food Cupboard
006215,Essential Plain White Flour,G,false,77,https://ecom-su-static-prod.wtrecom.com/images/products/3/LN_006215_BP_3.jpg,https://www.waitrose.com/ecom/products/essential-plain-white-flour/006215-2730-2731,Essential Plain White Flour,1.5kg,85p,56.7p/kg,,Food Cupboard
057519,Cadbury Dairy Milk Chocolate Bar,G,false,78,https://ecom-su-static-prod.wtrecom.com/images/products/3/LN_057519_BP_3.jpg,https://www.waitrose.com/ecom/products/cadbury-dairy-milk-chocolate-bar/057519-28929-28930,Cadbury Dairy Milk Chocolate Bar,180g,£2.50,£1.39/100g,,Food Cupboard
034638,Essential Tartare Sauce,G,false,79,https://ecom-su-static-prod.wtrecom.com/images/products/3/LN_034638_BP_3.jpg,https://www.waitrose.com/ecom/products/essential-tartare-sauce/034638-17435-17436,Essential Tartare Sauce,290g,£1.50,51.7p/100g,,Food Cupboard
706526,Walkers Baked Crisps Variety Multipack Snacks,G,true,80,https://ecom-su-static-prod.wtrecom.com/images/products/3/LN_706526_BP_3.jpg,https://www.waitrose.com/ecom/products/walkers-baked-crisps-variety-multipack-snacks/706526-658481-658481,Walkers Baked Crisps Variety Multipack Snacks,6x22g,£2.25,£1.71/100g,Add 2 for £3.25,Food Cupboard
003148,Kettle Chips Lightly Salted,G,true,81,https://ecom-su-static-prod.wtrecom.com/images/products/3/LN_003148_BP_3.jpg,https://www.waitrose.com/ecom/products/kettle-chips-lightly-salted/003148-1172-1173,Kettle Chips Lightly Salted,130g,£1.50,£1.16/100g,save 90p. Was £2.40,Food Cupboard
029098,Flahavan's Organic Porridge Oats,G,false,82,https://ecom-su-static-prod.wtrecom.com/images/products/3/LN_029098_BP_3.jpg,https://www.waitrose.com/ecom/products/flahavans-organic-porridge-oats/029098-14173-14174,Flahavan's Organic Porridge Oats,1kg,£2.85,28.5p/100g,,Food Cupboard
001308,Essential Fruit & Nut Muesli,G,false,83,https://ecom-su-static-prod.wtrecom.com/images/products/3/LN_001308_BP_3.jpg,https://www.waitrose.com/ecom/products/essential-fruit-nut-muesli/001308-218-219,Essential Fruit & Nut Muesli,1kg,£3.00,30p/100g,,Food Cupboard
732593,Cadbury Twirl Chocolate Bar Multipack 4 Pack,G,false,84,https://ecom-su-static-prod.wtrecom.com/images/products/3/LN_732593_BP_3.jpg,https://www.waitrose.com/ecom/products/cadbury-twirl-chocolate-bar-multipack-4-pack/732593-104095-104096,Cadbury Twirl Chocolate Bar Multipack 4 Pack,136g,£2.00,£1.48/100g,,Food Cupboard
400763,Waitrose Soft Prunes,G,false,85,https://ecom-su-static-prod.wtrecom.com/images/products/3/LN_400763_BP_3.jpg,https://www.waitrose.com/ecom/products/waitrose-soft-prunes/400763-491891-491892,Waitrose Soft Prunes,500g,£3.75,75p/100g,,Food Cupboard
002801,Mini Cheddars Original 12s,G,true,86,https://ecom-su-static-prod.wtrecom.com/images/products/3/LN_002801_BP_3.jpg,https://www.waitrose.com/ecom/products/mini-cheddars-original-12s/002801-1008-1009,Mini Cheddars Original 12s,12x23g,£2.25,81.5p/100g,save 75p. Was £3.00,Food Cupboard
024699,Essential Squeezy Honey,G,false,87,https://ecom-su-static-prod.wtrecom.com/images/products/3/LN_024699_BP_3.jpg,https://www.waitrose.com/ecom/products/essential-squeezy-honey/024699-11962-11963,Essential Squeezy Honey,454g,£2.35,51.8p/100g,,Food Cupboard
028022,Epicure Organic Black Beans,G,true,88,https://ecom-su-static-prod.wtrecom.com/images/products/3/LN_028022_BP_3.jpg,https://www.waitrose.com/ecom/products/epicure-organic-black-beans/028022-13632-13633,Epicure Organic Black Beans,drained 240g,95p,£3.96/kg,20% Off. Was £1.20,Food Cupboard
668582,Tyrrells Mature Cheddar & Chive Crisps,G,false,89,https://ecom-su-static-prod.wtrecom.com/images/products/3/LN_668582_BP_3.jpg,https://www.waitrose.com/ecom/products/tyrrells-mature-cheddar-chive-crisps/668582-94892-94893,Tyrrells Mature Cheddar & Chive Crisps,150g,£2.75,£1.84/100g,,Food Cupboard
029405,Waitrose Cream of Tomato Soup,G,false,90,https://ecom-su-static-prod.wtrecom.com/images/products/3/LN_029405_BP_3.jpg,https://www.waitrose.com/ecom/products/waitrose-cream-of-tomato-soup/029405-14369-14370,Waitrose Cream of Tomato Soup,400g,70p,17.5p/100g,,Food Cupboard
003173,Hula Hoops Original,G,false,91,https://ecom-su-static-prod.wtrecom.com/images/products/3/LN_003173_BP_3.jpg,https://www.waitrose.com/ecom/products/hula-hoops-original/003173-1193-1194,Hula Hoops Original,6x24g,£2.35,£1.64/100g,,Food Cupboard
034482,Essential Pitted Black Olives,G,false,92,https://ecom-su-static-prod.wtrecom.com/images/products/3/LN_034482_BP_3.jpg,https://www.waitrose.com/ecom/products/essential-pitted-black-olives/034482-17313-17314,Essential Pitted Black Olives,drained 150g,£1.40,93.3p/100g,,Food Cupboard
010131,Bahlsen Choco Leibniz Dark Chocolate,G,true,93,https://ecom-su-static-prod.wtrecom.com/images/products/3/LN_010131_BP_3.jpg,https://www.waitrose.com/ecom/products/bahlsen-choco-leibniz-dark-chocolate/010131-5054-5055,Bahlsen Choco Leibniz Dark Chocolate,111g,£1.25,£1.13/100g,save 75p. Was £2.00,Food Cupboard
003179,Walkers Wotsits Crisps Really Cheesy Multipack Snacks,G,true,94,https://ecom-su-static-prod.wtrecom.com/images/products/3/LN_003179_BP_3.jpg,https://www.waitrose.com/ecom/products/walkers-wotsits-crisps-really-cheesy-multipack-snacks/003179-1199-1200,Walkers Wotsits Crisps Really Cheesy Multipack Snacks,6x16.5g,£2.25,£2.28/100g,Add 2 for £3.25,Food Cupboard
732781,Essential Bran Flakes,G,false,95,https://ecom-su-static-prod.wtrecom.com/images/products/3/LN_732781_BP_3.jpg,https://www.waitrose.com/ecom/products/essential-bran-flakes/732781-104123-104124,Essential Bran Flakes,750g,£1.50,20p/100g,,Food Cupboard
010211,Bahlsen Choco Leibniz Milk Chocolate,G,true,96,https://ecom-su-static-prod.wtrecom.com/images/products/3/LN_010211_BP_3.jpg,https://www.waitrose.com/ecom/products/bahlsen-choco-leibniz-milk-chocolate/010211-5084-5085,Bahlsen Choco Leibniz Milk Chocolate,111g,£1.25,£1.13/100g,save 75p. Was £2.00,Food Cupboard
017136,Essential Spaghetti,G,false,97,https://ecom-su-static-prod.wtrecom.com/images/products/3/LN_017136_BP_3.jpg,https://www.waitrose.com/ecom/products/essential-spaghetti/017136-8267-8268,Essential Spaghetti,1kg,£1.40,£1.40/kg,,Food Cupboard
009242,Cadbury Dairy Milk Little Chocolate Bars 6 pack,G,false,98,https://ecom-su-static-prod.wtrecom.com/images/products/3/LN_009242_BP_3.jpg,https://www.waitrose.com/ecom/products/cadbury-dairy-milk-little-chocolate-bars-6-pack/009242-4471-4472,Cadbury Dairy Milk Little Chocolate Bars 6 pack,108g,£1.65,£1.53/100g,,Food Cupboard
682129,Pringles Sour Cream & Onion Sharing Crisps,G,true,99,https://ecom-su-static-prod.wtrecom.com/images/products/3/LN_682129_BP_3.jpg,https://www.waitrose.com/ecom/products/pringles-sour-cream-onion-sharing-crisps/682129-140893-140894,Pringles Sour Cream & Onion Sharing Crisps,185g,£1.85,£1/100g,save 40p. Was £2.25,Food Cupboard
008974,De Cecco Spaghetti,G,false,100,https://ecom-su-static-prod.wtrecom.com/images/products/3/LN_008974_BP_3.jpg,https://www.waitrose.com/ecom/products/de-cecco-spaghetti/008974-4285-4286,De Cecco Spaghetti,500g,£2.00,£4/kg,,Food Cupboard
006821,Waitrose Walnut Pieces,G,false,101,https://ecom-su-static-prod.wtrecom.com/images/products/3/LN_006821_BP_3.jpg,https://www.waitrose.com/ecom/products/waitrose-walnut-pieces/006821-3067-3068,Waitrose Walnut Pieces,200g,£2.75,£13.75/kg,,Food Cupboard
025555,Kallo Lightly Salted Wholegrain Low Fat,G,true,102,https://ecom-su-static-prod.wtrecom.com/images/products/3/LN_025555_BP_3.jpg,https://www.waitrose.com/ecom/products/kallo-lightly-salted-wholegrain-low-fat/025555-12462-12463,Kallo Lightly Salted Wholegrain Low Fat,130g,£1.25,96.2p/100g,20% Off. Was £1.60,Food Cupboard
054268,Merchant Gourmet Puy Lentils,G,true,103,https://ecom-su-static-prod.wtrecom.com/images/products/3/LN_054268_BP_3.jpg,https://www.waitrose.com/ecom/products/merchant-gourmet-puy-lentils/054268-27243-27244,Merchant Gourmet Puy Lentils,250g,£1.50,£6/kg,save 60p. Was £2.10,Food Cupboard
700325,Duchy Organic Butter Beans,G,false,104,https://ecom-su-static-prod.wtrecom.com/images/products/3/LN_700325_BP_3.jpg,https://www.waitrose.com/ecom/products/duchy-organic-butter-beans/700325-747680-747681,Duchy Organic Butter Beans,drained 244g,£1.15,£4.72/kg,,Food Cupboard
647910,Pringles Original Sharing Crisps,G,true,105,https://ecom-su-static-prod.wtrecom.com/images/products/3/LN_647910_BP_3.jpg,https://www.waitrose.com/ecom/products/pringles-original-sharing-crisps/647910-140863-140864,Pringles Original Sharing Crisps,185g,£1.85,£1/100g,save 40p. Was £2.25,Food Cupboard
062764,Waitrose Egg Noodles Medium,G,false,106,https://ecom-su-static-prod.wtrecom.com/images/products/3/LN_062764_BP_3.jpg,https://www.waitrose.com/ecom/products/waitrose-egg-noodles-medium/062764-31867-31868,Waitrose Egg Noodles Medium,250g,£1.25,£5/kg,,Food Cupboard
012397,Waitrose Pitted Medjool Dates,G,false,107,https://ecom-su-static-prod.wtrecom.com/images/products/3/LN_012397_BP_3.jpg,https://www.waitrose.com/ecom/products/waitrose-pitted-medjool-dates/012397-6094-6095,Waitrose Pitted Medjool Dates,165g,£2.85,£17.28/kg,,Food Cupboard
867518,Essential Black Beans in Water,G,false,108,https://ecom-su-static-prod.wtrecom.com/images/products/3/LN_867518_BP_3.jpg,https://www.waitrose.com/ecom/products/essential-black-beans-in-water/867518-809302-809303,Essential Black Beans in Water,420g,70p,£2.78/kg,,Food Cupboard
675691,Pom-Bear Original,G,true,109,https://ecom-su-static-prod.wtrecom.com/images/products/3/LN_675691_BP_3.jpg,https://www.waitrose.com/ecom/products/pom-bear-original/675691-492079-492080,Pom-Bear Original,6x13g,£1.50,£1.93/100g,save 85p. Was £2.35,Food Cupboard
006217,Essential Strong White Bread Flour,G,false,110,https://ecom-su-static-prod.wtrecom.com/images/products/3/LN_006217_BP_3.jpg,https://www.waitrose.com/ecom/products/essential-strong-white-bread-flour/006217-2734-2735,Essential Strong White Bread Flour,1.5kg,£1.40,93.3p/kg,,Food Cupboard
007834,Marmite Yeast Extract Spread,G,false,111,https://ecom-su-static-prod.wtrecom.com/images/products/3/LN_007834_BP_3.jpg,https://www.waitrose.com/ecom/products/marmite-yeast-extract-spread/007834-3717-3718,Marmite Yeast Extract Spread,250g,£3.35,£1.34/100g,,Food Cupboard
085631,Walkers Prawn Cocktail Multipack Crisps,G,true,112,https://ecom-su-static-prod.wtrecom.com/images/products/3/LN_085631_BP_3.jpg,https://www.waitrose.com/ecom/products/walkers-prawn-cocktail-multipack-crisps/085631-43697-43698,Walkers Prawn Cocktail Multipack Crisps,6x25g,£2.25,£1.50/100g,Add 2 for £3.25,Food Cupboard
053832,Waitrose Almonds,G,false,113,https://ecom-su-static-prod.wtrecom.com/images/products/3/LN_053832_BP_3.jpg,https://www.waitrose.com/ecom/products/waitrose-almonds/053832-26982-26983,Waitrose Almonds,150g,£2.25,£1.50/100g,,Food Cupboard
663015,McVitie's Jaffa Cakes Original Twin Pack Biscuits,G,false,114,https://ecom-su-static-prod.wtrecom.com/images/products/3/LN_663015_BP_3.jpg,https://www.waitrose.com/ecom/products/mcvities-jaffa-cakes-original-twin-pack-biscuits/663015-94134-94135,McVitie's Jaffa Cakes Original Twin Pack Biscuits,20s,£2.30,11.5p each,,Food Cupboard
001204,Essential Corn Flakes,G,false,115,https://ecom-su-static-prod.wtrecom.com/images/products/3/LN_001204_BP_3.jpg,https://www.waitrose.com/ecom/products/essential-corn-flakes/001204-144-145,Essential Corn Flakes,500g,£1.00,20p/100g,,Food Cupboard
017485,Waitrose Sun-Dried Tomatoes,G,false,116,https://ecom-su-static-prod.wtrecom.com/images/products/3/LN_017485_BP_3.jpg,https://www.waitrose.com/ecom/products/waitrose-sun-dried-tomatoes/017485-8484-8485,Waitrose Sun-Dried Tomatoes,280g,£3.00,£10.72/kg,,Food Cupboard
067127,Tilda Wholegrain Basmati Rice,G,false,117,https://ecom-su-static-prod.wtrecom.com/images/products/3/LN_067127_BP_3.jpg,https://www.waitrose.com/ecom/products/tilda-wholegrain-basmati-rice/067127-34006-34007,Tilda Wholegrain Basmati Rice,250g,£1.65,£6.60/kg,,Food Cupboard
034538,Essential Mayonnaise,G,false,118,https://ecom-su-static-prod.wtrecom.com/images/products/3/LN_034538_BP_3.jpg,https://www.waitrose.com/ecom/products/essential-mayonnaise/034538-17345-17346,Essential Mayonnaise,500ml,£1.30,26p/100ml,,Food Cupboard
658244,Essential Tomato & Basil Pasta Sauce,G,false,119,https://ecom-su-static-prod.wtrecom.com/images/products/3/LN_658244_BP_3.jpg,https://www.waitrose.com/ecom/products/essential-tomato-basil-pasta-sauce/658244-697886-697887,Essential Tomato & Basil Pasta Sauce,340g,£1.00,29.4p/100g,,Food Cupboard
003231,Walkers Salt & Vinegar Multipack Crisps,G,true,120,https://ecom-su-static-prod.wtrecom.com/images/products/3/LN_003231_BP_3.jpg,https://www.waitrose.com/ecom/products/walkers-salt-vinegar-multipack-crisps/003231-1229-1230,Walkers Salt & Vinegar Multipack Crisps,6x25g,£2.25,£1.50/100g,Add 2 for £3.25,Food Cupboard
017463,Waitrose Arborio Risotto Rice,G,false,121,https://ecom-su-static-prod.wtrecom.com/images/products/3/LN_017463_BP_3.jpg,https://www.waitrose.com/ecom/products/waitrose-arborio-risotto-rice/017463-8466-8467,Waitrose Arborio Risotto Rice,500g,£1.90,£3.80/kg,,Food Cupboard
019543,Essential Lentils in Water,G,false,122,https://ecom-su-static-prod.wtrecom.com/images/products/3/LN_019543_BP_3.jpg,https://www.waitrose.com/ecom/products/essential-lentils-in-water/019543-9473-9474,Essential Lentils in Water,drained 260g,70p,£2.70/kg,,Food Cupboard
026697,Heinz Baked Beans No Added Sugar Single Serve,G,true,123,https://ecom-su-static-prod.wtrecom.com/images/products/3/LN_026697_BP_3.jpg,https://www.waitrose.com/ecom/products/heinz-baked-beans-no-added-sugar-single-serve/026697-12995-12996,Heinz Baked Beans No Added Sugar Single Serve,200g,£1.00,£5/kg,Add 2 for £1.50,Food Cupboard
019725,Cirio Passata,G,true,124,https://ecom-su-static-prod.wtrecom.com/images/products/3/LN_019725_BP_3.jpg,https://www.waitrose.com/ecom/products/cirio-passata/019725-9595-9596,Cirio Passata,500g,95p,£1.90/kg,20% Off. Was £1.20,Food Cupboard
019708,Essential Chopped Tomatoes in Natural Juice,G,false,125,https://ecom-su-static-prod.wtrecom.com/images/products/3/LN_019708_BP_3.jpg,https://www.waitrose.com/ecom/products/essential-chopped-tomatoes-in-natural-juice/019708-9577-9578,Essential Chopped Tomatoes in Natural Juice,227g,50p,£2.21/kg,,Food Cupboard
776278,Gran Luchito 10 Mexican Soft Taco Wraps,G,false,126,https://ecom-su-static-prod.wtrecom.com/images/products/3/LN_776278_BP_3.jpg,https://www.waitrose.com/ecom/products/gran-luchito-10-mexican-soft-taco-wraps/776278-703285-703286,Gran Luchito 10 Mexican Soft Taco Wraps,300g,£1.95,65p/100g,,Food Cupboard
004601,Essential Pure Clear Honey,G,false,127,https://ecom-su-static-prod.wtrecom.com/images/products/3/LN_004601_BP_3.jpg,https://www.waitrose.com/ecom/products/essential-pure-clear-honey/004601-1947-1948,Essential Pure Clear Honey,454g,£1.75,38.5p/100g,,Food Cupboard
558610,Kettle Chips Lightly Salted,G,true,128,https://ecom-su-static-prod.wtrecom.com/images/products/3/LN_558610_BP_3.jpg,https://www.waitrose.com/ecom/products/kettle-chips-lightly-salted/558610-79062-79063,Kettle Chips Lightly Salted,5x25g,£1.75,£1.40/100g,save 65p. Was £2.40,Food Cupboard
728142,Del Monte Peach Slices in Juice,G,false,129,https://ecom-su-static-prod.wtrecom.com/images/products/3/LN_728142_BP_3.jpg,https://www.waitrose.com/ecom/products/del-monte-peach-slices-in-juice/728142-747530-747531,Del Monte Peach Slices in Juice,415g,£1.25,50p/100g,,Food Cupboard
008521,Waitrose Golden Caster Sugar,G,false,130,https://ecom-su-static-prod.wtrecom.com/images/products/3/LN_008521_BP_3.jpg,https://www.waitrose.com/ecom/products/waitrose-golden-caster-sugar/008521-4055-4056,Waitrose Golden Caster Sugar,1kg,£2.65,£2.65/kg,,Food Cupboard
019524,Essential Red Kidney Beans in Chilli Sauce,G,false,131,https://ecom-su-static-prod.wtrecom.com/images/products/3/LN_019524_BP_3.jpg,https://www.waitrose.com/ecom/products/essential-red-kidney-beans-in-chilli-sauce/019524-9453-9454,Essential Red Kidney Beans in Chilli Sauce,395g,£1.00,£2.54/kg,,Food Cupboard
005820,Ambrosia Devon Custard,G,true,132,https://ecom-su-static-prod.wtrecom.com/images/products/3/LN_005820_BP_3.jpg,https://www.waitrose.com/ecom/products/ambrosia-devon-custard/005820-2542-2543,Ambrosia Devon Custard,400g,£1.95,48.8p/100g,Add 2 for £2.50,Food Cupboard
895373,Clarence Court Burford Browns Very Large,G,false,133,https://ecom-su-static-prod.wtrecom.com/images/products/3/LN_895373_BP_3.jpg,https://www.waitrose.com/ecom/products/clarence-court-burford-browns-very-large/895373-679801-679802,Clarence Court Burford Browns Very Large,6s,£4.00,66.7p each,,Food Cupboard
407783,Waitrose Mini Poppadoms,G,false,134,https://ecom-su-static-prod.wtrecom.com/images/products/3/LN_407783_BP_3.jpg,https://www.waitrose.com/ecom/products/waitrose-mini-poppadoms/407783-772714-772715,Waitrose Mini Poppadoms,80g,£1.30,£1.63/100g,,Food Cupboard
006212,Essential Self Raising White Wheat Flour,G,false,135,https://ecom-su-static-prod.wtrecom.com/images/products/3/LN_006212_BP_3.jpg,https://www.waitrose.com/ecom/products/essential-self-raising-white-wheat-flour/006212-2728-2729,Essential Self Raising White Wheat Flour,1.5kg,85p,56.7p/kg,,Food Cupboard
813558,Duchy Organic Chickpeas in Water,G,false,136,https://ecom-su-static-prod.wtrecom.com/images/products/3/LN_813558_BP_3.jpg,https://www.waitrose.com/ecom/products/duchy-organic-chickpeas-in-water/813558-747686-747687,Duchy Organic Chickpeas in Water,drained 246g,£1.15,£4.68/kg,,Food Cupboard
426755,Cadbury Dairy Milk Freddo Chocolate Bars,G,false,137,https://ecom-su-static-prod.wtrecom.com/images/products/3/LN_426755_BP_3.jpg,https://www.waitrose.com/ecom/products/cadbury-dairy-milk-freddo-chocolate-bars/426755-151739-151740,Cadbury Dairy Milk Freddo Chocolate Bars,5x18g,£1.65,£1.84/100g,,Food Cupboard
002619,Waitrose Grissini Italian Breadsticks,G,false,138,https://ecom-su-static-prod.wtrecom.com/images/products/3/LN_002619_BP_3.jpg,https://www.waitrose.com/ecom/products/waitrose-grissini-italian-breadsticks/002619-898-899,Waitrose Grissini Italian Breadsticks,125g,£1.00,80p/100g,,Food Cupboard
005807,Ambrosia Rice Pudding,G,true,139,https://ecom-su-static-prod.wtrecom.com/images/products/3/LN_005807_BP_3.jpg,https://www.waitrose.com/ecom/products/ambrosia-rice-pudding/005807-2522-2523,Ambrosia Rice Pudding,400g,£1.95,48.8p/100g,Add 2 for £2.50,Food Cupboard
034128,Essential Vegetable Oil,G,false,140,https://ecom-su-static-prod.wtrecom.com/images/products/3/LN_034128_BP_3.jpg,https://www.waitrose.com/ecom/products/essential-vegetable-oil/034128-17079-17080,Essential Vegetable Oil,1litre,£2.10,21p/100ml,,Food Cupboard
813746,Waitrose Chocolate Coated Raisins,G,false,141,https://ecom-su-static-prod.wtrecom.com/images/products/3/LN_813746_BP_3.jpg,https://www.waitrose.com/ecom/products/waitrose-chocolate-coated-raisins/813746-368300-368301,Waitrose Chocolate Coated Raisins,135g,£1.80,£1.34/100g,,Food Cupboard
698415,Hellmann's Squeezy Real Mayonnaise,G,false,142,https://ecom-su-static-prod.wtrecom.com/images/products/3/LN_698415_BP_3.jpg,https://www.waitrose.com/ecom/products/hellmanns-squeezy-real-mayonnaise/698415-99147-99148,Hellmann's Squeezy Real Mayonnaise,750ml,£4.25,56.7p/100ml,,Food Cupboard
087694,McVitie's Club Orange Chocolate Biscuit Bars,G,true,143,https://ecom-su-static-prod.wtrecom.com/images/products/3/LN_087694_BP_3.jpg,https://www.waitrose.com/ecom/products/mcvities-club-orange-chocolate-biscuit-bars/087694-44846-44847,McVitie's Club Orange Chocolate Biscuit Bars,154g,£1.00,64.9p/100g,save 90p. Was £1.90,Food Cupboard
002187,Burtons Raspberry Jammie Dodgers,G,false,144,https://ecom-su-static-prod.wtrecom.com/images/products/3/LN_002187_BP_3.jpg,https://www.waitrose.com/ecom/products/burtons-raspberry-jammie-dodgers/002187-640-641,Burtons Raspberry Jammie Dodgers,140g,90p,64.3p/100g,,Food Cupboard
677353,Essential Mackerel Fillets in Olive Oil,G,false,145,https://ecom-su-static-prod.wtrecom.com/images/products/3/LN_677353_BP_3.jpg,https://www.waitrose.com/ecom/products/essential-mackerel-fillets-in-olive-oil/677353-96223-96224,Essential Mackerel Fillets in Olive Oil,drained 82g,£1.25,£1.53/100g,,Food Cupboard
007063,Geeta's Premium Mango Chutney,G,false,146,https://ecom-su-static-prod.wtrecom.com/images/products/3/LN_007063_BP_3.jpg,https://www.waitrose.com/ecom/products/geetas-premium-mango-chutney/007063-3207-3208,Geeta's Premium Mango Chutney,320g,£2.45,76.6p/100g,,Food Cupboard
833713,Batchelors Chicken Super Noodles,G,false,147,https://ecom-su-static-prod.wtrecom.com/images/products/3/LN_833713_BP_3.jpg,https://www.waitrose.com/ecom/products/batchelors-chicken-super-noodles/833713-347896-347897,Batchelors Chicken Super Noodles,90g,£1.00,£1.12/100g,,Food Cupboard
019544,Essential Mixed Bean Salad in Water,G,false,148,https://ecom-su-static-prod.wtrecom.com/images/products/3/LN_019544_BP_3.jpg,https://www.waitrose.com/ecom/products/essential-mixed-bean-salad-in-water/019544-9475-9476,Essential Mixed Bean Salad in Water,drained 270g,£1.00,£3.71/kg,,Food Cupboard
541664,McVitie's Milk Chocolate Digestive Biscuits,G,true,149,https://ecom-su-static-prod.wtrecom.com/images/products/3/LN_541664_BP_3.jpg,https://www.waitrose.com/ecom/products/mcvities-milk-chocolate-digestive-biscuits/541664-280723-280724,McVitie's Milk Chocolate Digestive Biscuits,266g,£1.35,50.8p/100g,Save £0.55. Was £1.90,Food Cupboard
480470,Essential Non PVC Cling Film,G,false,150,https://ecom-su-static-prod.wtrecom.com/images/products/3/LN_480470_BP_3.jpg,https://www.waitrose.com/ecom/products/essential-non-pvc-cling-film/480470-549873-549874,Essential Non PVC Cling Film,36s,£2.40,6.7p each,,Food Cupboard
445245,Waitrose Orzo,G,false,151,https://ecom-su-static-prod.wtrecom.com/images/products/3/LN_445245_BP_3.jpg,https://www.waitrose.com/ecom/products/waitrose-orzo/445245-728010-728011,Waitrose Orzo,500g,£1.75,£3.50/kg,,Food Cupboard
674473,"Waitrose Raisin, Almond Honey Granola",G,false,152,https://ecom-su-static-prod.wtrecom.com/images/products/3/LN_674473_BP_3.jpg,https://www.waitrose.com/ecom/products/waitrose-raisin-almond-honey-granola/674473-769519-769520,"Waitrose Raisin, Almond Honey Granola",1Kg,£2.85,28.5p/100g,,Food Cupboard
001048,Kellogg's Corn Flakes Breakfast Cereal Large Pack,G,true,153,https://ecom-su-static-prod.wtrecom.com/images/products/3/LN_001048_BP_3.jpg,https://www.waitrose.com/ecom/products/kelloggs-corn-flakes-breakfast-cereal-large-pack/001048-27-28,Kellogg's Corn Flakes Breakfast Cereal Large Pack,670g,£2.75,41p/100g,save 45p. Was £3.20,Food Cupboard
807621,Essential MSC Tuna Chunks in Spring Water,G,false,154,https://ecom-su-static-prod.wtrecom.com/images/products/3/LN_807621_BP_3.jpg,https://www.waitrose.com/ecom/products/essential-msc-tuna-chunks-in-spring-water/807621-728764-728765,Essential MSC Tuna Chunks in Spring Water,drained 112g,£1.25,£1.12/100g,,Food Cupboard
441807,KitKat Chunky Milk Chocolate Bars Multipack,G,true,155,https://ecom-su-static-prod.wtrecom.com/images/products/3/LN_441807_BP_3.jpg,https://www.waitrose.com/ecom/products/kitkat-chunky-milk-chocolate-bars-multipack/441807-166661-166662,KitKat Chunky Milk Chocolate Bars Multipack,4x40g,£1.60,£1/100g,save 40p. Was £2.00,Food Cupboard
484307,Essentials Malted Wheats,G,false,156,https://ecom-su-static-prod.wtrecom.com/images/products/3/LN_484307_BP_3.jpg,https://www.waitrose.com/ecom/products/essentials-malted-wheats/484307-793389-793390,Essentials Malted Wheats,750g,£1.50,20p/100g,,Food Cupboard
032284,Essential Fruit & Fibre Wheat Flakes,G,false,157,https://ecom-su-static-prod.wtrecom.com/images/products/3/LN_032284_BP_3.jpg,https://www.waitrose.com/ecom/products/essential-fruit-fibre-wheat-flakes/032284-15753-15754,Essential Fruit & Fibre Wheat Flakes,750g,£1.85,24.7p/100g,,Food Cupboard
415757,Doritos Cool Original Sharing Tortilla Chips,G,false,158,https://ecom-su-static-prod.wtrecom.com/images/products/3/LN_415757_BP_3.jpg,https://www.waitrose.com/ecom/products/doritos-cool-original-sharing-tortilla-chips/415757-306728-306729,Doritos Cool Original Sharing Tortilla Chips,180g,£2.50,£1.39/100g,,Food Cupboard
017186,Essential Macaroni,G,false,159,https://ecom-su-static-prod.wtrecom.com/images/products/3/LN_017186_BP_3.jpg,https://www.waitrose.com/ecom/products/essential-macaroni/017186-8289-8290,Essential Macaroni,500g,75p,£1.50/kg,,Food Cupboard
019525,Essential Red Kidney Beans in Water,G,false,160,https://ecom-su-static-prod.wtrecom.com/images/products/3/LN_019525_BP_3.jpg,https://www.waitrose.com/ecom/products/essential-red-kidney-beans-in-water/019525-9455-9456,Essential Red Kidney Beans in Water,drained 180g,50p,£2.78/kg,,Food Cupboard
364016,Lindt Excellence Dark Sea Salt,G,true,161,https://ecom-su-static-prod.wtrecom.com/images/products/3/LN_364016_BP_3.jpg,https://www.waitrose.com/ecom/products/lindt-excellence-dark-sea-salt/364016-51211-51212,Lindt Excellence Dark Sea Salt,100g,£2.15,£2.15/100g,save 60p. Was £2.75,Food Cupboard
055879,Waitrose Sea Salt Hand Cooked Crisps,G,false,162,https://ecom-su-static-prod.wtrecom.com/images/products/3/LN_055879_BP_3.jpg,https://www.waitrose.com/ecom/products/waitrose-sea-salt-hand-cooked-crisps/055879-28009-28010,Waitrose Sea Salt Hand Cooked Crisps,150g,£1.65,£1.10/100g,,Food Cupboard
034535,Hellmann's Real Mayonnaise,G,false,163,https://ecom-su-static-prod.wtrecom.com/images/products/3/LN_034535_BP_3.jpg,https://www.waitrose.com/ecom/products/hellmanns-real-mayonnaise/034535-17341-17342,Hellmann's Real Mayonnaise,600g,£4.50,75p/100g,,Food Cupboard
002105,Waitrose Rich Tea Finger Biscuits,G,false,164,https://ecom-su-static-prod.wtrecom.com/images/products/3/LN_002105_BP_3.jpg,https://www.waitrose.com/ecom/products/waitrose-rich-tea-finger-biscuits/002105-566-567,Waitrose Rich Tea Finger Biscuits,250g,85p,34p/100g,,Food Cupboard
017162,Essential Penne,G,false,165,https://ecom-su-static-prod.wtrecom.com/images/products/3/LN_017162_BP_3.jpg,https://www.waitrose.com/ecom/products/essential-penne/017162-8281-8282,Essential Penne,500g,75p,£1.50/kg,,Food Cupboard
552147,Essential Multigrain Hoops,G,false,166,https://ecom-su-static-prod.wtrecom.com/images/products/3/LN_552147_BP_3.jpg,https://www.waitrose.com/ecom/products/essential-multigrain-hoops/552147-722850-722851,Essential Multigrain Hoops,375g,£1.25,33.3p/100g,,Food Cupboard
449005,Tunnock's Milk Chocolate Caramel Wafer,G,false,167,https://ecom-su-static-prod.wtrecom.com/images/products/3/LN_449005_BP_3.jpg,https://www.waitrose.com/ecom/products/tunnocks-milk-chocolate-caramel-wafer/449005-812409-812410,Tunnock's Milk Chocolate Caramel Wafer,8x30g,£2.45,£1.03/100g,,Food Cupboard
017133,Essential Spaghetti,G,false,168,https://ecom-su-static-prod.wtrecom.com/images/products/3/LN_017133_BP_3.jpg,https://www.waitrose.com/ecom/products/essential-spaghetti/017133-8263-8264,Essential Spaghetti,500g,75p,£1.50/kg,,Food Cupboard
515312,Cadbury Dairy Milk Giant Buttons Chocolate Bag,G,false,169,https://ecom-su-static-prod.wtrecom.com/images/products/3/LN_515312_BP_3.jpg,https://www.waitrose.com/ecom/products/cadbury-dairy-milk-giant-buttons-chocolate-bag/515312-72819-72820,Cadbury Dairy Milk Giant Buttons Chocolate Bag,119g,£1.90,£1.60/100g,,Food Cupboard
694666,Cadbury Crunchie Chocolate Bar Multipack 4 Pack,G,false,170,https://ecom-su-static-prod.wtrecom.com/images/products/3/LN_694666_BP_3.jpg,https://www.waitrose.com/ecom/products/cadbury-crunchie-chocolate-bar-multipack-4-pack/694666-98629-98630,Cadbury Crunchie Chocolate Bar Multipack 4 Pack,128g,£2.00,£1.57/100g,,Food Cupboard
088879,Waitrose Cashew Nuts,G,false,171,https://ecom-su-static-prod.wtrecom.com/images/products/3/LN_088879_BP_3.jpg,https://www.waitrose.com/ecom/products/waitrose-cashew-nuts/088879-45681-45682,Waitrose Cashew Nuts,150g,£2.25,£1.50/100g,,Food Cupboard
002370,Waitrose Biscuits For Cheese,G,false,172,https://ecom-su-static-prod.wtrecom.com/images/products/3/LN_002370_BP_3.jpg,https://www.waitrose.com/ecom/products/waitrose-biscuits-for-cheese/002370-774-775,Waitrose Biscuits For Cheese,300g,£2.25,75p/100g,,Food Cupboard
844494,Nestlé Shreddies The Original,G,false,173,https://ecom-su-static-prod.wtrecom.com/images/products/3/LN_844494_BP_3.jpg,https://www.waitrose.com/ecom/products/nestle-shreddies-the-original/844494-752835-752836,Nestlé Shreddies The Original,630g,£4.00,63.5p/100g,,Food Cupboard
006721,Essential Raisins,G,false,174,https://ecom-su-static-prod.wtrecom.com/images/products/3/LN_006721_BP_3.jpg,https://www.waitrose.com/ecom/products/essential-raisins/006721-2991-2992,Essential Raisins,500g,£1.90,£3.80/kg,,Food Cupboard
022538,Essential Sardines in Tomato Sauce,G,false,175,https://ecom-su-static-prod.wtrecom.com/images/products/3/LN_022538_BP_3.jpg,https://www.waitrose.com/ecom/products/essential-sardines-in-tomato-sauce/022538-11001-11002,Essential Sardines in Tomato Sauce,120g,65p,54.2p/100g,,Food Cupboard
099821,Cooks' Ingredients Nonpareille Capers,G,false,176,https://ecom-su-static-prod.wtrecom.com/images/products/3/LN_099821_BP_3.jpg,https://www.waitrose.com/ecom/products/cooks-ingredients-nonpareille-capers/099821-50999-51000,Cooks' Ingredients Nonpareille Capers,drained 95g,£2.90,£3.06/100g,,Food Cupboard
078394,Scott's Porage Original Porridge Oats,G,true,177,https://ecom-su-static-prod.wtrecom.com/images/products/3/LN_078394_BP_3.jpg,https://www.waitrose.com/ecom/products/scotts-porage-original-porridge-oats/078394-39911-39912,Scott's Porage Original Porridge Oats,1kg,£2.95,29.5p/100g,Add 2 for £4,Food Cupboard
053799,Walkers Baked Sea Salt Crisps Multipack Snacks,G,true,178,https://ecom-su-static-prod.wtrecom.com/images/products/3/LN_053799_BP_3.jpg,https://www.waitrose.com/ecom/products/walkers-baked-sea-salt-crisps-multipack-snacks/053799-26974-26975,Walkers Baked Sea Salt Crisps Multipack Snacks,6x22g,£2.25,£1.71/100g,Add 2 for £3.25,Food Cupboard
010263,Essential Milk Chocolate Malted Milk Biscuits,G,false,179,https://ecom-su-static-prod.wtrecom.com/images/products/3/LN_010263_BP_3.jpg,https://www.waitrose.com/ecom/products/essential-milk-chocolate-malted-milk-biscuits/010263-5106-5107,Essential Milk Chocolate Malted Milk Biscuits,250g,£1.40,56p/100g,,Food Cupboard
850285,Walkers French Fries Crisps Variety Multipack Snacks,G,true,180,https://ecom-su-static-prod.wtrecom.com/images/products/3/LN_850285_BP_3.jpg,https://www.waitrose.com/ecom/products/walkers-french-fries-crisps-variety-multipack-snacks/850285-388022-388022,Walkers French Fries Crisps Variety Multipack Snacks,6x18g,£2.25,£2.09/100g,Add 2 for £3.25,Food Cupboard
034140,Essential Olive Oil,G,false,181,https://ecom-su-static-prod.wtrecom.com/images/products/3/LN_034140_BP_3.jpg,https://www.waitrose.com/ecom/products/essential-olive-oil/034140-17085-17086,Essential Olive Oil,1litre,£8.00,80p/100ml,,Food Cupboard
059869,Waitrose Walnuts,G,false,182,https://ecom-su-static-prod.wtrecom.com/images/products/3/LN_059869_BP_3.jpg,https://www.waitrose.com/ecom/products/waitrose-walnuts/059869-30231-30232,Waitrose Walnuts,400g,£5.95,£14.88/kg,,Food Cupboard
094837,De Cecco Fusilli,G,false,183,https://ecom-su-static-prod.wtrecom.com/images/products/3/LN_094837_BP_3.jpg,https://www.waitrose.com/ecom/products/de-cecco-fusilli/094837-48644-48645,De Cecco Fusilli,500g,£2.00,£4/kg,,Food Cupboard
707594,Jacob's Red Leicester Mini Cheddars,G,false,184,https://ecom-su-static-prod.wtrecom.com/images/products/3/LN_707594_BP_3.jpg,https://www.waitrose.com/ecom/products/jacobs-red-leicester-mini-cheddars/707594-593839-593840,Jacob's Red Leicester Mini Cheddars,6x23g,£1.80,£1.31/100g,,Food Cupboard
395648,Essential Mackerel Fillets in Spring Water,G,false,185,https://ecom-su-static-prod.wtrecom.com/images/products/3/LN_395648_BP_3.jpg,https://www.waitrose.com/ecom/products/essential-mackerel-fillets-in-spring-water/395648-55599-55600,Essential Mackerel Fillets in Spring Water,drained 82g,£1.00,£1.22/100g,,Food Cupboard
683667,Cadbury Dairy Milk Chocolate Bar Multipack 4 Pack,G,false,186,https://ecom-su-static-prod.wtrecom.com/images/products/3/LN_683667_BP_3.jpg,https://www.waitrose.com/ecom/products/cadbury-dairy-milk-chocolate-bar-multipack-4-pack/683667-97106-97107,Cadbury Dairy Milk Chocolate Bar Multipack 4 Pack,4x33.5g,£2.00,£1.50/100g,,Food Cupboard
003512,Essential Waitrose Peanuts Roasted & Salted,G,false,187,https://ecom-su-static-prod.wtrecom.com/images/products/3/LN_003512_BP_3.jpg,https://www.waitrose.com/ecom/products/essential-waitrose-peanuts-roasted-salted/003512-1403-1404,Essential Waitrose Peanuts Roasted & Salted,550g,£2.20,40p/100g,,Food Cupboard
653397,Flahavan's Organic Jumbo Oats,G,false,188,https://ecom-su-static-prod.wtrecom.com/images/products/3/LN_653397_BP_3.jpg,https://www.waitrose.com/ecom/products/flahavans-organic-jumbo-oats/653397-92753-92754,Flahavan's Organic Jumbo Oats,1kg,£2.85,28.5p/100g,,Food Cupboard
062918,Kettle Chips Sea Salt & Balsamic Vinegar,G,true,189,https://ecom-su-static-prod.wtrecom.com/images/products/3/LN_062918_BP_3.jpg,https://www.waitrose.com/ecom/products/kettle-chips-sea-salt-balsamic-vinegar/062918-31941-31942,Kettle Chips Sea Salt & Balsamic Vinegar,130g,£1.50,£1.16/100g,save 90p. Was £2.40,Food Cupboard
084178,Ryvita Crispbread Dark Rye Crackers,G,false,190,https://ecom-su-static-prod.wtrecom.com/images/products/3/LN_084178_BP_3.jpg,https://www.waitrose.com/ecom/products/ryvita-crispbread-dark-rye-crackers/084178-42753-42754,Ryvita Crispbread Dark Rye Crackers,250g,£1.70,68p/100g,,Food Cupboard
799380,Essential Variety Crisps,G,false,191,https://ecom-su-static-prod.wtrecom.com/images/products/3/LN_799380_BP_3.jpg,https://www.waitrose.com/ecom/products/essential-variety-crisps/799380-723540-723541,Essential Variety Crisps,6x25g,£1.25,83.3p/100g,,Food Cupboard
080127,Rowse Runny Honey Squeezy,G,true,192,https://ecom-su-static-prod.wtrecom.com/images/products/3/LN_080127_BP_3.jpg,https://www.waitrose.com/ecom/products/rowse-runny-honey-squeezy/080127-40743-40744,Rowse Runny Honey Squeezy,340g,£2.00,58.8p/100g,save £1.15. Was £3.15,Food Cupboard
096944,Duchy Organic Chopped Tomatoes in Juice,G,false,193,https://ecom-su-static-prod.wtrecom.com/images/products/3/LN_096944_BP_3.jpg,https://www.waitrose.com/ecom/products/duchy-organic-chopped-tomatoes-in-juice/096944-49531-49532,Duchy Organic Chopped Tomatoes in Juice,400g,£1.10,£2.75/kg,,Food Cupboard
416871,"Kit Kat 2 Finger Dark Chocolate Biscuit Bars Multipack, 9 Pack",G,true,194,https://ecom-su-static-prod.wtrecom.com/images/products/3/LN_416871_BP_3.jpg,https://www.waitrose.com/ecom/products/kit-kat-2-finger-dark-chocolate-biscuit-bars-multipack-9-pack/416871-58651-58652,"Kit Kat 2 Finger Dark Chocolate Biscuit Bars Multipack, 9 Pack",9x20.7g,£1.60,85.9p/100g,20% Off. Was £2.00,Food Cupboard
893960,Kallo Belgian Milk Chocolate Rice Cake Minis,G,false,195,https://ecom-su-static-prod.wtrecom.com/images/products/3/LN_893960_BP_3.jpg,https://www.waitrose.com/ecom/products/kallo-belgian-milk-chocolate-rice-cake-minis/893960-519159-519160,Kallo Belgian Milk Chocolate Rice Cake Minis,4x21g,£2.60,£3.10/100g,,Food Cupboard
807839,Waitrose Pilau Rice,G,false,196,https://ecom-su-static-prod.wtrecom.com/images/products/3/LN_807839_BP_3.jpg,https://www.waitrose.com/ecom/products/waitrose-pilau-rice/807839-695214-695215,Waitrose Pilau Rice,250g,75p,£3/kg,,Food Cupboard
017390,Waitrose Green Basil Pesto,G,false,197,https://ecom-su-static-prod.wtrecom.com/images/products/3/LN_017390_BP_3.jpg,https://www.waitrose.com/ecom/products/waitrose-green-basil-pesto/017390-8408-8409,Waitrose Green Basil Pesto,190g,£1.90,£1/100g,,Food Cupboard
891982,Walkers Sensations Thai Sweet Chilli Sharing Crisps,G,true,198,https://ecom-su-static-prod.wtrecom.com/images/products/3/LN_891982_BP_3.jpg,https://www.waitrose.com/ecom/products/walkers-sensations-thai-sweet-chilli-sharing-crisps/891982-307488-307489,Walkers Sensations Thai Sweet Chilli Sharing Crisps,150g,£1.50,£1/100g,save £1.00. Was £2.50,Food Cupboard
791396,Waitrose Long Grain Rice,G,false,199,https://ecom-su-static-prod.wtrecom.com/images/products/3/LN_791396_BP_3.jpg,https://www.waitrose.com/ecom/products/waitrose-long-grain-rice/791396-695204-695205,Waitrose Long Grain Rice,250g,75p,£3/kg,,Food Cupboard
002791,Lotus Biscoff Biscuit,G,true,200,https://ecom-su-static-prod.wtrecom.com/images/products/3/LN_002791_BP_3.jpg,https://www.waitrose.com/ecom/products/lotus-biscoff-biscuit/002791-1004-1005,Lotus Biscoff Biscuit,250g,£1.30,52p/100g,save 50p. Was £1.80,Food Cupboard
004501,Essential Seville Orange Marmalade Fine Cut,G,false,201,https://ecom-su-static-prod.wtrecom.com/images/products/3/LN_004501_BP_3.jpg,https://www.waitrose.com/ecom/products/essential-seville-orange-marmalade-fine-cut/004501-1903-1904,Essential Seville Orange Marmalade Fine Cut,454g,£1.00,22p/100g,,Food Cupboard
676915,Heinz Tomato Ketchup,G,false,202,https://ecom-su-static-prod.wtrecom.com/images/products/3/LN_676915_BP_3.jpg,https://www.waitrose.com/ecom/products/heinz-tomato-ketchup/676915-769174-769175,Heinz Tomato Ketchup,700g,£3.90,55.7p/100g,,Food Cupboard
067569,Cadbury Brunch Choc Chip Cereal Bar Multipack 5 pack,G,false,203,https://ecom-su-static-prod.wtrecom.com/images/products/3/LN_067569_BP_3.jpg,https://www.waitrose.com/ecom/products/cadbury-brunch-choc-chip-cereal-bar-multipack-5-pack/067569-34293-34294,Cadbury Brunch Choc Chip Cereal Bar Multipack 5 pack,5x32g,£1.55,96.9p/100g,,Food Cupboard
393918,Hellmann's Squeezy Real Mayonnaise,G,true,204,https://ecom-su-static-prod.wtrecom.com/images/products/3/LN_393918_BP_3.jpg,https://www.waitrose.com/ecom/products/hellmanns-squeezy-real-mayonnaise/393918-55355-55356,Hellmann's Squeezy Real Mayonnaise,430ml,£2.50,58.1p/100ml,save 50p. Was £3.00,Food Cupboard
020130,Essential Peach Slices in Grape Juice,G,false,205,https://ecom-su-static-prod.wtrecom.com/images/products/3/LN_020130_BP_3.jpg,https://www.waitrose.com/ecom/products/essential-peach-slices-in-grape-juice/020130-9799-9800,Essential Peach Slices in Grape Juice,drained 248g,£1.15,£4.64/kg,,Food Cupboard
478015,Cadbury Milk Chocolate Fingers Biscuits,G,false,206,https://ecom-su-static-prod.wtrecom.com/images/products/3/LN_478015_BP_3.jpg,https://www.waitrose.com/ecom/products/cadbury-milk-chocolate-fingers-biscuits/478015-67425-67426,Cadbury Milk Chocolate Fingers Biscuits,114g,£1.90,£1.67/100g,,Food Cupboard
537587,Waitrose Wholewheat Fusilli,G,false,207,https://ecom-su-static-prod.wtrecom.com/images/products/3/LN_537587_BP_3.jpg,https://www.waitrose.com/ecom/products/waitrose-wholewheat-fusilli/537587-76026-76027,Waitrose Wholewheat Fusilli,500g,£1.75,£3.50/kg,,Food Cupboard
449022,Waitrose Mixed Seeds,G,false,208,https://ecom-su-static-prod.wtrecom.com/images/products/3/LN_449022_BP_3.jpg,https://www.waitrose.com/ecom/products/waitrose-mixed-seeds/449022-491915-491916,Waitrose Mixed Seeds,250g,£2.75,£1.10/100g,,Food Cupboard
406943,Duchy Organic Seville Orange Fine Cut Marmalade,G,false,209,https://ecom-su-static-prod.wtrecom.com/images/products/3/LN_406943_BP_3.jpg,https://www.waitrose.com/ecom/products/duchy-organic-seville-orange-fine-cut-marmalade/406943-57247-57248,Duchy Organic Seville Orange Fine Cut Marmalade,340g,£2.10,61.8p/100g,,Food Cupboard
857661,McVitie's Dark Chocolate Digestive Biscuits,G,true,210,https://ecom-su-static-prod.wtrecom.com/images/products/3/LN_857661_BP_3.jpg,https://www.waitrose.com/ecom/products/mcvities-dark-chocolate-digestive-biscuits/857661-280821-280822,McVitie's Dark Chocolate Digestive Biscuits,266g,£1.35,50.8p/100g,Save £0.55. Was £1.90,Food Cupboard
009774,Waitrose Belgian Milk Chocolate,G,false,211,https://ecom-su-static-prod.wtrecom.com/images/products/3/LN_009774_BP_3.jpg,https://www.waitrose.com/ecom/products/waitrose-belgian-milk-chocolate/009774-4831-4832,Waitrose Belgian Milk Chocolate,180g,£2.20,£1.23/100g,,Food Cupboard
029401,Waitrose Cream of Chicken Soup,G,false,212,https://ecom-su-static-prod.wtrecom.com/images/products/3/LN_029401_BP_3.jpg,https://www.waitrose.com/ecom/products/waitrose-cream-of-chicken-soup/029401-14365-14366,Waitrose Cream of Chicken Soup,400g,70p,17.5p/100g,,Food Cupboard
819117,Essential Evaporated Milk,G,false,213,https://ecom-su-static-prod.wtrecom.com/images/products/3/LN_819117_BP_3.jpg,https://www.waitrose.com/ecom/products/essential-evaporated-milk/819117-295729-295730,Essential Evaporated Milk,170g,60p,35.3p/100g,,Food Cupboard
019830,Essential Sweetcorn,G,false,214,https://ecom-su-static-prod.wtrecom.com/images/products/3/LN_019830_BP_3.jpg,https://www.waitrose.com/ecom/products/essential-sweetcorn/019830-9660-9661,Essential Sweetcorn,drained 260g,£1.00,£3.85/kg,,Food Cupboard
858505,Waitrose 8 Flapjack All Butter Cookies,G,false,215,https://ecom-su-static-prod.wtrecom.com/images/products/3/LN_858505_BP_3.jpg,https://www.waitrose.com/ecom/products/waitrose-8-flapjack-all-butter-cookies/858505-229591-229592,Waitrose 8 Flapjack All Butter Cookies,200g,£2.30,£1.15/100g,,Food Cupboard
045527,Green & Black's Organic Milk Chocolate Bar,G,false,216,https://ecom-su-static-prod.wtrecom.com/images/products/3/LN_045527_BP_3.jpg,https://www.waitrose.com/ecom/products/green-blacks-organic-milk-chocolate-bar/045527-22452-22453,Green & Black's Organic Milk Chocolate Bar,90g,£2.50,£2.78/100g,,Food Cupboard
017311,Sacla' Italia Basil Pesto,G,true,217,https://ecom-su-static-prod.wtrecom.com/images/products/3/LN_017311_BP_3.jpg,https://www.waitrose.com/ecom/products/sacla-italia-basil-pesto/017311-8360-8361,Sacla' Italia Basil Pesto,190g,£2.50,£1.32/100g,save £1.00. Was £3.50,Food Cupboard
686552,Waitrose Rough Oatcakes,G,false,218,https://ecom-su-static-prod.wtrecom.com/images/products/3/LN_686552_BP_3.jpg,https://www.waitrose.com/ecom/products/waitrose-rough-oatcakes/686552-328306-328307,Waitrose Rough Oatcakes,250g,£1.00,40p/100g,,Food Cupboard
633030,Waitrose Chia Seeds,G,true,219,https://ecom-su-static-prod.wtrecom.com/images/products/3/LN_633030_BP_3.jpg,https://www.waitrose.com/ecom/products/waitrose-chia-seeds/633030-780097-780098,Waitrose Chia Seeds,150g,£1.40,93.3p/100g,20% Off. Was £1.75,Food Cupboard
002348,Essential High Bake Water Biscuits,G,false,220,https://ecom-su-static-prod.wtrecom.com/images/products/3/LN_002348_BP_3.jpg,https://www.waitrose.com/ecom/products/essential-high-bake-water-biscuits/002348-748-749,Essential High Bake Water Biscuits,200g,£1.20,60p/100g,,Food Cupboard
021518,Waitrose Medjool Dates,G,false,221,https://ecom-su-static-prod.wtrecom.com/images/products/3/LN_021518_BP_3.jpg,https://www.waitrose.com/ecom/products/waitrose-medjool-dates/021518-10512-10513,Waitrose Medjool Dates,400g,£4.60,£11.50/kg,,Food Cupboard
688871,Tilda Basmati & Wild Wholegrain Rice,G,true,222,https://ecom-su-static-prod.wtrecom.com/images/products/3/LN_688871_BP_3.jpg,https://www.waitrose.com/ecom/products/tilda-basmati-wild-wholegrain-rice/688871-408748-408749,Tilda Basmati & Wild Wholegrain Rice,250g,£1.00,£4/kg,save 85p. Was £1.85,Food Cupboard
004317,Essential Fusilli,G,false,223,https://ecom-su-static-prod.wtrecom.com/images/products/3/LN_004317_BP_3.jpg,https://www.waitrose.com/ecom/products/essential-fusilli/004317-1771-1772,Essential Fusilli,1kg,£1.40,£1.40/kg,,Food Cupboard
004454,Bonne Maman Strawberry Conserve,G,false,224,https://ecom-su-static-prod.wtrecom.com/images/products/3/LN_004454_BP_3.jpg,https://www.waitrose.com/ecom/products/bonne-maman-strawberry-conserve/004454-1879-1880,Bonne Maman Strawberry Conserve,370g,£3.50,94.6p/100g,,Food Cupboard
858464,Mutti Double Concentrated Tomato Purée,G,false,225,https://ecom-su-static-prod.wtrecom.com/images/products/3/LN_858464_BP_3.jpg,https://www.waitrose.com/ecom/products/mutti-double-concentrated-tomato-puree/858464-730958-730959,Mutti Double Concentrated Tomato Purée,130g,£1.60,£1.24/100g,,Food Cupboard
009613,Cadbury Bournville Classic Dark Chocolate Bar,G,false,226,https://ecom-su-static-prod.wtrecom.com/images/products/3/LN_009613_BP_3.jpg,https://www.waitrose.com/ecom/products/cadbury-bournville-classic-dark-chocolate-bar/009613-4755-4756,Cadbury Bournville Classic Dark Chocolate Bar,180g,£2.50,£1.39/100g,,Food Cupboard
029142,Heinz Classic Cream of Tomato Soup,G,true,227,https://ecom-su-static-prod.wtrecom.com/images/products/3/LN_029142_BP_3.jpg,https://www.waitrose.com/ecom/products/heinz-classic-cream-of-tomato-soup/029142-14209-14210,Heinz Classic Cream of Tomato Soup,400g,£1.75,43.8p/100g,Add 3 for £4.50,Food Cupboard
659147,Hula Hoops BBQ Beef,G,false,228,https://ecom-su-static-prod.wtrecom.com/images/products/3/LN_659147_BP_3.jpg,https://www.waitrose.com/ecom/products/hula-hoops-bbq-beef/659147-93620-93621,Hula Hoops BBQ Beef,6x24g,£2.35,£1.64/100g,,Food Cupboard
467199,Cooks' Ingredients Meringue Nests,G,false,229,https://ecom-su-static-prod.wtrecom.com/images/products/3/LN_467199_BP_3.jpg,https://www.waitrose.com/ecom/products/cooks-ingredients-meringue-nests/467199-65835-65836,Cooks' Ingredients Meringue Nests,8s,£2.10,26.3p each,,Food Cupboard
044128,Stork Baking Alternative to Butter Dairy Spread,G,false,230,https://ecom-su-static-prod.wtrecom.com/images/products/3/LN_044128_BP_3.jpg,https://www.waitrose.com/ecom/products/stork-baking-alternative-to-butter-dairy-spread/044128-21729-21730,Stork Baking Alternative to Butter Dairy Spread,500g,£1.75,£3.50/kg,,Food Cupboard
855506,Jus-Rol All Butter Puff Pastry Sheet,G,false,231,https://ecom-su-static-prod.wtrecom.com/images/products/3/LN_855506_BP_3.jpg,https://www.waitrose.com/ecom/products/jus-rol-all-butter-puff-pastry-sheet/855506-151997-151998,Jus-Rol All Butter Puff Pastry Sheet,320g,£2.50,£7.82/kg,,Food Cupboard
702779,Waitrose Cocktail Gherkins,G,false,232,https://ecom-su-static-prod.wtrecom.com/images/products/3/LN_702779_BP_3.jpg,https://www.waitrose.com/ecom/products/waitrose-cocktail-gherkins/702779-305171-305172,Waitrose Cocktail Gherkins,drained 150g,£1.30,86.7p/100g,,Food Cupboard
034106,Essential Sunflower Oil,G,false,233,https://ecom-su-static-prod.wtrecom.com/images/products/3/LN_034106_BP_3.jpg,https://www.waitrose.com/ecom/products/essential-sunflower-oil/034106-17065-17066,Essential Sunflower Oil,1litre,£2.30,23p/100ml,,Food Cupboard
682201,McVitie's Milk Chocolate Digestives Biscuits Twin Pack,G,true,234,https://ecom-su-static-prod.wtrecom.com/images/products/3/LN_682201_BP_3.jpg,https://www.waitrose.com/ecom/products/mcvities-milk-chocolate-digestives-biscuits-twin-pack/682201-666704-666705,McVitie's Milk Chocolate Digestives Biscuits Twin Pack,2x316g,£3.00,47.5p/100g,save 70p. Was £3.70,Food Cupboard
893300,"Deliciously Ella Gluten Free & Vegan Apple, Raisin Oat Bars",G,false,235,https://ecom-su-static-prod.wtrecom.com/images/products/3/LN_893300_BP_3.jpg,https://www.waitrose.com/ecom/products/deliciously-ella-gluten-free-vegan-apple-raisin-oat-bars/893300-695286-695287,"Deliciously Ella Gluten Free & Vegan Apple, Raisin Oat Bars",3x50g,£2.80,£1.87/100g,,Food Cupboard
029402,Waitrose Cream of Mushroom Soup,G,false,236,https://ecom-su-static-prod.wtrecom.com/images/products/3/LN_029402_BP_3.jpg,https://www.waitrose.com/ecom/products/waitrose-cream-of-mushroom-soup/029402-14367-14368,Waitrose Cream of Mushroom Soup,400g,70p,17.5p/100g,,Food Cupboard
620930,Waitrose 8 Stem Ginger All Butter Cookies,G,false,237,https://ecom-su-static-prod.wtrecom.com/images/products/3/LN_620930_BP_3.jpg,https://www.waitrose.com/ecom/products/waitrose-8-stem-ginger-all-butter-cookies/620930-229179-229180,Waitrose 8 Stem Ginger All Butter Cookies,200g,£2.30,£1.15/100g,,Food Cupboard
526403,Bold Bean Co Queen Butter Beans,G,true,238,https://ecom-su-static-prod.wtrecom.com/images/products/3/LN_526403_BP_3.jpg,https://www.waitrose.com/ecom/products/bold-bean-co-queen-butter-beans/526403-780577-780578,Bold Bean Co Queen Butter Beans,700g,£4.00,£8/kg,Add 2 for £6,Food Cupboard
002171,McVitie's Ginger Nuts Biscuits,G,false,239,https://ecom-su-static-prod.wtrecom.com/images/products/3/LN_002171_BP_3.jpg,https://www.waitrose.com/ecom/products/mcvities-ginger-nuts-biscuits/002171-628-629,McVitie's Ginger Nuts Biscuits,250g,£1.60,64p/100g,,Food Cupboard
062241,Waitrose Mixed Nuts,G,false,240,https://ecom-su-static-prod.wtrecom.com/images/products/3/LN_062241_BP_3.jpg,https://www.waitrose.com/ecom/products/waitrose-mixed-nuts/062241-31581-31582,Waitrose Mixed Nuts,400g,£6.00,£15/kg,,Food Cupboard
007937,Maldon Sea Salt Flakes,G,false,241,https://ecom-su-static-prod.wtrecom.com/images/products/3/LN_007937_BP_3.jpg,https://www.waitrose.com/ecom/products/maldon-sea-salt-flakes/007937-3779-3780,Maldon Sea Salt Flakes,250g,£2.65,£10.60/kg,,Food Cupboard
456563,Hellmann's Real Mayonnaise,G,true,242,https://ecom-su-static-prod.wtrecom.com/images/products/3/LN_456563_BP_3.jpg,https://www.waitrose.com/ecom/products/hellmanns-real-mayonnaise/456563-64324-64325,Hellmann's Real Mayonnaise,800g,£3.00,37.5p/100g,save £1.80. Was £4.80,Food Cupboard
749886,Waitrose Albacore Tuna & Olive Oil,G,false,243,https://ecom-su-static-prod.wtrecom.com/images/products/3/LN_749886_BP_3.jpg,https://www.waitrose.com/ecom/products/waitrose-albacore-tuna-olive-oil/749886-106646-106647,Waitrose Albacore Tuna & Olive Oil,drained 150g,£3.65,£2.44/100g,,Food Cupboard
003384,Essential Cheese & Onion Crisps,G,false,244,https://ecom-su-static-prod.wtrecom.com/images/products/3/LN_003384_BP_3.jpg,https://www.waitrose.com/ecom/products/essential-cheese-onion-crisps/003384-1337-1338,Essential Cheese & Onion Crisps,6x25g,£1.25,83.3p/100g,,Food Cupboard
087832,McVitie's Rich Tea Biscuits The Classic One,G,false,245,https://ecom-su-static-prod.wtrecom.com/images/products/3/LN_087832_BP_3.jpg,https://www.waitrose.com/ecom/products/mcvities-rich-tea-biscuits-the-classic-one/087832-44908-44909,McVitie's Rich Tea Biscuits The Classic One,2x300g,£3.20,53.3p/100g,,Food Cupboard
690571,Border Dark Chocolate Gingers,G,false,246,https://ecom-su-static-prod.wtrecom.com/images/products/3/LN_690571_BP_3.jpg,https://www.waitrose.com/ecom/products/border-dark-chocolate-gingers/690571-727488-727489,Border Dark Chocolate Gingers,150g,£2.00,£1.34/100g,,Food Cupboard
535401,Dole Tropical Gold Pineapple Chunks,G,false,247,https://ecom-su-static-prod.wtrecom.com/images/products/3/LN_535401_BP_3.jpg,https://www.waitrose.com/ecom/products/dole-tropical-gold-pineapple-chunks/535401-75699-75700,Dole Tropical Gold Pineapple Chunks,drained 272g,£1.20,£4.42/kg,,Food Cupboard
033956,Tyrrell's Veg Crisps with Sea Salt,G,false,248,https://ecom-su-static-prod.wtrecom.com/images/products/3/LN_033956_BP_3.jpg,https://www.waitrose.com/ecom/products/tyrrells-veg-crisps-with-sea-salt/033956-16995-16996,Tyrrell's Veg Crisps with Sea Salt,125g,£2.90,£2.32/100g,,Food Cupboard
034533,Hellmann's Real Mayonnaise,G,false,249,https://ecom-su-static-prod.wtrecom.com/images/products/3/LN_034533_BP_3.jpg,https://www.waitrose.com/ecom/products/hellmanns-real-mayonnaise/034533-17339-17340,Hellmann's Real Mayonnaise,400g,£3.00,75p/100g,,Food Cupboard
421564,Essential Coconut Cream,G,false,250,https://ecom-su-static-prod.wtrecom.com/images/products/3/LN_421564_BP_3.jpg,https://www.waitrose.com/ecom/products/essential-coconut-cream/421564-59308-59309,Essential Coconut Cream,160ml,£1.00,62.5p/100ml,,Food Cupboard
387155,Cadbury Wispa Chocolate Bar Multipack 4 pack,G,false,251,https://ecom-su-static-prod.wtrecom.com/images/products/3/LN_387155_BP_3.jpg,https://www.waitrose.com/ecom/products/cadbury-wispa-chocolate-bar-multipack-4-pack/387155-124094-124095,Cadbury Wispa Chocolate Bar Multipack 4 pack,4x27.9g,£2.00,£1.80/100g,,Food Cupboard
484872,John West MSC Tuna Chunks in Spring Water,G,true,252,https://ecom-su-static-prod.wtrecom.com/images/products/3/LN_484872_BP_3.jpg,https://www.waitrose.com/ecom/products/john-west-msc-tuna-chunks-in-spring-water/484872-723695-723696,John West MSC Tuna Chunks in Spring Water,drained 4x102g,£4.00,98p/100g,save £2.00. Was £6.00,Food Cupboard
020641,Lindt Excellence Dark Chocolate 85% Cocoa,G,true,253,https://ecom-su-static-prod.wtrecom.com/images/products/3/LN_020641_BP_3.jpg,https://www.waitrose.com/ecom/products/lindt-excellence-dark-chocolate-85-cocoa/020641-10055-10056,Lindt Excellence Dark Chocolate 85% Cocoa,100g,£2.15,£2.15/100g,save 60p. Was £2.75,Food Cupboard
556591,Waitrose Sea Salt Cracked Black Pepper Crisps,G,false,254,https://ecom-su-static-prod.wtrecom.com/images/products/3/LN_556591_BP_3.jpg,https://www.waitrose.com/ecom/products/waitrose-sea-salt-cracked-black-pepper-crisps/556591-694419-694420,Waitrose Sea Salt Cracked Black Pepper Crisps,150g,£1.65,£1.10/100g,,Food Cupboard
002141,Essential Garibaldi Biscuits,G,false,255,https://ecom-su-static-prod.wtrecom.com/images/products/3/LN_002141_BP_3.jpg,https://www.waitrose.com/ecom/products/essential-garibaldi-biscuits/002141-596-597,Essential Garibaldi Biscuits,200g,£1.35,67.5p/100g,,Food Cupboard
004652,Essential Crunchy Peanut Butter,G,false,256,https://ecom-su-static-prod.wtrecom.com/images/products/3/LN_004652_BP_3.jpg,https://www.waitrose.com/ecom/products/essential-crunchy-peanut-butter/004652-1985-1986,Essential Crunchy Peanut Butter,340g,£1.80,52.9p/100g,,Food Cupboard
522023,Lindt Excellence Dark Supreme 90% Cocoa,G,true,257,https://ecom-su-static-prod.wtrecom.com/images/products/3/LN_522023_BP_3.jpg,https://www.waitrose.com/ecom/products/lindt-excellence-dark-supreme-90-cocoa/522023-73822-73823,Lindt Excellence Dark Supreme 90% Cocoa,100g,£2.15,£2.15/100g,save 60p. Was £2.75,Food Cupboard
728469,Quaker Oat So Simple Original Porridge Sachets,G,true,258,https://ecom-su-static-prod.wtrecom.com/images/products/3/LN_728469_BP_3.jpg,https://www.waitrose.com/ecom/products/quaker-oat-so-simple-original-porridge-sachets/728469-103483-103484,Quaker Oat So Simple Original Porridge Sachets,270g,£3.50,£1.30/100g,Add 2 for £4.50,Food Cupboard
452058,Waitrose Anchovy Fillets in Virgin Olive Oil,G,false,259,https://ecom-su-static-prod.wtrecom.com/images/products/3/LN_452058_BP_3.jpg,https://www.waitrose.com/ecom/products/waitrose-anchovy-fillets-in-virgin-olive-oil/452058-63702-63703,Waitrose Anchovy Fillets in Virgin Olive Oil,drained 60g,£3.15,£5.25/100g,,Food Cupboard
022455,De Cecco Pasta Penne Rigate,G,false,260,https://ecom-su-static-prod.wtrecom.com/images/products/3/LN_022455_BP_3.jpg,https://www.waitrose.com/ecom/products/de-cecco-pasta-penne-rigate/022455-10946-10947,De Cecco Pasta Penne Rigate,500g,£2.00,£4/kg,,Food Cupboard
685941,Essential Basil Pesto,G,false,261,https://ecom-su-static-prod.wtrecom.com/images/products/3/LN_685941_BP_3.jpg,https://www.waitrose.com/ecom/products/essential-basil-pesto/685941-711216-711217,Essential Basil Pesto,190g,£1.35,71.1p/100g,,Food Cupboard
871910,Duchy Organic Baked Beans in Tomato Sauce,G,false,262,https://ecom-su-static-prod.wtrecom.com/images/products/3/LN_871910_BP_3.jpg,https://www.waitrose.com/ecom/products/duchy-organic-baked-beans-in-tomato-sauce/871910-747640-747641,Duchy Organic Baked Beans in Tomato Sauce,420g,£1.00,£2.39/kg,,Food Cupboard
028052,Waitrose Pumpkin Seeds,G,false,263,https://ecom-su-static-prod.wtrecom.com/images/products/3/LN_028052_BP_3.jpg,https://www.waitrose.com/ecom/products/waitrose-pumpkin-seeds/028052-13648-13649,Waitrose Pumpkin Seeds,200g,£2.25,£1.13/100g,,Food Cupboard
393877,Mars Chocolate Bars Multipack,G,false,264,https://ecom-su-static-prod.wtrecom.com/images/products/3/LN_393877_BP_3.jpg,https://www.waitrose.com/ecom/products/mars-chocolate-bars-multipack/393877-174468-174469,Mars Chocolate Bars Multipack,4x39.4g,£2.00,£1.27/100g,,Food Cupboard
019125,Heinz Spaghetti Hoops in Tomato Sauce,G,true,265,https://ecom-su-static-prod.wtrecom.com/images/products/3/LN_019125_BP_3.jpg,https://www.waitrose.com/ecom/products/heinz-spaghetti-hoops-in-tomato-sauce/019125-9247-9248,Heinz Spaghetti Hoops in Tomato Sauce,205g,90p,£4.40/kg,Add 2 for £1.50,Food Cupboard
006709,Cadbury Dairy Milk Fruit & Nut Chocolate Bar,G,false,266,https://ecom-su-static-prod.wtrecom.com/images/products/3/LN_006709_BP_3.jpg,https://www.waitrose.com/ecom/products/cadbury-dairy-milk-fruit-nut-chocolate-bar/006709-2987-2988,Cadbury Dairy Milk Fruit & Nut Chocolate Bar,180g,£2.50,£1.39/100g,,Food Cupboard
092131,Duchy Organic Jumbo Rolled Oats,G,false,267,https://ecom-su-static-prod.wtrecom.com/images/products/3/LN_092131_BP_3.jpg,https://www.waitrose.com/ecom/products/duchy-organic-jumbo-rolled-oats/092131-47410-47411,Duchy Organic Jumbo Rolled Oats,1kg,£2.75,27.5p/100g,,Food Cupboard
088793,Duchy Organic Medjool Dates,G,false,268,https://ecom-su-static-prod.wtrecom.com/images/products/3/LN_088793_BP_3.jpg,https://www.waitrose.com/ecom/products/duchy-organic-medjool-dates/088793-45627-45628,Duchy Organic Medjool Dates,180g,£2.90,£16.12/kg,,Food Cupboard
057283,Duchy Organic Italian Extra Virgin Olive Oil,G,false,269,https://ecom-su-static-prod.wtrecom.com/images/products/3/LN_057283_BP_3.jpg,https://www.waitrose.com/ecom/products/duchy-organic-italian-extra-virgin-olive-oil/057283-28821-28822,Duchy Organic Italian Extra Virgin Olive Oil,500ml,£7.95,£1.59/100ml,,Food Cupboard
560403,Waitrose MSC Tuna Steak in Olive Oil,G,false,270,https://ecom-su-static-prod.wtrecom.com/images/products/3/LN_560403_BP_3.jpg,https://www.waitrose.com/ecom/products/waitrose-msc-tuna-steak-in-olive-oil/560403-729690-729691,Waitrose MSC Tuna Steak in Olive Oil,4x200g,£7.00,£1.17/100g,,Food Cupboard
394853,Waitrose Fine Crystal Sea Salt,G,false,271,https://ecom-su-static-prod.wtrecom.com/images/products/3/LN_394853_BP_3.jpg,https://www.waitrose.com/ecom/products/waitrose-fine-crystal-sea-salt/394853-55495-55496,Waitrose Fine Crystal Sea Salt,350g,£1.75,£5/kg,,Food Cupboard
648428,Waitrose Wholewheat Spaghetti,G,false,272,https://ecom-su-static-prod.wtrecom.com/images/products/3/LN_648428_BP_3.jpg,https://www.waitrose.com/ecom/products/waitrose-wholewheat-spaghetti/648428-92038-92039,Waitrose Wholewheat Spaghetti,500g,£1.75,£3.50/kg,,Food Cupboard
006739,Essential Sultanas,G,false,273,https://ecom-su-static-prod.wtrecom.com/images/products/3/LN_006739_BP_3.jpg,https://www.waitrose.com/ecom/products/essential-sultanas/006739-3003-3004,Essential Sultanas,500g,£1.90,£3.80/kg,,Food Cupboard
004407,Essential Strawberry Jam,G,false,274,https://ecom-su-static-prod.wtrecom.com/images/products/3/LN_004407_BP_3.jpg,https://www.waitrose.com/ecom/products/essential-strawberry-jam/004407-1829-1830,Essential Strawberry Jam,454g,£1.20,26.4p/100g,,Food Cupboard
068937,Ambrosia Devon Custard,G,false,275,https://ecom-su-static-prod.wtrecom.com/images/products/3/LN_068937_BP_3.jpg,https://www.waitrose.com/ecom/products/ambrosia-devon-custard/068937-34953-34954,Ambrosia Devon Custard,4x125g,£2.95,59p/100g,,Food Cupboard
020110,Essential Apricot Halves in Fruit Juice,G,false,276,https://ecom-su-static-prod.wtrecom.com/images/products/3/LN_020110_BP_3.jpg,https://www.waitrose.com/ecom/products/essential-apricot-halves-in-fruit-juice/020110-9787-9788,Essential Apricot Halves in Fruit Juice,drained 240g,£1.15,£4.80/kg,,Food Cupboard
727617,Weetabix Minis Chocolate Chip,G,false,277,https://ecom-su-static-prod.wtrecom.com/images/products/3/LN_727617_BP_3.jpg,https://www.waitrose.com/ecom/products/weetabix-minis-chocolate-chip/727617-127796-127797,Weetabix Minis Chocolate Chip,500g,£4.00,80p/100g,,Food Cupboard
019023,Heinz Baked Beans Small,G,false,278,https://ecom-su-static-prod.wtrecom.com/images/products/3/LN_019023_BP_3.jpg,https://www.waitrose.com/ecom/products/heinz-baked-beans-small/019023-9177-9178,Heinz Baked Beans Small,150g,80p,£5.34/kg,,Food Cupboard
019527,Essential Borlotti Beans,G,false,279,https://ecom-su-static-prod.wtrecom.com/images/products/3/LN_019527_BP_3.jpg,https://www.waitrose.com/ecom/products/essential-borlotti-beans/019527-9457-9458,Essential Borlotti Beans,drained 240g,70p,£2.92/kg,,Food Cupboard
001305,Weetabix 48 pack,G,false,280,https://ecom-su-static-prod.wtrecom.com/images/products/3/LN_001305_BP_3.jpg,https://www.waitrose.com/ecom/products/weetabix-48-pack/001305-216-217,Weetabix 48 pack,48s,£5.80,12.1p each,,Food Cupboard
501941,Veetee Steam Filtered Sticky Rice,G,true,281,https://ecom-su-static-prod.wtrecom.com/images/products/3/LN_501941_BP_3.jpg,https://www.waitrose.com/ecom/products/veetee-steam-filtered-sticky-rice/501941-757307-757308,Veetee Steam Filtered Sticky Rice,2x130g,£1.00,£3.85/kg,Save 1/3. Was £1.50,Food Cupboard
729185,Waitrose Golden Vegetable Rice,G,false,282,https://ecom-su-static-prod.wtrecom.com/images/products/3/LN_729185_BP_3.jpg,https://www.waitrose.com/ecom/products/waitrose-golden-vegetable-rice/729185-695156-695157,Waitrose Golden Vegetable Rice,250g,85p,£3.40/kg,,Food Cupboard
088892,Waitrose Pecans,G,false,283,https://ecom-su-static-prod.wtrecom.com/images/products/3/LN_088892_BP_3.jpg,https://www.waitrose.com/ecom/products/waitrose-pecans/088892-45693-45694,Waitrose Pecans,150g,£2.95,£1.97/100g,,Food Cupboard
002359,Carr's Table Water Crackers,G,false,284,https://ecom-su-static-prod.wtrecom.com/images/products/3/LN_002359_BP_3.jpg,https://www.waitrose.com/ecom/products/carrs-table-water-crackers/002359-760-761,Carr's Table Water Crackers,125g,£1.80,£1.44/100g,,Food Cupboard
434827,Mutti Finely Chopped Tomatoes,G,false,285,https://ecom-su-static-prod.wtrecom.com/images/products/3/LN_434827_BP_3.jpg,https://www.waitrose.com/ecom/products/mutti-finely-chopped-tomatoes/434827-728116-728117,Mutti Finely Chopped Tomatoes,400g,£1.60,£4/kg,,Food Cupboard
700301,Essential Reduced Fat Coconut Milk,G,false,286,https://ecom-su-static-prod.wtrecom.com/images/products/3/LN_700301_BP_3.jpg,https://www.waitrose.com/ecom/products/essential-reduced-fat-coconut-milk/700301-99404-99405,Essential Reduced Fat Coconut Milk,400ml,£1.10,£2.75/litre,,Food Cupboard
829131,Waitrose Farfalle,G,false,287,https://ecom-su-static-prod.wtrecom.com/images/products/3/LN_829131_BP_3.jpg,https://www.waitrose.com/ecom/products/waitrose-farfalle/829131-728060-728061,Waitrose Farfalle,500g,£1.75,£3.50/kg,,Food Cupboard
656498,Walkers Less Salt Lightly Salted Multipack Crisps,G,true,288,https://ecom-su-static-prod.wtrecom.com/images/products/3/LN_656498_BP_3.jpg,https://www.waitrose.com/ecom/products/walkers-less-salt-lightly-salted-multipack-crisps/656498-780257-780258,Walkers Less Salt Lightly Salted Multipack Crisps,6x25g,£2.25,£1.50/100g,Add 2 for £3.25,Food Cupboard
020404,Essential Mandarin Orange in Fruit Juice,G,false,289,https://ecom-su-static-prod.wtrecom.com/images/products/3/LN_020404_BP_3.jpg,https://www.waitrose.com/ecom/products/essential-mandarin-orange-in-fruit-juice/020404-9929-9930,Essential Mandarin Orange in Fruit Juice,drained 175g,£1.10,£6.29/kg,,Food Cupboard
075216,Quaker Rolled Porridge Oats,G,true,290,https://ecom-su-static-prod.wtrecom.com/images/products/3/LN_075216_BP_3.jpg,https://www.waitrose.com/ecom/products/quaker-rolled-porridge-oats/075216-38158-38159,Quaker Rolled Porridge Oats,1kg,£2.95,29.5p/100g,Add 2 for £4,Food Cupboard
059916,Carr's Melts Cheese Crackers,G,true,291,https://ecom-su-static-prod.wtrecom.com/images/products/3/LN_059916_BP_3.jpg,https://www.waitrose.com/ecom/products/carrs-melts-cheese-crackers/059916-30269-30270,Carr's Melts Cheese Crackers,150g,£1.55,£1.04/100g,25% Off. Was £2.10,Food Cupboard
095271,Lindt Excellence Orange Intense Dark & Almond,G,true,292,https://ecom-su-static-prod.wtrecom.com/images/products/3/LN_095271_BP_3.jpg,https://www.waitrose.com/ecom/products/lindt-excellence-orange-intense-dark-almond/095271-48813-48814,Lindt Excellence Orange Intense Dark & Almond,100g,£2.15,£2.15/100g,save 60p. Was £2.75,Food Cupboard
036786,Duchy Organic Plum Tomatoes in Natural Juice,G,false,293,https://ecom-su-static-prod.wtrecom.com/images/products/3/LN_036786_BP_3.jpg,https://www.waitrose.com/ecom/products/duchy-organic-plum-tomatoes-in-natural-juice/036786-18418-18419,Duchy Organic Plum Tomatoes in Natural Juice,400g,£1.10,£2.75/kg,,Food Cupboard
465623,McVitie's Dark Chocolate Digestives Biscuits Twin Pack,G,true,294,https://ecom-su-static-prod.wtrecom.com/images/products/3/LN_465623_BP_3.jpg,https://www.waitrose.com/ecom/products/mcvities-dark-chocolate-digestives-biscuits-twin-pack/465623-666644-666645,McVitie's Dark Chocolate Digestives Biscuits Twin Pack,2x316g,£3.00,47.5p/100g,save 70p. Was £3.70,Food Cupboard
556126,Cooks' Ingredients Cornflour,G,false,295,https://ecom-su-static-prod.wtrecom.com/images/products/3/LN_556126_BP_3.jpg,https://www.waitrose.com/ecom/products/cooks-ingredients-cornflour/556126-78638-78639,Cooks' Ingredients Cornflour,250g,£1.25,£5/kg,,Food Cupboard
615219,Duchy Organic Strawberry Extra Jam Preserve,G,false,296,https://ecom-su-static-prod.wtrecom.com/images/products/3/LN_615219_BP_3.jpg,https://www.waitrose.com/ecom/products/duchy-organic-strawberry-extra-jam-preserve/615219-87285-87286,Duchy Organic Strawberry Extra Jam Preserve,340g,£2.80,82.4p/100g,,Food Cupboard
006270,Waitrose Aluminium Foil,G,false,297,https://ecom-su-static-prod.wtrecom.com/images/products/3/LN_006270_BP_3.jpg,https://www.waitrose.com/ecom/products/waitrose-aluminium-foil/006270-2780-2781,Waitrose Aluminium Foil,Each,£3.60,£3.60 each,,Food Cupboard
785492,Cooks' Ingredients Black Peppercorns,G,false,298,https://ecom-su-static-prod.wtrecom.com/images/products/3/LN_785492_BP_3.jpg,https://www.waitrose.com/ecom/products/cooks-ingredients-black-peppercorns/785492-785124-785125,Cooks' Ingredients Black Peppercorns,100g,£2.90,29p/10g,,Food Cupboard
475765,Walkers Squares Salt & Vinegar Crisps Multipack Snacks,G,true,299,https://ecom-su-static-prod.wtrecom.com/images/products/3/LN_475765_BP_3.jpg,https://www.waitrose.com/ecom/products/walkers-squares-salt-vinegar-crisps-multipack-snacks/475765-117653-117654,Walkers Squares Salt & Vinegar Crisps Multipack Snacks,6s,£2.25,37.5p each,Add 2 for £3.25,Food Cupboard
034146,Waitrose Extra Virgin Olive Oil,G,false,300,https://ecom-su-static-prod.wtrecom.com/images/products/3/LN_034146_BP_3.jpg,https://www.waitrose.com/ecom/products/waitrose-extra-virgin-olive-oil/034146-17093-17094,Waitrose Extra Virgin Olive Oil,500ml,£6.50,£1.30/100ml,,Food Cupboard
878980,Bold Bean Co Queen Chick Peas,G,true,301,https://ecom-su-static-prod.wtrecom.com/images/products/3/LN_878980_BP_3.jpg,https://www.waitrose.com/ecom/products/bold-bean-co-queen-chick-peas/878980-780933-780934,Bold Bean Co Queen Chick Peas,700g,£4.00,£8/kg,Add 2 for £6,Food Cupboard
836188,Snickers 4 Pack,G,false,302,https://ecom-su-static-prod.wtrecom.com/images/products/3/LN_836188_BP_3.jpg,https://www.waitrose.com/ecom/products/snickers-4-pack/836188-174737-174738,Snickers 4 Pack,4x41.7g,£2.00,£1.20/100g,,Food Cupboard
510982,Doves Farm Wholemeal Digestives,G,false,303,https://ecom-su-static-prod.wtrecom.com/images/products/3/LN_510982_BP_3.jpg,https://www.waitrose.com/ecom/products/doves-farm-wholemeal-digestives/510982-72222-72223,Doves Farm Wholemeal Digestives,200g,£1.50,75p/100g,,Food Cupboard
839479,Peter's Yard Original Sourdough Crackers,G,false,304,https://ecom-su-static-prod.wtrecom.com/images/products/3/LN_839479_BP_3.jpg,https://www.waitrose.com/ecom/products/peters-yard-original-sourdough-crackers/839479-244789-244790,Peter's Yard Original Sourdough Crackers,90g,£2.65,£2.95/100g,,Food Cupboard
031471,Waitrose Mini Breadsticks,G,false,305,https://ecom-su-static-prod.wtrecom.com/images/products/3/LN_031471_BP_3.jpg,https://www.waitrose.com/ecom/products/waitrose-mini-breadsticks/031471-15333-15334,Waitrose Mini Breadsticks,95g,£1.00,£1.06/100g,,Food Cupboard
076332,Dorset Cereals Gloriously Nutty Muesli Cereal,G,false,306,https://ecom-su-static-prod.wtrecom.com/images/products/3/LN_076332_BP_3.jpg,https://www.waitrose.com/ecom/products/dorset-cereals-gloriously-nutty-muesli-cereal/076332-38772-38773,Dorset Cereals Gloriously Nutty Muesli Cereal,500g,£4.20,84p/100g,,Food Cupboard
566899,Gran Luchito Tortilla Chips Lightly Salted,G,false,307,https://ecom-su-static-prod.wtrecom.com/images/products/3/LN_566899_BP_3.jpg,https://www.waitrose.com/ecom/products/gran-luchito-tortilla-chips-lightly-salted/566899-702777-702778,Gran Luchito Tortilla Chips Lightly Salted,170g,£2.80,£1.65/100g,,Food Cupboard
710236,Proper Chips Lentil Chips Sea Salt,G,true,308,https://ecom-su-static-prod.wtrecom.com/images/products/3/LN_710236_BP_3.jpg,https://www.waitrose.com/ecom/products/proper-chips-lentil-chips-sea-salt/710236-719694-719695,Proper Chips Lentil Chips Sea Salt,85g,£1.25,£1.48/100g,save 75p. Was £2.00,Food Cupboard
007637,Essential Dijon Mustard,G,false,309,https://ecom-su-static-prod.wtrecom.com/images/products/3/LN_007637_BP_3.jpg,https://www.waitrose.com/ecom/products/essential-dijon-mustard/007637-3578-3579,Essential Dijon Mustard,180g,£1.15,63.9p/100g,,Food Cupboard
766246,McVitie's Milk Chocolate Digestive Biscuits Large Pack,G,false,310,https://ecom-su-static-prod.wtrecom.com/images/products/3/LN_766246_BP_3.jpg,https://www.waitrose.com/ecom/products/mcvities-milk-chocolate-digestive-biscuits-large-pack/766246-727623-727624,McVitie's Milk Chocolate Digestive Biscuits Large Pack,433g,£3.15,72.7p/100g,,Food Cupboard
484157,Nairn's Dark Chocolate Chip Oat Biscuits 4x5,G,false,311,https://ecom-su-static-prod.wtrecom.com/images/products/3/LN_484157_BP_3.jpg,https://www.waitrose.com/ecom/products/nairns-dark-chocolate-chip-oat-biscuits-4x5/484157-68359-68360,Nairn's Dark Chocolate Chip Oat Biscuits 4x5,200g,£1.75,87.5p/100g,,Food Cupboard
593719,Essential Mackerel Fillets in Tomato Sauce,G,false,312,https://ecom-su-static-prod.wtrecom.com/images/products/3/LN_593719_BP_3.jpg,https://www.waitrose.com/ecom/products/essential-mackerel-fillets-in-tomato-sauce/593719-84155-84156,Essential Mackerel Fillets in Tomato Sauce,125g,£1.00,80p/100g,,Food Cupboard
567440,McCoy's Ridge Cut Flame Grilled Steak,G,true,313,https://ecom-su-static-prod.wtrecom.com/images/products/3/LN_567440_BP_3.jpg,https://www.waitrose.com/ecom/products/mccoys-ridge-cut-flame-grilled-steak/567440-162498-162499,McCoy's Ridge Cut Flame Grilled Steak,6x25g,£1.75,£1.17/100g,save 60p. Was £2.35,Food Cupboard
890874,Nestlé Bitesize Shredded Wheat,G,false,314,https://ecom-su-static-prod.wtrecom.com/images/products/3/LN_890874_BP_3.jpg,https://www.waitrose.com/ecom/products/nestle-bitesize-shredded-wheat/890874-752839-752840,Nestlé Bitesize Shredded Wheat,625g,£3.95,63.2p/100g,,Food Cupboard
080425,Essential Cheese Puffs,G,false,315,https://ecom-su-static-prod.wtrecom.com/images/products/3/LN_080425_BP_3.jpg,https://www.waitrose.com/ecom/products/essential-cheese-puffs/080425-40932-40933,Essential Cheese Puffs,100g,£1.10,£1.10/100g,,Food Cupboard
575684,Heinz Original Salad Cream,G,true,316,https://ecom-su-static-prod.wtrecom.com/images/products/3/LN_575684_BP_3.jpg,https://www.waitrose.com/ecom/products/heinz-original-salad-cream/575684-408626-408627,Heinz Original Salad Cream,425g,£2.50,58.8p/100g,save 50p. Was £3.00,Food Cupboard
035315,Gaea Pitted Kalamata Olives,G,false,317,https://ecom-su-static-prod.wtrecom.com/images/products/3/LN_035315_BP_3.jpg,https://www.waitrose.com/ecom/products/gaea-pitted-kalamata-olives/035315-17791-17792,Gaea Pitted Kalamata Olives,290g,£3.50,£2.19/100g,,Food Cupboard
020208,Essential Pear Halves in Fruit Juice,G,false,318,https://ecom-su-static-prod.wtrecom.com/images/products/3/LN_020208_BP_3.jpg,https://www.waitrose.com/ecom/products/essential-pear-halves-in-fruit-juice/020208-9839-9840,Essential Pear Halves in Fruit Juice,drained 240g,£1.15,£4.80/kg,,Food Cupboard
008512,Waitrose Golden Granulated Sugar,G,false,319,https://ecom-su-static-prod.wtrecom.com/images/products/3/LN_008512_BP_3.jpg,https://www.waitrose.com/ecom/products/waitrose-golden-granulated-sugar/008512-4051-4052,Waitrose Golden Granulated Sugar,1kg,£2.50,£2.50/kg,,Food Cupboard
664084,Maryland Chocolate Chip Cookies Minis,G,false,320,https://ecom-su-static-prod.wtrecom.com/images/products/3/LN_664084_BP_3.jpg,https://www.waitrose.com/ecom/products/maryland-chocolate-chip-cookies-minis/664084-138772-138773,Maryland Chocolate Chip Cookies Minis,118.8g,£1.30,£1.10/100g,,Food Cupboard
672777,BEAR Yo Yos Strawberry,G,true,321,https://ecom-su-static-prod.wtrecom.com/images/products/3/LN_672777_BP_3.jpg,https://www.waitrose.com/ecom/products/bear-yo-yos-strawberry/672777-95522-95523,BEAR Yo Yos Strawberry,5s,£2.00,40p each,save 85p. Was £2.85,Food Cupboard
630683,Essential Small Potatoes in Water,G,false,322,https://ecom-su-static-prod.wtrecom.com/images/products/3/LN_630683_BP_3.jpg,https://www.waitrose.com/ecom/products/essential-small-potatoes-in-water/630683-723882-723883,Essential Small Potatoes in Water,drained 265g,85p,£3.21/kg,,Food Cupboard
869198,Bahlsen PiCK UP! Milk Chocolate Biscuits,G,true,323,https://ecom-su-static-prod.wtrecom.com/images/products/3/LN_869198_BP_3.jpg,https://www.waitrose.com/ecom/products/bahlsen-pick-up-milk-chocolate-biscuits/869198-311470-311471,Bahlsen PiCK UP! Milk Chocolate Biscuits,5x28g,£1.25,89.3p/100g,save 75p. Was £2.00,Food Cupboard
421827,Waitrose Salt & Black Pepper Mix,G,false,324,https://ecom-su-static-prod.wtrecom.com/images/products/3/LN_421827_BP_3.jpg,https://www.waitrose.com/ecom/products/waitrose-salt-black-pepper-mix/421827-59354-59355,Waitrose Salt & Black Pepper Mix,150g,£1.85,£1.24/100g,,Food Cupboard
486129,Waitrose Soy & Ginger Sauce,G,true,325,https://ecom-su-static-prod.wtrecom.com/images/products/3/LN_486129_BP_3.jpg,https://www.waitrose.com/ecom/products/waitrose-soy-ginger-sauce/486129-824552-824553,Waitrose Soy & Ginger Sauce,150g,£1.15,76.7p/100g,"£7 Stir Fry Meal Deal: Add protein, veg, sauce & rice or noodles",Food Cupboard
478718,De Cecco Linguine,G,false,326,https://ecom-su-static-prod.wtrecom.com/images/products/3/LN_478718_BP_3.jpg,https://www.waitrose.com/ecom/products/de-cecco-linguine/478718-67531-67532,De Cecco Linguine,500g,£2.00,£4/kg,,Food Cupboard
007184,Essential Balsamic Vinegar of Modena,G,false,327,https://ecom-su-static-prod.wtrecom.com/images/products/3/LN_007184_BP_3.jpg,https://www.waitrose.com/ecom/products/essential-balsamic-vinegar-of-modena/007184-3299-3300,Essential Balsamic Vinegar of Modena,250ml,£1.50,60p/100ml,,Food Cupboard
004602,Essential Pure Set Honey,G,false,328,https://ecom-su-static-prod.wtrecom.com/images/products/3/LN_004602_BP_3.jpg,https://www.waitrose.com/ecom/products/essential-pure-set-honey/004602-1949-1950,Essential Pure Set Honey,454g,£1.75,38.5p/100g,,Food Cupboard
048007,Branston Small Chunk Pickle,G,false,329,https://ecom-su-static-prod.wtrecom.com/images/products/3/LN_048007_BP_3.jpg,https://www.waitrose.com/ecom/products/branston-small-chunk-pickle/048007-23785-23786,Branston Small Chunk Pickle,360g,£2.20,61.1p/100g,,Food Cupboard
712158,Nutella,G,false,330,https://ecom-su-static-prod.wtrecom.com/images/products/3/LN_712158_BP_3.jpg,https://www.waitrose.com/ecom/products/nutella/712158-741917-741918,Nutella,350g,£3.50,£1/100g,,Food Cupboard
029128,Heinz Classic Cream of Chicken Soup,G,true,331,https://ecom-su-static-prod.wtrecom.com/images/products/3/LN_029128_BP_3.jpg,https://www.waitrose.com/ecom/products/heinz-classic-cream-of-chicken-soup/029128-14195-14196,Heinz Classic Cream of Chicken Soup,400g,£1.75,43.8p/100g,Add 3 for £4.50,Food Cupboard
003383,Essential Salt & Malt Vinegar Crisps,G,false,332,https://ecom-su-static-prod.wtrecom.com/images/products/3/LN_003383_BP_3.jpg,https://www.waitrose.com/ecom/products/essential-salt-malt-vinegar-crisps/003383-1335-1336,Essential Salt & Malt Vinegar Crisps,6x25g,£1.25,83.3p/100g,,Food Cupboard
004503,Essential Seville Orange Marmalade Thick Cut,G,false,333,https://ecom-su-static-prod.wtrecom.com/images/products/3/LN_004503_BP_3.jpg,https://www.waitrose.com/ecom/products/essential-seville-orange-marmalade-thick-cut/004503-1907-1908,Essential Seville Orange Marmalade Thick Cut,454g,£1.00,22p/100g,,Food Cupboard
022537,Essential Sardines in Sunflower Oil,G,false,334,https://ecom-su-static-prod.wtrecom.com/images/products/3/LN_022537_BP_3.jpg,https://www.waitrose.com/ecom/products/essential-sardines-in-sunflower-oil/022537-10999-11000,Essential Sardines in Sunflower Oil,drained 84g,65p,77.4p/100g,,Food Cupboard
006211,Essential Plain White Flour,G,false,335,https://ecom-su-static-prod.wtrecom.com/images/products/3/LN_006211_BP_3.jpg,https://www.waitrose.com/ecom/products/essential-plain-white-flour/006211-2726-2727,Essential Plain White Flour,500g,50p,£1/kg,,Food Cupboard
822298,Doritos Tangy Cheese Sharing Tortilla Chips,G,false,336,https://ecom-su-static-prod.wtrecom.com/images/products/3/LN_822298_BP_3.jpg,https://www.waitrose.com/ecom/products/doritos-tangy-cheese-sharing-tortilla-chips/822298-307234-307235,Doritos Tangy Cheese Sharing Tortilla Chips,180g,£2.50,£1.39/100g,,Food Cupboard
017320,Dolmio Bolognese Original Sauce,G,true,337,https://ecom-su-static-prod.wtrecom.com/images/products/3/LN_017320_BP_3.jpg,https://www.waitrose.com/ecom/products/dolmio-bolognese-original-sauce/017320-8362-8363,Dolmio Bolognese Original Sauce,450g,£2.65,58.9p/100g,Add 2 for £3.50,Food Cupboard
679742,Waitrose Essential Roasted Salted Cashew Nuts,G,false,338,https://ecom-su-static-prod.wtrecom.com/images/products/3/LN_679742_BP_3.jpg,https://www.waitrose.com/ecom/products/waitrose-essential-roasted-salted-cashew-nuts/679742-782806-782807,Waitrose Essential Roasted Salted Cashew Nuts,200g,£2.75,£1.38/100g,,Food Cupboard
508428,Del Monte Fruit Cocktail in Juice,G,false,339,https://ecom-su-static-prod.wtrecom.com/images/products/3/LN_508428_BP_3.jpg,https://www.waitrose.com/ecom/products/del-monte-fruit-cocktail-in-juice/508428-747402-747403,Del Monte Fruit Cocktail in Juice,415g,£1.25,50p/100g,,Food Cupboard
787040,Cadbury Timeout Wafer Milk Chocolate Bar Multipack 7 Pack,G,false,340,https://ecom-su-static-prod.wtrecom.com/images/products/3/LN_787040_BP_3.jpg,https://www.waitrose.com/ecom/products/cadbury-timeout-wafer-milk-chocolate-bar-multipack-7-pack/787040-492153-492154,Cadbury Timeout Wafer Milk Chocolate Bar Multipack 7 Pack,7x20.2g,£1.75,£1.24/100g,,Food Cupboard
711113,Kellogg's Corn Flakes Breakfast Cereal,G,false,341,https://ecom-su-static-prod.wtrecom.com/images/products/3/LN_711113_BP_3.jpg,https://www.waitrose.com/ecom/products/kelloggs-corn-flakes-breakfast-cereal/711113-772642-772643,Kellogg's Corn Flakes Breakfast Cereal,450g,£2.35,52.2p/100g,,Food Cupboard
635577,Waitrose Prawn Crackers,G,false,342,https://ecom-su-static-prod.wtrecom.com/images/products/3/LN_635577_BP_3.jpg,https://www.waitrose.com/ecom/products/waitrose-prawn-crackers/635577-772724-772725,Waitrose Prawn Crackers,65g,£1.20,£1.85/100g,,Food Cupboard
009924,Lindt Excellence Milk Chocolate Bar,G,true,343,https://ecom-su-static-prod.wtrecom.com/images/products/3/LN_009924_BP_3.jpg,https://www.waitrose.com/ecom/products/lindt-excellence-milk-chocolate-bar/009924-4936-4937,Lindt Excellence Milk Chocolate Bar,100g,£2.15,£2.15/100g,save 60p. Was £2.75,Food Cupboard
088876,Waitrose Walnuts,G,false,344,https://ecom-su-static-prod.wtrecom.com/images/products/3/LN_088876_BP_3.jpg,https://www.waitrose.com/ecom/products/waitrose-walnuts/088876-45677-45678,Waitrose Walnuts,150g,£2.75,£18.34/kg,,Food Cupboard
059554,McCoy's The Classics Ridge Cut,G,true,345,https://ecom-su-static-prod.wtrecom.com/images/products/3/LN_059554_BP_3.jpg,https://www.waitrose.com/ecom/products/mccoys-the-classics-ridge-cut/059554-30028-30028,McCoy's The Classics Ridge Cut,6x25g,£1.75,£1.17/100g,save 60p. Was £2.35,Food Cupboard
898497,Waitrose Waffle Ice Cream Cones,G,false,346,https://ecom-su-static-prod.wtrecom.com/images/products/3/LN_898497_BP_3.jpg,https://www.waitrose.com/ecom/products/waitrose-waffle-ice-cream-cones/898497-694096-694097,Waitrose Waffle Ice Cream Cones,10s,£1.55,15.5p each,,Food Cupboard
042970,Ryvita Original Crispbread Crackers,G,false,347,https://ecom-su-static-prod.wtrecom.com/images/products/3/LN_042970_BP_3.jpg,https://www.waitrose.com/ecom/products/ryvita-original-crispbread-crackers/042970-21228-21229,Ryvita Original Crispbread Crackers,250g,£1.70,68p/100g,,Food Cupboard
074236,Green & Black's Organic Ginger Dark Chocolate Bar,G,false,348,https://ecom-su-static-prod.wtrecom.com/images/products/3/LN_074236_BP_3.jpg,https://www.waitrose.com/ecom/products/green-blacks-organic-ginger-dark-chocolate-bar/074236-37690-37691,Green & Black's Organic Ginger Dark Chocolate Bar,90g,£2.50,£2.78/100g,,Food Cupboard
063854,Elmlea Single Cream Alternative,G,false,349,https://ecom-su-static-prod.wtrecom.com/images/products/3/LN_063854_BP_3.jpg,https://www.waitrose.com/ecom/products/elmlea-single-cream-alternative/063854-32425-32426,Elmlea Single Cream Alternative,270ml,£1.50,55.6p/100ml,,Food Cupboard
860930,Waitrose Sour Cream & Chive Mix,G,false,350,https://ecom-su-static-prod.wtrecom.com/images/products/3/LN_860930_BP_3.jpg,https://www.waitrose.com/ecom/products/waitrose-sour-cream-chive-mix/860930-239737-239738,Waitrose Sour Cream & Chive Mix,150g,£1.85,£1.24/100g,,Food Cupboard
817158,Walkers Sensations Lime & Coriander Chutney Sharing Poppadoms,G,true,351,https://ecom-su-static-prod.wtrecom.com/images/products/3/LN_817158_BP_3.jpg,https://www.waitrose.com/ecom/products/walkers-sensations-lime-coriander-chutney-sharing-poppadoms/817158-307218-307219,Walkers Sensations Lime & Coriander Chutney Sharing Poppadoms,82.5g,£1.50,£1.82/100g,save £1.00. Was £2.50,Food Cupboard
083884,Ben's Original Golden Veg Rice,G,true,352,https://ecom-su-static-prod.wtrecom.com/images/products/3/LN_083884_BP_3.jpg,https://www.waitrose.com/ecom/products/bens-original-golden-veg-rice/083884-42600-42601,Ben's Original Golden Veg Rice,220g,£1.45,£6.60/kg,Add 2 for £2.50,Food Cupboard
791169,Kallo Corn Cakes Salted Wholegrain Low Fat,G,true,353,https://ecom-su-static-prod.wtrecom.com/images/products/3/LN_791169_BP_3.jpg,https://www.waitrose.com/ecom/products/kallo-corn-cakes-salted-wholegrain-low-fat/791169-174681-174682,Kallo Corn Cakes Salted Wholegrain Low Fat,130g,£1.25,96.2p/100g,20% Off. Was £1.60,Food Cupboard
095141,Essential Plum Tomatoes in Natural Juice,G,false,354,https://ecom-su-static-prod.wtrecom.com/images/products/3/LN_095141_BP_3.jpg,https://www.waitrose.com/ecom/products/essential-plum-tomatoes-in-natural-juice/095141-48772-48772,Essential Plum Tomatoes in Natural Juice,4x400g,£2.20,£1.38/kg,,Food Cupboard
684286,Tilda Pure Basmati Rice,G,true,355,https://ecom-su-static-prod.wtrecom.com/images/products/3/LN_684286_BP_3.jpg,https://www.waitrose.com/ecom/products/tilda-pure-basmati-rice/684286-97208-97209,Tilda Pure Basmati Rice,500g,£2.50,£5/kg,save 65p. Was £3.15,Food Cupboard
002581,Essential Cheese Thins,G,false,356,https://ecom-su-static-prod.wtrecom.com/images/products/3/LN_002581_BP_3.jpg,https://www.waitrose.com/ecom/products/essential-cheese-thins/002581-874-875,Essential Cheese Thins,150g,£1.20,80p/100g,,Food Cupboard
470588,Cooks' Ingredients Garlic Granules,G,false,357,https://ecom-su-static-prod.wtrecom.com/images/products/3/LN_470588_BP_3.jpg,https://www.waitrose.com/ecom/products/cooks-ingredients-garlic-granules/470588-784844-784845,Cooks' Ingredients Garlic Granules,52g,£1.60,30.8p/10g,,Food Cupboard
428028,Manomasa Chipotle & Lime,G,false,358,https://ecom-su-static-prod.wtrecom.com/images/products/3/LN_428028_BP_3.jpg,https://www.waitrose.com/ecom/products/manomasa-chipotle-lime/428028-786024-786025,Manomasa Chipotle & Lime,140g,£2.30,£1.65/100g,,Food Cupboard
792130,Heinz Baked Beans Snap Pots,G,true,359,https://ecom-su-static-prod.wtrecom.com/images/products/3/LN_792130_BP_3.jpg,https://www.waitrose.com/ecom/products/heinz-baked-beans-snap-pots/792130-112689-112690,Heinz Baked Beans Snap Pots,4x200g,£3.50,£4.38/kg,Add 2 for £6,Food Cupboard
006805,Waitrose Flaked Almonds,G,false,360,https://ecom-su-static-prod.wtrecom.com/images/products/3/LN_006805_BP_3.jpg,https://www.waitrose.com/ecom/products/waitrose-flaked-almonds/006805-3053-3054,Waitrose Flaked Almonds,200g,£3.00,£15/kg,,Food Cupboard
858377,Waitrose Caramelised Red Onion Chutney,G,false,361,https://ecom-su-static-prod.wtrecom.com/images/products/3/LN_858377_BP_3.jpg,https://www.waitrose.com/ecom/products/waitrose-caramelised-red-onion-chutney/858377-294295-294296,Waitrose Caramelised Red Onion Chutney,350g,£2.50,71.4p/100g,,Food Cupboard
432376,Walker's Shortbread Fingers,G,false,362,https://ecom-su-static-prod.wtrecom.com/images/products/3/LN_432376_BP_3.jpg,https://www.waitrose.com/ecom/products/walkers-shortbread-fingers/432376-361619-361620,Walker's Shortbread Fingers,160g,£1.45,90.6p/100g,,Food Cupboard
095415,Duchy Organic Fusilli,G,false,363,https://ecom-su-static-prod.wtrecom.com/images/products/3/LN_095415_BP_3.jpg,https://www.waitrose.com/ecom/products/duchy-organic-fusilli/095415-48891-48892,Duchy Organic Fusilli,500g,£1.90,£3.80/kg,,Food Cupboard
695147,McVitie's Digestives Dark Chocolate Biscuits,G,false,364,https://ecom-su-static-prod.wtrecom.com/images/products/3/LN_695147_BP_3.jpg,https://www.waitrose.com/ecom/products/mcvities-digestives-dark-chocolate-biscuits/695147-727496-727497,McVitie's Digestives Dark Chocolate Biscuits,433g,£3.15,72.7p/100g,,Food Cupboard
001051,Kellogg's Crunchy Nut Breakfast Cereal Large Pack,G,false,365,https://ecom-su-static-prod.wtrecom.com/images/products/3/LN_001051_BP_3.jpg,https://www.waitrose.com/ecom/products/kelloggs-crunchy-nut-breakfast-cereal-large-pack/001051-31-32,Kellogg's Crunchy Nut Breakfast Cereal Large Pack,840g,£5.00,59.5p/100g,,Food Cupboard
792139,Propercorn Sweet & Salty,G,false,366,https://ecom-su-static-prod.wtrecom.com/images/products/3/LN_792139_BP_3.jpg,https://www.waitrose.com/ecom/products/propercorn-sweet-salty/792139-658633-658634,Propercorn Sweet & Salty,6x14g,£2.00,£2.39/100g,,Food Cupboard
860336,Waitrose Flame-Baked Plain Naan Breads,G,false,367,https://ecom-su-static-prod.wtrecom.com/images/products/3/LN_860336_BP_3.jpg,https://www.waitrose.com/ecom/products/waitrose-flame-baked-plain-naan-breads/860336-778472-778473,Waitrose Flame-Baked Plain Naan Breads,260g,£1.25,48.1p/100g,,Food Cupboard
866373,Waitrose 8 Belgian Double Chocolate Cookies,G,false,368,https://ecom-su-static-prod.wtrecom.com/images/products/3/LN_866373_BP_3.jpg,https://www.waitrose.com/ecom/products/waitrose-8-belgian-double-chocolate-cookies/866373-229613-229614,Waitrose 8 Belgian Double Chocolate Cookies,200g,£2.30,£1.15/100g,,Food Cupboard
034153,Waitrose Toasted Sesame Oil,G,false,369,https://ecom-su-static-prod.wtrecom.com/images/products/3/LN_034153_BP_3.jpg,https://www.waitrose.com/ecom/products/waitrose-toasted-sesame-oil/034153-17101-17102,Waitrose Toasted Sesame Oil,250ml,£2.75,£1.10/100ml,,Food Cupboard
019515,Farrow's Giant Marrowfat Processed Peas,G,false,370,https://ecom-su-static-prod.wtrecom.com/images/products/3/LN_019515_BP_3.jpg,https://www.waitrose.com/ecom/products/farrows-giant-marrowfat-processed-peas/019515-9443-9444,Farrow's Giant Marrowfat Processed Peas,drained 180g,90p,£5/kg,,Food Cupboard
019703,Essential Plum Tomatoes in Natural Juice,G,false,371,https://ecom-su-static-prod.wtrecom.com/images/products/3/LN_019703_BP_3.jpg,https://www.waitrose.com/ecom/products/essential-plum-tomatoes-in-natural-juice/019703-9569-9570,Essential Plum Tomatoes in Natural Juice,400g,60p,£1.50/kg,,Food Cupboard
787048,Cadbury Flake Chocolate Bar Multipack 4 Pack,G,false,372,https://ecom-su-static-prod.wtrecom.com/images/products/3/LN_787048_BP_3.jpg,https://www.waitrose.com/ecom/products/cadbury-flake-chocolate-bar-multipack-4-pack/787048-112045-112046,Cadbury Flake Chocolate Bar Multipack 4 Pack,102g,£2.00,£1.97/100g,,Food Cupboard
895122,Doritos Chilli Heatwave Multipack Tortilla Chips,G,true,373,https://ecom-su-static-prod.wtrecom.com/images/products/3/LN_895122_BP_3.jpg,https://www.waitrose.com/ecom/products/doritos-chilli-heatwave-multipack-tortilla-chips/895122-388062-388063,Doritos Chilli Heatwave Multipack Tortilla Chips,5x30g,£2.25,£1.50/100g,Add 2 for £3.25,Food Cupboard
001052,Kellogg's Crunchy Nut Breakfast Cereal,G,true,374,https://ecom-su-static-prod.wtrecom.com/images/products/3/LN_001052_BP_3.jpg,https://www.waitrose.com/ecom/products/kelloggs-crunchy-nut-breakfast-cereal/001052-33-34,Kellogg's Crunchy Nut Breakfast Cereal,460g,£2.75,59.8p/100g,save 75p. Was £3.50,Food Cupboard
376084,Jammie Dodgers Mini Snack Packs,G,false,375,https://ecom-su-static-prod.wtrecom.com/images/products/3/LN_376084_BP_3.jpg,https://www.waitrose.com/ecom/products/jammie-dodgers-mini-snack-packs/376084-138663-138664,Jammie Dodgers Mini Snack Packs,6x20g,£1.30,£1.09/100g,,Food Cupboard
034255,Sharwood's Mango Chutney,G,false,376,https://ecom-su-static-prod.wtrecom.com/images/products/3/LN_034255_BP_3.jpg,https://www.waitrose.com/ecom/products/sharwoods-mango-chutney/034255-17166-17167,Sharwood's Mango Chutney,360g,£2.50,69.4p/100g,,Food Cupboard
006802,Waitrose Ground Almonds,G,false,377,https://ecom-su-static-prod.wtrecom.com/images/products/3/LN_006802_BP_3.jpg,https://www.waitrose.com/ecom/products/waitrose-ground-almonds/006802-3049-3050,Waitrose Ground Almonds,200g,£2.95,£14.75/kg,,Food Cupboard
557431,Heinz Baked Beans 6 Pack,G,true,378,https://ecom-su-static-prod.wtrecom.com/images/products/3/LN_557431_BP_3.jpg,https://www.waitrose.com/ecom/products/heinz-baked-beans-6-pack/557431-707452-707453,Heinz Baked Beans 6 Pack,6x415g,£5.50,£2.21/kg,Add 2 for £9,Food Cupboard
815696,Nestlé Shreddies The Original,G,true,379,https://ecom-su-static-prod.wtrecom.com/images/products/3/LN_815696_BP_3.jpg,https://www.waitrose.com/ecom/products/nestle-shreddies-the-original/815696-752833-752834,Nestlé Shreddies The Original,460g,£2.00,43.5p/100g,save £1.25. Was £3.25,Food Cupboard
034647,Essential Creamed Horseradish,G,false,380,https://ecom-su-static-prod.wtrecom.com/images/products/3/LN_034647_BP_3.jpg,https://www.waitrose.com/ecom/products/essential-creamed-horseradish/034647-17443-17444,Essential Creamed Horseradish,180g,£1.00,55.6p/100g,,Food Cupboard
017431,Tilda Pure Basmati Rice,G,false,381,https://ecom-su-static-prod.wtrecom.com/images/products/3/LN_017431_BP_3.jpg,https://www.waitrose.com/ecom/products/tilda-pure-basmati-rice/017431-8430-8431,Tilda Pure Basmati Rice,1kg,£5.25,£5.25/kg,,Food Cupboard
615191,Cooks' Ingredients Panko Breadcrumbs,G,false,382,https://ecom-su-static-prod.wtrecom.com/images/products/3/LN_615191_BP_3.jpg,https://www.waitrose.com/ecom/products/cooks-ingredients-panko-breadcrumbs/615191-312329-312330,Cooks' Ingredients Panko Breadcrumbs,150g,£2.55,£1.70/100g,,Food Cupboard
008111,Tate & Lyle Fairtrade Cane Sugar Caster Sugar,G,false,383,https://ecom-su-static-prod.wtrecom.com/images/products/3/LN_008111_BP_3.jpg,https://www.waitrose.com/ecom/products/tate-lyle-fairtrade-cane-sugar-caster-sugar/008111-3848-3849,Tate & Lyle Fairtrade Cane Sugar Caster Sugar,1kg,£2.95,£2.95/kg,,Food Cupboard
009516,Waitrose Belgian Dark Chocolate 54%,G,false,384,https://ecom-su-static-prod.wtrecom.com/images/products/3/LN_009516_BP_3.jpg,https://www.waitrose.com/ecom/products/waitrose-belgian-dark-chocolate-54/009516-4678-4679,Waitrose Belgian Dark Chocolate 54%,180g,£2.20,£1.23/100g,,Food Cupboard
687276,Essential Table Salt,G,false,385,https://ecom-su-static-prod.wtrecom.com/images/products/3/LN_687276_BP_3.jpg,https://www.waitrose.com/ecom/products/essential-table-salt/687276-723940-723941,Essential Table Salt,750g,70p,93.3p/kg,,Food Cupboard
644929,Cooks' Ingredients Tahini,G,false,386,https://ecom-su-static-prod.wtrecom.com/images/products/3/LN_644929_BP_3.jpg,https://www.waitrose.com/ecom/products/cooks-ingredients-tahini/644929-312347-312348,Cooks' Ingredients Tahini,300g,£3.00,£1/100g,,Food Cupboard
742013,Tilda Fragrant Jasmine Rice,G,false,387,https://ecom-su-static-prod.wtrecom.com/images/products/3/LN_742013_BP_3.jpg,https://www.waitrose.com/ecom/products/tilda-fragrant-jasmine-rice/742013-697904-697905,Tilda Fragrant Jasmine Rice,250g,£1.65,£6.60/kg,,Food Cupboard
403803,Walkers Salt & Shake Multipack Crisps,G,true,388,https://ecom-su-static-prod.wtrecom.com/images/products/3/LN_403803_BP_3.jpg,https://www.waitrose.com/ecom/products/walkers-salt-shake-multipack-crisps/403803-804212-804213,Walkers Salt & Shake Multipack Crisps,6x24g,£2.25,£1.57/100g,Add 2 for £3.25,Food Cupboard
062150,Walkers Baked Cheese & Onion Multipack Potato Crisp Snacks,G,true,389,https://ecom-su-static-prod.wtrecom.com/images/products/3/LN_062150_BP_3.jpg,https://www.waitrose.com/ecom/products/walkers-baked-cheese-onion-multipack-potato-crisp-snacks/062150-31503-31504,Walkers Baked Cheese & Onion Multipack Potato Crisp Snacks,6x22g,£2.25,£1.71/100g,Add 2 for £3.25,Food Cupboard
447811,Dole Tropical Gold Pineapple Slices in Juice,G,false,390,https://ecom-su-static-prod.wtrecom.com/images/products/3/LN_447811_BP_3.jpg,https://www.waitrose.com/ecom/products/dole-tropical-gold-pineapple-slices-in-juice/447811-817060-817061,Dole Tropical Gold Pineapple Slices in Juice,227g,£1.00,£7.20/kg,,Food Cupboard
043806,Simmers Abernethy,G,false,391,https://ecom-su-static-prod.wtrecom.com/images/products/3/LN_043806_BP_3.jpg,https://www.waitrose.com/ecom/products/simmers-abernethy/043806-21592-21593,Simmers Abernethy,250g,75p,30p/100g,,Food Cupboard
070684,Cooks' Ingredients Sicilian Lemon Juice,G,false,392,https://ecom-su-static-prod.wtrecom.com/images/products/3/LN_070684_BP_3.jpg,https://www.waitrose.com/ecom/products/cooks-ingredients-sicilian-lemon-juice/070684-35827-35828,Cooks' Ingredients Sicilian Lemon Juice,250ml,£1.25,50p/100ml,,Food Cupboard
046725,Branston Baked Beans,G,true,393,https://ecom-su-static-prod.wtrecom.com/images/products/3/LN_046725_BP_3.jpg,https://www.waitrose.com/ecom/products/branston-baked-beans/046725-23079-23080,Branston Baked Beans,4x410g,£2.75,16.8p/100g,save 40p. Was £3.15,Food Cupboard
007611,Sarson's Distilled Malt Vinegar,G,false,394,https://ecom-su-static-prod.wtrecom.com/images/products/3/LN_007611_BP_3.jpg,https://www.waitrose.com/ecom/products/sarsons-distilled-malt-vinegar/007611-3564-3565,Sarson's Distilled Malt Vinegar,568ml,£1.70,29.9p/100ml,,Food Cupboard
042701,Sharwood's Plain Poppadoms,G,false,395,https://ecom-su-static-prod.wtrecom.com/images/products/3/LN_042701_BP_3.jpg,https://www.waitrose.com/ecom/products/sharwoods-plain-poppadoms/042701-21122-21123,Sharwood's Plain Poppadoms,8s,£2.35,29.4p each,,Food Cupboard
423740,Cadbury Dairy Milk Giant Buttons Sharing Chocolate Bag,G,true,396,https://ecom-su-static-prod.wtrecom.com/images/products/3/LN_423740_BP_3.jpg,https://www.waitrose.com/ecom/products/cadbury-dairy-milk-giant-buttons-sharing-chocolate-bag/423740-615303-615304,Cadbury Dairy Milk Giant Buttons Sharing Chocolate Bag,184.8g,£2.50,£1.36/100g,save 25p. Was £2.75,Food Cupboard
526234,Waitrose Wholewheat Penne,G,false,397,https://ecom-su-static-prod.wtrecom.com/images/products/3/LN_526234_BP_3.jpg,https://www.waitrose.com/ecom/products/waitrose-wholewheat-penne/526234-74385-74386,Waitrose Wholewheat Penne,500g,£1.75,£3.50/kg,,Food Cupboard
001071,Kellogg's Fruit 'n Fibre Breakfast Cereal Large Pack,G,false,398,https://ecom-su-static-prod.wtrecom.com/images/products/3/LN_001071_BP_3.jpg,https://www.waitrose.com/ecom/products/kelloggs-fruit-n-fibre-breakfast-cereal-large-pack/001071-45-46,Kellogg's Fruit 'n Fibre Breakfast Cereal Large Pack,700g,£3.70,52.9p/100g,,Food Cupboard
008115,Silver Spoon Granulated Sugar,G,false,399,https://ecom-su-static-prod.wtrecom.com/images/products/3/LN_008115_BP_3.jpg,https://www.waitrose.com/ecom/products/silver-spoon-granulated-sugar/008115-3852-3853,Silver Spoon Granulated Sugar,500g,95p,£1.90/kg,,Food Cupboard
678383,Waitrose Nuts & Raisins,G,false,400,https://ecom-su-static-prod.wtrecom.com/images/products/3/LN_678383_BP_3.jpg,https://www.waitrose.com/ecom/products/waitrose-nuts-raisins/678383-492085-492086,Waitrose Nuts & Raisins,500g,£4.00,80p/100g,,Food Cupboard
464768,Cooks' Ingredients Ground Cumin,G,false,401,https://ecom-su-static-prod.wtrecom.com/images/products/3/LN_464768_BP_3.jpg,https://www.waitrose.com/ecom/products/cooks-ingredients-ground-cumin/464768-784832-784833,Cooks' Ingredients Ground Cumin,40g,£1.60,40p/10g,,Food Cupboard
623488,Merchant Gourmet Tomatoey Puy & Green Lentils,G,true,402,https://ecom-su-static-prod.wtrecom.com/images/products/3/LN_623488_BP_3.jpg,https://www.waitrose.com/ecom/products/merchant-gourmet-tomatoey-puy-green-lentils/623488-88446-88447,Merchant Gourmet Tomatoey Puy & Green Lentils,250g,£1.50,£6/kg,save 60p. Was £2.10,Food Cupboard
852851,McVitie's Club Mint Chocolate Biscuit Bars,G,true,403,https://ecom-su-static-prod.wtrecom.com/images/products/3/LN_852851_BP_3.jpg,https://www.waitrose.com/ecom/products/mcvities-club-mint-chocolate-biscuit-bars/852851-260108-260109,McVitie's Club Mint Chocolate Biscuit Bars,154g,£1.00,64.9p/100g,save 90p. Was £1.90,Food Cupboard
634490,Go Ahead Apple Crispy Fruit Slices Snack Bars,G,false,404,https://ecom-su-static-prod.wtrecom.com/images/products/3/LN_634490_BP_3.jpg,https://www.waitrose.com/ecom/products/go-ahead-apple-crispy-fruit-slices-snack-bars/634490-786186-786187,Go Ahead Apple Crispy Fruit Slices Snack Bars,4x43.6g,£1.00,57.3p/100g,,Food Cupboard
827123,Knorr Gluten Free Chicken Stock Pot,G,false,405,https://ecom-su-static-prod.wtrecom.com/images/products/3/LN_827123_BP_3.jpg,https://www.waitrose.com/ecom/products/knorr-gluten-free-chicken-stock-pot/827123-230037-230038,Knorr Gluten Free Chicken Stock Pot,4x28g,£2.00,£1.79/100g,,Food Cupboard
053889,Nairn's Cheese Oatcakes,G,false,406,https://ecom-su-static-prod.wtrecom.com/images/products/3/LN_053889_BP_3.jpg,https://www.waitrose.com/ecom/products/nairns-cheese-oatcakes/053889-27012-27013,Nairn's Cheese Oatcakes,200g,£1.70,85p/100g,,Food Cupboard
033431,Duchy Organic British FR Eggs Very Large,G,false,407,https://ecom-su-static-prod.wtrecom.com/images/products/3/LN_033431_BP_3.jpg,https://www.waitrose.com/ecom/products/duchy-organic-british-fr-eggs-very-large/033431-16683-16684,Duchy Organic British FR Eggs Very Large,6s,£3.75,62.5p each,,Food Cupboard
004653,Essential Smooth Peanut Butter,G,false,408,https://ecom-su-static-prod.wtrecom.com/images/products/3/LN_004653_BP_3.jpg,https://www.waitrose.com/ecom/products/essential-smooth-peanut-butter/004653-1987-1988,Essential Smooth Peanut Butter,340g,£1.80,52.9p/100g,,Food Cupboard
066535,Walkers Smoky Bacon Multipack Crisps,G,true,409,https://ecom-su-static-prod.wtrecom.com/images/products/3/LN_066535_BP_3.jpg,https://www.waitrose.com/ecom/products/walkers-smoky-bacon-multipack-crisps/066535-33689-33690,Walkers Smoky Bacon Multipack Crisps,6x25g,£2.25,£1.50/100g,Add 2 for £3.25,Food Cupboard
059468,Snack a Jacks Salt & Vinegar Multipack Rice Cakes,G,true,410,https://ecom-su-static-prod.wtrecom.com/images/products/3/LN_059468_BP_3.jpg,https://www.waitrose.com/ecom/products/snack-a-jacks-salt-vinegar-multipack-rice-cakes/059468-29972-29973,Snack a Jacks Salt & Vinegar Multipack Rice Cakes,5x19g,£2.25,£2.37/100g,Add 2 for £3.25,Food Cupboard
078952,Nestlé Multigrain Cheerios,G,false,411,https://ecom-su-static-prod.wtrecom.com/images/products/3/LN_078952_BP_3.jpg,https://www.waitrose.com/ecom/products/nestle-multigrain-cheerios/078952-40187-40188,Nestlé Multigrain Cheerios,540g,£4.40,81.5p/100g,,Food Cupboard
835481,Waitrose Garlic & Coriander Naans,G,false,412,https://ecom-su-static-prod.wtrecom.com/images/products/3/LN_835481_BP_3.jpg,https://www.waitrose.com/ecom/products/waitrose-garlic-coriander-naans/835481-778458-778459,Waitrose Garlic & Coriander Naans,260g,£1.25,48.1p/100g,,Food Cupboard
883775,McVitie's Hobnobs Milk Chocolate Biscuits,G,true,413,https://ecom-su-static-prod.wtrecom.com/images/products/3/LN_883775_BP_3.jpg,https://www.waitrose.com/ecom/products/mcvities-hobnobs-milk-chocolate-biscuits/883775-280843-280844,McVitie's Hobnobs Milk Chocolate Biscuits,262g,£1.35,51.5p/100g,Save £0.65. Was £2.00,Food Cupboard
618332,Crosta & Mollica Torinesi Grissini,G,false,414,https://ecom-su-static-prod.wtrecom.com/images/products/3/LN_618332_BP_3.jpg,https://www.waitrose.com/ecom/products/crosta-mollica-torinesi-grissini/618332-146626-146627,Crosta & Mollica Torinesi Grissini,120g,£1.65,£1.38/100g,,Food Cupboard
779045,Duchy Organic Pitted Kalamata Olives,G,true,415,https://ecom-su-static-prod.wtrecom.com/images/products/3/LN_779045_BP_3.jpg,https://www.waitrose.com/ecom/products/duchy-organic-pitted-kalamata-olives/779045-747564-747565,Duchy Organic Pitted Kalamata Olives,drained 160g,£2.40,£1.50/100g,25% Off. Was £3.25,Food Cupboard
443697,Waitrose Couscous,G,false,416,https://ecom-su-static-prod.wtrecom.com/images/products/3/LN_443697_BP_3.jpg,https://www.waitrose.com/ecom/products/waitrose-couscous/443697-780027-780028,Waitrose Couscous,500g,£1.00,20p/100g,,Food Cupboard
878235,Deliciously Ella Gluten Free & Vegan Oat Bars Peanut Butter,G,false,417,https://ecom-su-static-prod.wtrecom.com/images/products/3/LN_878235_BP_3.jpg,https://www.waitrose.com/ecom/products/deliciously-ella-gluten-free-vegan-oat-bars-peanut-butter/878235-722684-722685,Deliciously Ella Gluten Free & Vegan Oat Bars Peanut Butter,3x50g,£2.80,£1.87/100g,,Food Cupboard
029136,Heinz Classic Cream of Soup Mushroom,G,true,418,https://ecom-su-static-prod.wtrecom.com/images/products/3/LN_029136_BP_3.jpg,https://www.waitrose.com/ecom/products/heinz-classic-cream-of-soup-mushroom/029136-14203-14204,Heinz Classic Cream of Soup Mushroom,400g,£1.75,43.8p/100g,Add 3 for £4.50,Food Cupboard
001066,Kellogg's Special K Original Breakfast Cereal,G,true,419,https://ecom-su-static-prod.wtrecom.com/images/products/3/LN_001066_BP_3.jpg,https://www.waitrose.com/ecom/products/kelloggs-special-k-original-breakfast-cereal/001066-41-42,Kellogg's Special K Original Breakfast Cereal,440g,£2.75,62.5p/100g,save 70p. Was £3.45,Food Cupboard
893119,Clarence Court Ready to Eat Quail Eggs,G,false,420,https://ecom-su-static-prod.wtrecom.com/images/products/3/LN_893119_BP_3.jpg,https://www.waitrose.com/ecom/products/clarence-court-ready-to-eat-quail-eggs/893119-452026-452027,Clarence Court Ready to Eat Quail Eggs,12s,£4.90,40.8p each,,Food Cupboard
019711,Waitrose Peeled Italian Cherry Tomatoes,G,false,421,https://ecom-su-static-prod.wtrecom.com/images/products/3/LN_019711_BP_3.jpg,https://www.waitrose.com/ecom/products/waitrose-peeled-italian-cherry-tomatoes/019711-9583-9584,Waitrose Peeled Italian Cherry Tomatoes,400g,£1.30,£3.25/kg,,Food Cupboard
482361,Duchy Organic Red Kidney Beans in Water,G,false,422,https://ecom-su-static-prod.wtrecom.com/images/products/3/LN_482361_BP_3.jpg,https://www.waitrose.com/ecom/products/duchy-organic-red-kidney-beans-in-water/482361-747668-747669,Duchy Organic Red Kidney Beans in Water,drained 255g,£1.15,£4.51/kg,,Food Cupboard
554396,Fox's Favourites,G,true,423,https://ecom-su-static-prod.wtrecom.com/images/products/3/LN_554396_BP_3.jpg,https://www.waitrose.com/ecom/products/foxs-favourites/554396-134913-134914,Fox's Favourites,350g,£2.50,71.4p/100g,save 80p. Was £3.30,Food Cupboard
510235,Walkers Sensations Thai Sweet Chilli Multipack Crisps,G,true,424,https://ecom-su-static-prod.wtrecom.com/images/products/3/LN_510235_BP_3.jpg,https://www.waitrose.com/ecom/products/walkers-sensations-thai-sweet-chilli-multipack-crisps/510235-506180-506181,Walkers Sensations Thai Sweet Chilli Multipack Crisps,5x25g,£2.25,£1.80/100g,Add 2 for £3.25,Food Cupboard
850874,Mutti Passata Classic,G,true,425,https://ecom-su-static-prod.wtrecom.com/images/products/3/LN_850874_BP_3.jpg,https://www.waitrose.com/ecom/products/mutti-passata-classic/850874-806844-806845,Mutti Passata Classic,400g,£1.50,£3.75/kg,save 60p. Was £2.10,Food Cupboard
587055,Waitrose MSC Tuna Steak in Spring Water,G,false,426,https://ecom-su-static-prod.wtrecom.com/images/products/3/LN_587055_BP_3.jpg,https://www.waitrose.com/ecom/products/waitrose-msc-tuna-steak-in-spring-water/587055-729706-729707,Waitrose MSC Tuna Steak in Spring Water,drained 150g,£2.25,£1.50/100g,,Food Cupboard
593521,Colman's Chilli Con Carne Recipe Mix,G,true,427,https://ecom-su-static-prod.wtrecom.com/images/products/3/LN_593521_BP_3.jpg,https://www.waitrose.com/ecom/products/colmans-chilli-con-carne-recipe-mix/593521-140284-140285,Colman's Chilli Con Carne Recipe Mix,50g,£1.00,£2/100g,Add 2 for £1.50,Food Cupboard
421141,Waitrose Pistachio Nut Kernels,G,false,428,https://ecom-su-static-prod.wtrecom.com/images/products/3/LN_421141_BP_3.jpg,https://www.waitrose.com/ecom/products/waitrose-pistachio-nut-kernels/421141-260680-260681,Waitrose Pistachio Nut Kernels,100g,£3.00,£3/100g,,Food Cupboard
058806,Heinz Cream of Tomato Soup,G,true,429,https://ecom-su-static-prod.wtrecom.com/images/products/3/LN_058806_BP_3.jpg,https://www.waitrose.com/ecom/products/heinz-cream-of-tomato-soup/058806-29592-29593,Heinz Cream of Tomato Soup,4x400g,£4.00,25p/100g,Add 2 for £7,Food Cupboard
385205,Clearspring Organic Tofu,G,true,430,https://ecom-su-static-prod.wtrecom.com/images/products/3/LN_385205_BP_3.jpg,https://www.waitrose.com/ecom/products/clearspring-organic-tofu/385205-139950-139951,Clearspring Organic Tofu,300g,£1.45,48.3p/100g,20% Off. Was £1.85,Food Cupboard
013286,Waitrose Cashew Nuts,G,false,431,https://ecom-su-static-prod.wtrecom.com/images/products/3/LN_013286_BP_3.jpg,https://www.waitrose.com/ecom/products/waitrose-cashew-nuts/013286-6455-6456,Waitrose Cashew Nuts,400g,£5.75,£1.44/100g,,Food Cupboard
467167,Cirio Pelati Peeled Plum Tomatoes,G,false,432,https://ecom-su-static-prod.wtrecom.com/images/products/3/LN_467167_BP_3.jpg,https://www.waitrose.com/ecom/products/cirio-pelati-peeled-plum-tomatoes/467167-162149-162150,Cirio Pelati Peeled Plum Tomatoes,4x400g,£5.00,£3.13/kg,,Food Cupboard
701561,Waitrose Pink & White Marshmallows,G,false,433,https://ecom-su-static-prod.wtrecom.com/images/products/3/LN_701561_BP_3.jpg,https://www.waitrose.com/ecom/products/waitrose-pink-white-marshmallows/701561-368044-368045,Waitrose Pink & White Marshmallows,200g,£1.50,75p/100g,,Food Cupboard
761039,Waitrose MSC Tuna Steak In Spring Water,G,false,434,https://ecom-su-static-prod.wtrecom.com/images/products/3/LN_761039_BP_3.jpg,https://www.waitrose.com/ecom/products/waitrose-msc-tuna-steak-in-spring-water/761039-728462-728463,Waitrose MSC Tuna Steak In Spring Water,drained 4x150g,£7.00,£1.17/100g,,Food Cupboard
060794,Nairn's Oat Cakes Fine Milled,G,false,435,https://ecom-su-static-prod.wtrecom.com/images/products/3/LN_060794_BP_3.jpg,https://www.waitrose.com/ecom/products/nairns-oat-cakes-fine-milled/060794-30720-30721,Nairn's Oat Cakes Fine Milled,250g,£1.30,52p/100g,,Food Cupboard
480836,Green Giant Original Sweetcorn,G,false,436,https://ecom-su-static-prod.wtrecom.com/images/products/3/LN_480836_BP_3.jpg,https://www.waitrose.com/ecom/products/green-giant-original-sweetcorn/480836-175008-175009,Green Giant Original Sweetcorn,drained 4x165g,£3.50,£5.31/kg,,Food Cupboard
671682,Kallo Protein Packed Lentil Cakes,G,true,437,https://ecom-su-static-prod.wtrecom.com/images/products/3/LN_671682_BP_3.jpg,https://www.waitrose.com/ecom/products/kallo-protein-packed-lentil-cakes/671682-648152-648153,Kallo Protein Packed Lentil Cakes,100g,£1.85,£1.85/100g,20% Off. Was £2.35,Food Cupboard
753235,Walkers Classic Variety Multipack Crisps,G,false,438,https://ecom-su-static-prod.wtrecom.com/images/products/3/LN_753235_BP_3.jpg,https://www.waitrose.com/ecom/products/walkers-classic-variety-multipack-crisps/753235-107108-107108,Walkers Classic Variety Multipack Crisps,12x25g,£3.15,£1.05/100g,,Food Cupboard
034619,Lea & Perrins Worcestershire Sauce,G,false,439,https://ecom-su-static-prod.wtrecom.com/images/products/3/LN_034619_BP_3.jpg,https://www.waitrose.com/ecom/products/lea-perrins-worcestershire-sauce/034619-17411-17412,Lea & Perrins Worcestershire Sauce,150ml,£1.80,£1.20/100ml,,Food Cupboard
700918,Cooks' Ingredients Smoked Paprika,G,true,440,https://ecom-su-static-prod.wtrecom.com/images/products/3/LN_700918_BP_3.jpg,https://www.waitrose.com/ecom/products/cooks-ingredients-smoked-paprika/700918-785052-785053,Cooks' Ingredients Smoked Paprika,40g,£1.60,40p/10g,Add 2 for £2.75,Food Cupboard
595334,Waitrose Soft Apricots,G,false,441,https://ecom-su-static-prod.wtrecom.com/images/products/3/LN_595334_BP_3.jpg,https://www.waitrose.com/ecom/products/waitrose-soft-apricots/595334-492019-492020,Waitrose Soft Apricots,250g,£2.95,£1.18/100g,,Food Cupboard
781012,Essential Brown Basmati Rice,G,false,442,https://ecom-su-static-prod.wtrecom.com/images/products/3/LN_781012_BP_3.jpg,https://www.waitrose.com/ecom/products/essential-brown-basmati-rice/781012-695190-695191,Essential Brown Basmati Rice,1kg,£2.50,£2.50/kg,,Food Cupboard
739889,Twix Twin Multipack 4s,G,false,443,https://ecom-su-static-prod.wtrecom.com/images/products/3/LN_739889_BP_3.jpg,https://www.waitrose.com/ecom/products/twix-twin-multipack-4s/739889-174645-174646,Twix Twin Multipack 4s,4x40g,£2.00,£1.25/100g,,Food Cupboard
666733,Tyrrell's Furrows Salt & Vinegar Crisps,G,true,444,https://ecom-su-static-prod.wtrecom.com/images/products/3/LN_666733_BP_3.jpg,https://www.waitrose.com/ecom/products/tyrrells-furrows-salt-vinegar-crisps/666733-94624-94625,Tyrrell's Furrows Salt & Vinegar Crisps,150g,£2.00,£1.34/100g,save 75p. Was £2.75,Food Cupboard
017442,Essential Long Grain Rice Easy Cook,G,false,445,https://ecom-su-static-prod.wtrecom.com/images/products/3/LN_017442_BP_3.jpg,https://www.waitrose.com/ecom/products/essential-long-grain-rice-easy-cook/017442-8440-8441,Essential Long Grain Rice Easy Cook,1kg,£1.50,£1.50/kg,,Food Cupboard
077160,Bonne Maman Raspberry Conserve,G,false,446,https://ecom-su-static-prod.wtrecom.com/images/products/3/LN_077160_BP_3.jpg,https://www.waitrose.com/ecom/products/bonne-maman-raspberry-conserve/077160-39213-39214,Bonne Maman Raspberry Conserve,370g,£3.50,94.6p/100g,,Food Cupboard
055379,Lindt Excellence Mint Intense Dark,G,true,447,https://ecom-su-static-prod.wtrecom.com/images/products/3/LN_055379_BP_3.jpg,https://www.waitrose.com/ecom/products/lindt-excellence-mint-intense-dark/055379-27797-27798,Lindt Excellence Mint Intense Dark,100g,£2.15,£2.15/100g,save 60p. Was £2.75,Food Cupboard
739977,Essential Choco Pops,G,false,448,https://ecom-su-static-prod.wtrecom.com/images/products/3/LN_739977_BP_3.jpg,https://www.waitrose.com/ecom/products/essential-choco-pops/739977-722962-722963,Essential Choco Pops,375g,£1.25,33.3p/100g,,Food Cupboard
619730,Waitrose Sunflower Seeds,G,false,449,https://ecom-su-static-prod.wtrecom.com/images/products/3/LN_619730_BP_3.jpg,https://www.waitrose.com/ecom/products/waitrose-sunflower-seeds/619730-492039-492040,Waitrose Sunflower Seeds,175g,£2.00,£11.43/kg,,Food Cupboard
017519,Loyd Grossman Tomato & Basil Pasta Sauce,G,true,450,https://ecom-su-static-prod.wtrecom.com/images/products/3/LN_017519_BP_3.jpg,https://www.waitrose.com/ecom/products/loyd-grossman-tomato-basil-pasta-sauce/017519-8506-8507,Loyd Grossman Tomato & Basil Pasta Sauce,350g,£1.75,50p/100g,save £1.25. Was £3.00,Food Cupboard
437717,Cadbury Dairy Milk Caramel Chocolate Bars 4 pack,G,false,451,https://ecom-su-static-prod.wtrecom.com/images/products/3/LN_437717_BP_3.jpg,https://www.waitrose.com/ecom/products/cadbury-dairy-milk-caramel-chocolate-bars-4-pack/437717-61602-61603,Cadbury Dairy Milk Caramel Chocolate Bars 4 pack,148g,£2.00,£1.36/100g,,Food Cupboard
081757,Fragata Capers Capote,G,true,452,https://ecom-su-static-prod.wtrecom.com/images/products/3/LN_081757_BP_3.jpg,https://www.waitrose.com/ecom/products/fragata-capers-capote/081757-41581-41582,Fragata Capers Capote,drained 135g,£2.40,£1.78/100g,20% Off. Was £3.00,Food Cupboard
401215,John West Fridge Pot MSC Tuna Steak in Water,G,true,453,https://ecom-su-static-prod.wtrecom.com/images/products/3/LN_401215_BP_3.jpg,https://www.waitrose.com/ecom/products/john-west-fridge-pot-msc-tuna-steak-in-water/401215-631203-631204,John West Fridge Pot MSC Tuna Steak in Water,3x110g,£4.25,£1.29/100g,save £1.75. Was £6.00,Food Cupboard
019033,Heinz Baked Beans with Sausages,G,true,454,https://ecom-su-static-prod.wtrecom.com/images/products/3/LN_019033_BP_3.jpg,https://www.waitrose.com/ecom/products/heinz-baked-beans-with-sausages/019033-9191-9192,Heinz Baked Beans with Sausages,415g,£2.00,£4.82/kg,Add 3 for £4.50,Food Cupboard
729281,La Española Extra Virgin Olive Oil,G,true,455,https://ecom-su-static-prod.wtrecom.com/images/products/3/LN_729281_BP_3.jpg,https://www.waitrose.com/ecom/products/la-espanola-extra-virgin-olive-oil/729281-496534-496535,La Española Extra Virgin Olive Oil,1litre,£11.50,£1.15/100ml,save £2.00. Was £13.50,Food Cupboard
009038,Waitrose Fruit Jellies,G,false,456,https://ecom-su-static-prod.wtrecom.com/images/products/3/LN_009038_BP_3.jpg,https://www.waitrose.com/ecom/products/waitrose-fruit-jellies/009038-4335-4336,Waitrose Fruit Jellies,200g,£1.50,75p/100g,,Food Cupboard
449968,Heinz Tomato Ketchup 50% Less Sugar & Salt,G,true,457,https://ecom-su-static-prod.wtrecom.com/images/products/3/LN_449968_BP_3.jpg,https://www.waitrose.com/ecom/products/heinz-tomato-ketchup-50-less-sugar-salt/449968-572253-572254,Heinz Tomato Ketchup 50% Less Sugar & Salt,435g,£2.50,57.5p/100g,save 50p. Was £3.00,Food Cupboard
007182,Essential White Wine Vinegar,G,false,458,https://ecom-su-static-prod.wtrecom.com/images/products/3/LN_007182_BP_3.jpg,https://www.waitrose.com/ecom/products/essential-white-wine-vinegar/007182-3295-3296,Essential White Wine Vinegar,500ml,£2.00,40p/100ml,,Food Cupboard
739927,Essential Tuna Chunks in Sunflower Oil,G,false,459,https://ecom-su-static-prod.wtrecom.com/images/products/3/LN_739927_BP_3.jpg,https://www.waitrose.com/ecom/products/essential-tuna-chunks-in-sunflower-oil/739927-457190-457191,Essential Tuna Chunks in Sunflower Oil,4x160g,£4.75,£1.07/100g,,Food Cupboard
016018,Kettle Chips Sweet Chilli,G,true,460,https://ecom-su-static-prod.wtrecom.com/images/products/3/LN_016018_BP_3.jpg,https://www.waitrose.com/ecom/products/kettle-chips-sweet-chilli/016018-7668-7669,Kettle Chips Sweet Chilli,130g,£1.50,£1.16/100g,save 90p. Was £2.40,Food Cupboard
784415,Wagamama Teriyaki Stir Fry Sauce,G,false,461,https://ecom-su-static-prod.wtrecom.com/images/products/3/LN_784415_BP_3.jpg,https://www.waitrose.com/ecom/products/wagamama-teriyaki-stir-fry-sauce/784415-758688-758689,Wagamama Teriyaki Stir Fry Sauce,120g,£1.35,£1.13/100g,,Food Cupboard
776839,Kallo Belgian Dark Chocolate Rice Cake Minis,G,false,462,https://ecom-su-static-prod.wtrecom.com/images/products/3/LN_776839_BP_3.jpg,https://www.waitrose.com/ecom/products/kallo-belgian-dark-chocolate-rice-cake-minis/776839-519043-519044,Kallo Belgian Dark Chocolate Rice Cake Minis,4x21g,£2.60,£3.10/100g,,Food Cupboard
002144,Essential Shortcake Biscuits,G,false,463,https://ecom-su-static-prod.wtrecom.com/images/products/3/LN_002144_BP_3.jpg,https://www.waitrose.com/ecom/products/essential-shortcake-biscuits/002144-602-603,Essential Shortcake Biscuits,400g,£1.25,31.3p/100g,,Food Cupboard
780742,"Waitrose Coconut, Lime & Coriander Rice",G,false,464,https://ecom-su-static-prod.wtrecom.com/images/products/3/LN_780742_BP_3.jpg,https://www.waitrose.com/ecom/products/waitrose-coconut-lime-coriander-rice/780742-695188-695189,"Waitrose Coconut, Lime & Coriander Rice",250g,85p,£3.40/kg,,Food Cupboard
002346,Jacob's Original Cream Crackers,G,false,465,https://ecom-su-static-prod.wtrecom.com/images/products/3/LN_002346_BP_3.jpg,https://www.waitrose.com/ecom/products/jacobs-original-cream-crackers/002346-746-747,Jacob's Original Cream Crackers,300g,£1.80,60p/100g,,Food Cupboard
825315,Waitrose Sweet Chilli Sauce,G,false,466,https://ecom-su-static-prod.wtrecom.com/images/products/3/LN_825315_BP_3.jpg,https://www.waitrose.com/ecom/products/waitrose-sweet-chilli-sauce/825315-784758-784759,Waitrose Sweet Chilli Sauce,295ml,£2.00,67.8p/100ml,,Food Cupboard
040644,Nairn's Stem Ginger Oat Biscuits 4x5,G,false,467,https://ecom-su-static-prod.wtrecom.com/images/products/3/LN_040644_BP_3.jpg,https://www.waitrose.com/ecom/products/nairns-stem-ginger-oat-biscuits-4x5/040644-20075-20076,Nairn's Stem Ginger Oat Biscuits 4x5,200g,£1.75,87.5p/100g,,Food Cupboard
861216,Cadbury Fudge Chocolate Bar Multipack 5 Pack,G,false,468,https://ecom-su-static-prod.wtrecom.com/images/products/3/LN_861216_BP_3.jpg,https://www.waitrose.com/ecom/products/cadbury-fudge-chocolate-bar-multipack-5-pack/861216-727839-727840,Cadbury Fudge Chocolate Bar Multipack 5 Pack,5x22g,£1.65,£1.50/100g,,Food Cupboard
560280,Propercorn Lightly Sea Salted,G,false,469,https://ecom-su-static-prod.wtrecom.com/images/products/3/LN_560280_BP_3.jpg,https://www.waitrose.com/ecom/products/propercorn-lightly-sea-salted/560280-585545-585546,Propercorn Lightly Sea Salted,6x10g,£2.00,£3.34/100g,,Food Cupboard
835560,Kellogg's Special K Original Breakfast Cereal Large Pack,G,false,470,https://ecom-su-static-prod.wtrecom.com/images/products/3/LN_835560_BP_3.jpg,https://www.waitrose.com/ecom/products/kelloggs-special-k-original-breakfast-cereal-large-pack/835560-723038-723039,Kellogg's Special K Original Breakfast Cereal Large Pack,750g,£4.75,63.3p/100g,,Food Cupboard
009025,Waitrose Mint Humbugs,G,false,471,https://ecom-su-static-prod.wtrecom.com/images/products/3/LN_009025_BP_3.jpg,https://www.waitrose.com/ecom/products/waitrose-mint-humbugs/009025-4319-4320,Waitrose Mint Humbugs,200g,£1.50,75p/100g,,Food Cupboard
081332,Kellogg's Special K Red Berries Breakfast Cereal,G,false,472,https://ecom-su-static-prod.wtrecom.com/images/products/3/LN_081332_BP_3.jpg,https://www.waitrose.com/ecom/products/kelloggs-special-k-red-berries-breakfast-cereal/081332-41366-41367,Kellogg's Special K Red Berries Breakfast Cereal,500g,£4.75,95p/100g,,Food Cupboard
805611,Essential Butter Beans,G,false,473,https://ecom-su-static-prod.wtrecom.com/images/products/3/LN_805611_BP_3.jpg,https://www.waitrose.com/ecom/products/essential-butter-beans/805611-805825-805826,Essential Butter Beans,400g,70p,£1.75/kg,,Food Cupboard
849883,Doritos Chilli Heatwave Sharing Tortilla Chips,G,false,474,https://ecom-su-static-prod.wtrecom.com/images/products/3/LN_849883_BP_3.jpg,https://www.waitrose.com/ecom/products/doritos-chilli-heatwave-sharing-tortilla-chips/849883-307338-307339,Doritos Chilli Heatwave Sharing Tortilla Chips,180g,£2.50,£1.39/100g,,Food Cupboard
034675,Essential Bramley Apple Sauce,G,true,475,https://ecom-su-static-prod.wtrecom.com/images/products/3/LN_034675_BP_3.jpg,https://www.waitrose.com/ecom/products/essential-bramley-apple-sauce/034675-17463-17464,Essential Bramley Apple Sauce,285g,£1.00,35.1p/100g,save 40p. Was £1.40,Food Cupboard
448126,Oreo Original Sandwich Biscuits,G,false,476,https://ecom-su-static-prod.wtrecom.com/images/products/3/LN_448126_BP_3.jpg,https://www.waitrose.com/ecom/products/oreo-original-sandwich-biscuits/448126-63103-63104,Oreo Original Sandwich Biscuits,154g,£1.50,97.4p/100g,,Food Cupboard
480122,Mutti Triple Concentrated Tomato Paste,G,false,477,https://ecom-su-static-prod.wtrecom.com/images/products/3/LN_480122_BP_3.jpg,https://www.waitrose.com/ecom/products/mutti-triple-concentrated-tomato-paste/480122-757297-757298,Mutti Triple Concentrated Tomato Paste,200g,£2.50,£1.25/100g,,Food Cupboard
061892,Heinz Baked Beans No Added Sugar,G,true,478,https://ecom-su-static-prod.wtrecom.com/images/products/3/LN_061892_BP_3.jpg,https://www.waitrose.com/ecom/products/heinz-baked-beans-no-added-sugar/061892-31373-31374,Heinz Baked Beans No Added Sugar,415g,£1.40,£3.38/kg,Add 2 for £2,Food Cupboard
727658,Dorset Cereals Simply Fruity Muesli Cereal,G,true,479,https://ecom-su-static-prod.wtrecom.com/images/products/3/LN_727658_BP_3.jpg,https://www.waitrose.com/ecom/products/dorset-cereals-simply-fruity-muesli-cereal/727658-103365-103366,Dorset Cereals Simply Fruity Muesli Cereal,630g,£2.65,42.1p/100g,save 90p. Was £3.55,Food Cupboard
813179,Lizis Low Sugar Nuts & Seeds Granola,G,true,480,https://ecom-su-static-prod.wtrecom.com/images/products/3/LN_813179_BP_3.jpg,https://www.waitrose.com/ecom/products/lizis-low-sugar-nuts-seeds-granola/813179-371862-371863,Lizis Low Sugar Nuts & Seeds Granola,450g,£2.65,58.9p/100g,Save 1/3. Was £4.20,Food Cupboard
001081,Kellogg's All-Bran Original Breakfast Cereal Large Pack,G,false,481,https://ecom-su-static-prod.wtrecom.com/images/products/3/LN_001081_BP_3.jpg,https://www.waitrose.com/ecom/products/kelloggs-all-bran-original-breakfast-cereal-large-pack/001081-57-58,Kellogg's All-Bran Original Breakfast Cereal Large Pack,750g,£3.40,45.3p/100g,,Food Cupboard
897543,Waitrose Free From Gluten Fusilli,G,false,482,https://ecom-su-static-prod.wtrecom.com/images/products/3/LN_897543_BP_3.jpg,https://www.waitrose.com/ecom/products/waitrose-free-from-gluten-fusilli/897543-174835-174836,Waitrose Free From Gluten Fusilli,500g,£1.75,£3.50/kg,,Food Cupboard
500993,Duchy Organic Seville Orange thick Cut Marmalade,G,false,483,https://ecom-su-static-prod.wtrecom.com/images/products/3/LN_500993_BP_3.jpg,https://www.waitrose.com/ecom/products/duchy-organic-seville-orange-thick-cut-marmalade/500993-70795-70796,Duchy Organic Seville Orange thick Cut Marmalade,340g,£2.10,61.8p/100g,,Food Cupboard
834399,Waitrose Chocolate Coated Peanuts,G,false,484,https://ecom-su-static-prod.wtrecom.com/images/products/3/LN_834399_BP_3.jpg,https://www.waitrose.com/ecom/products/waitrose-chocolate-coated-peanuts/834399-368368-368369,Waitrose Chocolate Coated Peanuts,135g,£1.80,£1.34/100g,,Food Cupboard
435916,Waitrose Wine Gums,G,false,485,https://ecom-su-static-prod.wtrecom.com/images/products/3/LN_435916_BP_3.jpg,https://www.waitrose.com/ecom/products/waitrose-wine-gums/435916-728880-728881,Waitrose Wine Gums,200g,£1.50,75p/100g,,Food Cupboard
892134,Waitrose Soft Prunes,G,false,486,https://ecom-su-static-prod.wtrecom.com/images/products/3/LN_892134_BP_3.jpg,https://www.waitrose.com/ecom/products/waitrose-soft-prunes/892134-492252-492253,Waitrose Soft Prunes,250g,£2.25,90p/100g,,Food Cupboard
028780,No.1 Canadian Maple Syrup No1 Medium,G,false,487,https://ecom-su-static-prod.wtrecom.com/images/products/3/LN_028780_BP_3.jpg,https://www.waitrose.com/ecom/products/no1-canadian-maple-syrup-no1-medium/028780-14028-14029,No.1 Canadian Maple Syrup No1 Medium,330g,£5.60,£1.70/100g,,Food Cupboard
009506,Bendicks Bittermints,G,false,488,https://ecom-su-static-prod.wtrecom.com/images/products/3/LN_009506_BP_3.jpg,https://www.waitrose.com/ecom/products/bendicks-bittermints/009506-4670-4671,Bendicks Bittermints,200g,£6.00,£3/100g,,Food Cupboard
445040,Fox's Golden Crunch Creams,G,false,489,https://ecom-su-static-prod.wtrecom.com/images/products/3/LN_445040_BP_3.jpg,https://www.waitrose.com/ecom/products/foxs-golden-crunch-creams/445040-566289-566290,Fox's Golden Crunch Creams,200g,£1.30,65p/100g,,Food Cupboard
545016,Waitrose Elicoidali Rigati,G,false,490,https://ecom-su-static-prod.wtrecom.com/images/products/3/LN_545016_BP_3.jpg,https://www.waitrose.com/ecom/products/waitrose-elicoidali-rigati/545016-728026-728027,Waitrose Elicoidali Rigati,500g,£1.75,£3.50/kg,,Food Cupboard
068030,Real Foods Corn Thins Original,G,false,491,https://ecom-su-static-prod.wtrecom.com/images/products/3/LN_068030_BP_3.jpg,https://www.waitrose.com/ecom/products/real-foods-corn-thins-original/068030-34527-34528,Real Foods Corn Thins Original,150g,£1.40,93.3p/100g,,Food Cupboard
581888,Peppadew Roasted Red Peppers,G,false,492,https://ecom-su-static-prod.wtrecom.com/images/products/3/LN_581888_BP_3.jpg,https://www.waitrose.com/ecom/products/peppadew-roasted-red-peppers/581888-420247-420248,Peppadew Roasted Red Peppers,drained 350g,£4.35,£12.43/kg,,Food Cupboard
749634,Old El Paso 8 Super Soft Flour Tortillas,G,false,493,https://ecom-su-static-prod.wtrecom.com/images/products/3/LN_749634_BP_3.jpg,https://www.waitrose.com/ecom/products/old-el-paso-8-super-soft-flour-tortillas/749634-727593-727594,Old El Paso 8 Super Soft Flour Tortillas,326g,£2.00,61.3p/100g,,Food Cupboard
021652,Essential Vegetable Soup,G,false,494,https://ecom-su-static-prod.wtrecom.com/images/products/3/LN_021652_BP_3.jpg,https://www.waitrose.com/ecom/products/essential-vegetable-soup/021652-10568-10569,Essential Vegetable Soup,400g,70p,17.5p/100g,,Food Cupboard
596889,Eat Natural Bars Protein with Peanuts & Choc,G,false,495,https://ecom-su-static-prod.wtrecom.com/images/products/3/LN_596889_BP_3.jpg,https://www.waitrose.com/ecom/products/eat-natural-bars-protein-with-peanuts-choc/596889-408642-408643,Eat Natural Bars Protein with Peanuts & Choc,3x40g,£2.50,£2.09/100g,,Food Cupboard
710682,Waitrose Wild Red Salmon,G,false,496,https://ecom-su-static-prod.wtrecom.com/images/products/3/LN_710682_BP_3.jpg,https://www.waitrose.com/ecom/products/waitrose-wild-red-salmon/710682-100962-100963,Waitrose Wild Red Salmon,213g,£3.50,£1.65/100g,,Food Cupboard
730444,Lindt Excellence Caramel with Sea Salt Dark,G,true,497,https://ecom-su-static-prod.wtrecom.com/images/products/3/LN_730444_BP_3.jpg,https://www.waitrose.com/ecom/products/lindt-excellence-caramel-with-sea-salt-dark/730444-141904-141905,Lindt Excellence Caramel with Sea Salt Dark,100g,£2.15,£2.15/100g,save 60p. Was £2.75,Food Cupboard
884324,Heinz Baked Beans Value 4 Pack,G,true,498,https://ecom-su-static-prod.wtrecom.com/images/products/3/LN_884324_BP_3.jpg,https://www.waitrose.com/ecom/products/heinz-baked-beans-value-4-pack/884324-809310-809311,Heinz Baked Beans Value 4 Pack,4x200g,£3.50,£4.38/kg,Add 2 for £5,Food Cupboard
006224,Waitrose White Canadian Bread Flour,G,false,499,https://ecom-su-static-prod.wtrecom.com/images/products/3/LN_006224_BP_3.jpg,https://www.waitrose.com/ecom/products/waitrose-white-canadian-bread-flour/006224-2744-2745,Waitrose White Canadian Bread Flour,1.5kg,£2.00,£1.34/kg,,Food Cupboard
068748,Alpen No Added Sugar Swiss Style Muesli,G,false,500,https://ecom-su-static-prod.wtrecom.com/images/products/3/LN_068748_BP_3.jpg,https://www.waitrose.com/ecom/products/alpen-no-added-sugar-swiss-style-muesli/068748-34869-34870,Alpen No Added Sugar Swiss Style Muesli,550g,£2.85,51.8p/100g,,Food Cupboard
059577,Whole Earth Corn Flakes,G,false,501,https://ecom-su-static-prod.wtrecom.com/images/products/3/LN_059577_BP_3.jpg,https://www.waitrose.com/ecom/products/whole-earth-corn-flakes/059577-30038-30039,Whole Earth Corn Flakes,375g,£1.85,49.3p/100g,,Food Cupboard
806230,Waitrose Dried Cranberries,G,false,502,https://ecom-su-static-prod.wtrecom.com/images/products/3/LN_806230_BP_3.jpg,https://www.waitrose.com/ecom/products/waitrose-dried-cranberries/806230-492163-492164,Waitrose Dried Cranberries,180g,£3.50,£19.45/kg,,Food Cupboard
814116,Waitrose Linguine,G,false,503,https://ecom-su-static-prod.wtrecom.com/images/products/3/LN_814116_BP_3.jpg,https://www.waitrose.com/ecom/products/waitrose-linguine/814116-728056-728057,Waitrose Linguine,500g,£1.75,£3.50/kg,,Food Cupboard
442151,Marmite Crisps,G,true,504,https://ecom-su-static-prod.wtrecom.com/images/products/3/LN_442151_BP_3.jpg,https://www.waitrose.com/ecom/products/marmite-crisps/442151-824085-824086,Marmite Crisps,6x25g,£1.65,£1.10/100g,save 35p. Was £2.00,Food Cupboard
005664,Cooks' Ingredients Jalapeño Peppers,G,false,505,https://ecom-su-static-prod.wtrecom.com/images/products/3/LN_005664_BP_3.jpg,https://www.waitrose.com/ecom/products/cooks-ingredients-jalapeno-peppers/005664-2453-2454,Cooks' Ingredients Jalapeño Peppers,drained 125g,£2.00,£1.60/100g,,Food Cupboard
751015,Old El Paso Fajita Seasoning Mix Smoky BBQ,G,false,506,https://ecom-su-static-prod.wtrecom.com/images/products/3/LN_751015_BP_3.jpg,https://www.waitrose.com/ecom/products/old-el-paso-fajita-seasoning-mix-smoky-bbq/751015-727601-727602,Old El Paso Fajita Seasoning Mix Smoky BBQ,35g,£1.30,£3.72/100g,,Food Cupboard
426662,Pringles Salt & Vinegar Sharing Crisps,G,true,507,https://ecom-su-static-prod.wtrecom.com/images/products/3/LN_426662_BP_3.jpg,https://www.waitrose.com/ecom/products/pringles-salt-vinegar-sharing-crisps/426662-140703-140704,Pringles Salt & Vinegar Sharing Crisps,185g,£1.85,£1/100g,save 40p. Was £2.25,Food Cupboard
006220,Essential Strong Wholemeal Bread Wheat Flour,G,false,508,https://ecom-su-static-prod.wtrecom.com/images/products/3/LN_006220_BP_3.jpg,https://www.waitrose.com/ecom/products/essential-strong-wholemeal-bread-wheat-flour/006220-2736-2737,Essential Strong Wholemeal Bread Wheat Flour,1.5kg,£1.50,£1/kg,,Food Cupboard
096496,Sesame Snaps,G,false,509,https://ecom-su-static-prod.wtrecom.com/images/products/3/LN_096496_BP_3.jpg,https://www.waitrose.com/ecom/products/sesame-snaps/096496-49358-49359,Sesame Snaps,4x30g,£1.20,£1/100g,,Food Cupboard
034341,Essential Pickled Sweet Baby Beetroot,G,false,510,https://ecom-su-static-prod.wtrecom.com/images/products/3/LN_034341_BP_3.jpg,https://www.waitrose.com/ecom/products/essential-pickled-sweet-baby-beetroot/034341-17219-17220,Essential Pickled Sweet Baby Beetroot,drained 447g,£1.50,33.6p/100g,,Food Cupboard
732960,Carr's Crackers Selection Box,G,true,511,https://ecom-su-static-prod.wtrecom.com/images/products/3/LN_732960_BP_3.jpg,https://www.waitrose.com/ecom/products/carrs-crackers-selection-box/732960-132062-132063,Carr's Crackers Selection Box,200g,£2.78,£1.39/100g,25% Off. Was £3.75,Food Cupboard
425836,Walkers Monster Munch Crisps Pickled Onion Multipack Snacks,G,true,512,https://ecom-su-static-prod.wtrecom.com/images/products/3/LN_425836_BP_3.jpg,https://www.waitrose.com/ecom/products/walkers-monster-munch-crisps-pickled-onion-multipack-snacks/425836-59933-59934,Walkers Monster Munch Crisps Pickled Onion Multipack Snacks,6x20g,£2.25,£1.88/100g,Add 2 for £3.25,Food Cupboard
811165,Doritos Tangy Cheese Multipack Tortilla Chips,G,true,513,https://ecom-su-static-prod.wtrecom.com/images/products/3/LN_811165_BP_3.jpg,https://www.waitrose.com/ecom/products/doritos-tangy-cheese-multipack-tortilla-chips/811165-387998-387999,Doritos Tangy Cheese Multipack Tortilla Chips,5x30g,£2.25,£1.50/100g,Add 2 for £3.25,Food Cupboard
002381,Roka Cheese Crispies,G,false,514,https://ecom-su-static-prod.wtrecom.com/images/products/3/LN_002381_BP_3.jpg,https://www.waitrose.com/ecom/products/roka-cheese-crispies/002381-784-785,Roka Cheese Crispies,100g,£2.25,£2.25/100g,,Food Cupboard
083472,Alpen No Added Sugar Swiss Style Muesli,G,true,515,https://ecom-su-static-prod.wtrecom.com/images/products/3/LN_083472_BP_3.jpg,https://www.waitrose.com/ecom/products/alpen-no-added-sugar-swiss-style-muesli/083472-42385-42386,Alpen No Added Sugar Swiss Style Muesli,1.1kg,£3.75,34.1p/100g,save 85p. Was £4.60,Food Cupboard
073872,Fox's Milk Chocolate Rounds,G,true,516,https://ecom-su-static-prod.wtrecom.com/images/products/3/LN_073872_BP_3.jpg,https://www.waitrose.com/ecom/products/foxs-milk-chocolate-rounds/073872-37484-37485,Fox's Milk Chocolate Rounds,130g,£1.15,88.5p/100g,save 70p. Was £1.85,Food Cupboard
007621,Grey Poupon Dijon Mustard,G,true,517,https://ecom-su-static-prod.wtrecom.com/images/products/3/LN_007621_BP_3.jpg,https://www.waitrose.com/ecom/products/grey-poupon-dijon-mustard/007621-3566-3567,Grey Poupon Dijon Mustard,215g,£1.95,90.7p/100g,25% Off. Was £2.65,Food Cupboard
064630,Essential Salad Cream,G,false,518,https://ecom-su-static-prod.wtrecom.com/images/products/3/LN_064630_BP_3.jpg,https://www.waitrose.com/ecom/products/essential-salad-cream/064630-32802-32803,Essential Salad Cream,450g,£1.35,30p/100g,,Food Cupboard
008109,Silver Spoon Granulated Sugar,G,false,519,https://ecom-su-static-prod.wtrecom.com/images/products/3/LN_008109_BP_3.jpg,https://www.waitrose.com/ecom/products/silver-spoon-granulated-sugar/008109-3846-3847,Silver Spoon Granulated Sugar,2kg,£2.45,£1.23/kg,,Food Cupboard
001128,Penn State Sea Salted Sharing Pretzels,G,false,520,https://ecom-su-static-prod.wtrecom.com/images/products/3/LN_001128_BP_3.jpg,https://www.waitrose.com/ecom/products/penn-state-sea-salted-sharing-pretzels/001128-87-88,Penn State Sea Salted Sharing Pretzels,175g,£1.75,£1/100g,,Food Cupboard
011110,Kellogg's Rice Krispies Squares Marshmallow Cereal Snack Bars,G,false,521,https://ecom-su-static-prod.wtrecom.com/images/products/3/LN_011110_BP_3.jpg,https://www.waitrose.com/ecom/products/kelloggs-rice-krispies-squares-marshmallow-cereal-snack-bars/011110-5520-5521,Kellogg's Rice Krispies Squares Marshmallow Cereal Snack Bars,4x28g,£2.35,£2.10/100g,,Food Cupboard
660487,No.1 Madagascan Dark Chocolate 75%,G,false,522,https://ecom-su-static-prod.wtrecom.com/images/products/3/LN_660487_BP_3.jpg,https://www.waitrose.com/ecom/products/no1-madagascan-dark-chocolate-75/660487-706936-706937,No.1 Madagascan Dark Chocolate 75%,100g,£2.25,£2.25/100g,,Food Cupboard
004450,Bonne Maman Apricot Conserve,G,false,523,https://ecom-su-static-prod.wtrecom.com/images/products/3/LN_004450_BP_3.jpg,https://www.waitrose.com/ecom/products/bonne-maman-apricot-conserve/004450-1875-1876,Bonne Maman Apricot Conserve,370g,£3.50,94.6p/100g,,Food Cupboard
432563,Cooks' Ingredients Oregano,G,false,524,https://ecom-su-static-prod.wtrecom.com/images/products/3/LN_432563_BP_3.jpg,https://www.waitrose.com/ecom/products/cooks-ingredients-oregano/432563-784800-784801,Cooks' Ingredients Oregano,12g,£1.60,£1.34/10g,,Food Cupboard
447089,Deliciously Ella Gluten Free & Vegan Cacao & Almond Bars,G,false,525,https://ecom-su-static-prod.wtrecom.com/images/products/3/LN_447089_BP_3.jpg,https://www.waitrose.com/ecom/products/deliciously-ella-gluten-free-vegan-cacao-almond-bars/447089-666638-666639,Deliciously Ella Gluten Free & Vegan Cacao & Almond Bars,3x50g,£2.80,£1.87/100g,,Food Cupboard
640230,Maille Original Dijon Mustard,G,false,526,https://ecom-su-static-prod.wtrecom.com/images/products/3/LN_640230_BP_3.jpg,https://www.waitrose.com/ecom/products/maille-original-dijon-mustard/640230-90937-90938,Maille Original Dijon Mustard,215g,£3.00,£1.40/100g,,Food Cupboard
009014,Waitrose Mint Assortment,G,false,527,https://ecom-su-static-prod.wtrecom.com/images/products/3/LN_009014_BP_3.jpg,https://www.waitrose.com/ecom/products/waitrose-mint-assortment/009014-4307-4308,Waitrose Mint Assortment,200g,£1.50,75p/100g,,Food Cupboard
786149,Cooks' Ingredients Bicarbonate of Soda,G,false,528,https://ecom-su-static-prod.wtrecom.com/images/products/3/LN_786149_BP_3.jpg,https://www.waitrose.com/ecom/products/cooks-ingredients-bicarbonate-of-soda/786149-111889-111890,Cooks' Ingredients Bicarbonate of Soda,180g,£1.50,£8.34/kg,,Food Cupboard
567048,McVitie's Hobnob's The Oaty One Dark Chocolate,G,true,529,https://ecom-su-static-prod.wtrecom.com/images/products/3/LN_567048_BP_3.jpg,https://www.waitrose.com/ecom/products/mcvities-hobnobs-the-oaty-one-dark-chocolate/567048-280731-280732,McVitie's Hobnob's The Oaty One Dark Chocolate,262g,£1.35,51.5p/100g,Save £0.65. Was £2.00,Food Cupboard
020915,Essential Prunes in Syrup,G,false,530,https://ecom-su-static-prod.wtrecom.com/images/products/3/LN_020915_BP_3.jpg,https://www.waitrose.com/ecom/products/essential-prunes-in-syrup/020915-10167-10168,Essential Prunes in Syrup,drained 235g,£1.20,£5.11/kg,,Food Cupboard
009067,Maynards Bassetts Jelly Babies Sweets Bag,G,true,531,https://ecom-su-static-prod.wtrecom.com/images/products/3/LN_009067_BP_3.jpg,https://www.waitrose.com/ecom/products/maynards-bassetts-jelly-babies-sweets-bag/009067-4367-4368,Maynards Bassetts Jelly Babies Sweets Bag,165g,£1.35,81.8p/100g,save 30p. Was £1.65,Food Cupboard
008601,Waitrose Demerara Sugar,G,false,532,https://ecom-su-static-prod.wtrecom.com/images/products/3/LN_008601_BP_3.jpg,https://www.waitrose.com/ecom/products/waitrose-demerara-sugar/008601-4099-4100,Waitrose Demerara Sugar,500g,£1.65,£3.30/kg,,Food Cupboard
009023,Waitrose Jelly Babies,G,false,533,https://ecom-su-static-prod.wtrecom.com/images/products/3/LN_009023_BP_3.jpg,https://www.waitrose.com/ecom/products/waitrose-jelly-babies/009023-4315-4316,Waitrose Jelly Babies,200g,£1.50,75p/100g,,Food Cupboard
454996,Kellogg's Rice Krispies Breakfast Cereal,G,true,534,https://ecom-su-static-prod.wtrecom.com/images/products/3/LN_454996_BP_3.jpg,https://www.waitrose.com/ecom/products/kelloggs-rice-krispies-breakfast-cereal/454996-127393-127394,Kellogg's Rice Krispies Breakfast Cereal,430g,£2.75,64p/100g,save 70p. Was £3.45,Food Cupboard
884285,Veetee Steam Filtered Basmati,G,true,535,https://ecom-su-static-prod.wtrecom.com/images/products/3/LN_884285_BP_3.jpg,https://www.waitrose.com/ecom/products/veetee-steam-filtered-basmati/884285-757557-757558,Veetee Steam Filtered Basmati,2x125g,£1.00,£4/kg,Save 1/3. Was £1.50,Food Cupboard
017255,Essential Lasagne Sheets,G,false,536,https://ecom-su-static-prod.wtrecom.com/images/products/3/LN_017255_BP_3.jpg,https://www.waitrose.com/ecom/products/essential-lasagne-sheets/017255-8326-8327,Essential Lasagne Sheets,375g,75p,£2/kg,,Food Cupboard
001206,Essential Rice Pops,G,false,537,https://ecom-su-static-prod.wtrecom.com/images/products/3/LN_001206_BP_3.jpg,https://www.waitrose.com/ecom/products/essential-rice-pops/001206-148-149,Essential Rice Pops,440g,£1.50,34.1p/100g,,Food Cupboard
054002,Epicure Organic Bijoux Verts Lentils,G,true,538,https://ecom-su-static-prod.wtrecom.com/images/products/3/LN_054002_BP_3.jpg,https://www.waitrose.com/ecom/products/epicure-organic-bijoux-verts-lentils/054002-27077-27078,Epicure Organic Bijoux Verts Lentils,drained 240g,95p,£3.96/kg,20% Off. Was £1.20,Food Cupboard
011179,Essential Mixed Grapefruit Segments in Syrup,G,false,539,https://ecom-su-static-prod.wtrecom.com/images/products/3/LN_011179_BP_3.jpg,https://www.waitrose.com/ecom/products/essential-mixed-grapefruit-segments-in-syrup/011179-5558-5559,Essential Mixed Grapefruit Segments in Syrup,drained 290g,£1.20,£4.14/kg,,Food Cupboard
466063,Waitrose Sweet & Salty Popcorn,G,false,540,https://ecom-su-static-prod.wtrecom.com/images/products/3/LN_466063_BP_3.jpg,https://www.waitrose.com/ecom/products/waitrose-sweet-salty-popcorn/466063-756721-756722,Waitrose Sweet & Salty Popcorn,6x14g,£1.20,£1.43/100g,,Food Cupboard
585320,Waitrose Mexican Style Rice,G,false,541,https://ecom-su-static-prod.wtrecom.com/images/products/3/LN_585320_BP_3.jpg,https://www.waitrose.com/ecom/products/waitrose-mexican-style-rice/585320-695074-695075,Waitrose Mexican Style Rice,250g,85p,£3.40/kg,,Food Cupboard
019521,019521 - Essential Flageolet Beans in Water,G,false,542,https://ecom-su-static-prod.wtrecom.com/images/products/3/LN_019521_BP_3.jpg,https://www.waitrose.com/ecom/products/019521-essential-flageolet-beans-in-water/019521-9449-9450,019521 - Essential Flageolet Beans in Water,drained 265g,70p,£2.65/kg,,Food Cupboard
087107,Crespo Pitted Green Olives Garlic & Herb,G,true,543,https://ecom-su-static-prod.wtrecom.com/images/products/3/LN_087107_BP_3.jpg,https://www.waitrose.com/ecom/products/crespo-pitted-green-olives-garlic-herb/087107-44512-44513,Crespo Pitted Green Olives Garlic & Herb,70g,£1.10,£1.58/100g,25% Off. Was £1.50,Food Cupboard
803682,Essential Condensed Milk,G,false,544,https://ecom-su-static-prod.wtrecom.com/images/products/3/LN_803682_BP_3.jpg,https://www.waitrose.com/ecom/products/essential-condensed-milk/803682-295665-295666,Essential Condensed Milk,397g,£1.15,29p/100g,,Food Cupboard
030717,De Cecco Tortiglioni,G,false,545,https://ecom-su-static-prod.wtrecom.com/images/products/3/LN_030717_BP_3.jpg,https://www.waitrose.com/ecom/products/de-cecco-tortiglioni/030717-15005-15006,De Cecco Tortiglioni,500g,£2.00,£4/kg,,Food Cupboard
662072,Waitrose Conchiglie Rigate,G,false,546,https://ecom-su-static-prod.wtrecom.com/images/products/3/LN_662072_BP_3.jpg,https://www.waitrose.com/ecom/products/waitrose-conchiglie-rigate/662072-728042-728043,Waitrose Conchiglie Rigate,500g,£1.75,£3.50/kg,,Food Cupboard
071087,Lindt Dark Chocolate Hazelnut,G,false,547,https://ecom-su-static-prod.wtrecom.com/images/products/3/LN_071087_BP_3.jpg,https://www.waitrose.com/ecom/products/lindt-dark-chocolate-hazelnut/071087-36032-36033,Lindt Dark Chocolate Hazelnut,150g,£3.75,£2.50/100g,,Food Cupboard
009538,Werther's Original,G,false,548,https://ecom-su-static-prod.wtrecom.com/images/products/3/LN_009538_BP_3.jpg,https://www.waitrose.com/ecom/products/werthers-original/009538-4692-4693,Werther's Original,135g,£1.65,£1.23/100g,,Food Cupboard
002152,McVitie's Rich Tea Classic Biscuits,G,false,549,https://ecom-su-static-prod.wtrecom.com/images/products/3/LN_002152_BP_3.jpg,https://www.waitrose.com/ecom/products/mcvities-rich-tea-classic-biscuits/002152-614-615,McVitie's Rich Tea Classic Biscuits,300g,£1.90,63.3p/100g,,Food Cupboard
796402,Fullgreen Riced Cauliflower,G,true,550,https://ecom-su-static-prod.wtrecom.com/images/products/3/LN_796402_BP_3.jpg,https://www.waitrose.com/ecom/products/fullgreen-riced-cauliflower/796402-450668-450669,Fullgreen Riced Cauliflower,200g,£2.10,£10.50/kg,Add 2 for £3,Food Cupboard
009063,Maynards Bassetts Wine Gums Sweets Bag,G,true,551,https://ecom-su-static-prod.wtrecom.com/images/products/3/LN_009063_BP_3.jpg,https://www.waitrose.com/ecom/products/maynards-bassetts-wine-gums-sweets-bag/009063-4363-4364,Maynards Bassetts Wine Gums Sweets Bag,165g,£1.35,81.8p/100g,save 30p. Was £1.65,Food Cupboard
757125,John West No Drain Tuna Steak in Spring Water,G,false,552,https://ecom-su-static-prod.wtrecom.com/images/products/3/LN_757125_BP_3.jpg,https://www.waitrose.com/ecom/products/john-west-no-drain-tuna-steak-in-spring-water/757125-631551-631552,John West No Drain Tuna Steak in Spring Water,3x60g,£3.60,£2/100g,,Food Cupboard
083589,Hartley's Jelly Raspberry,G,false,553,https://ecom-su-static-prod.wtrecom.com/images/products/3/LN_083589_BP_3.jpg,https://www.waitrose.com/ecom/products/hartleys-jelly-raspberry/083589-42435-42436,Hartley's Jelly Raspberry,135g,£1.00,74.1p/100g,,Food Cupboard
405553,Nature Valley Protein Bars Peanut & Chocolate,G,false,554,https://ecom-su-static-prod.wtrecom.com/images/products/3/LN_405553_BP_3.jpg,https://www.waitrose.com/ecom/products/nature-valley-protein-bars-peanut-chocolate/405553-506124-506125,Nature Valley Protein Bars Peanut & Chocolate,4x40g,£3.15,£1.97/100g,,Food Cupboard
483399,Lizi's High Protein Nuts & Seeds Granola,G,true,555,https://ecom-su-static-prod.wtrecom.com/images/products/3/LN_483399_BP_3.jpg,https://www.waitrose.com/ecom/products/lizis-high-protein-nuts-seeds-granola/483399-566327-566328,Lizi's High Protein Nuts & Seeds Granola,350g,£2.65,75.7p/100g,Save 1/3. Was £4.20,Food Cupboard
610099,Peter's Yard Original Sourdough Crispbread,G,true,556,https://ecom-su-static-prod.wtrecom.com/images/products/3/LN_610099_BP_3.jpg,https://www.waitrose.com/ecom/products/peters-yard-original-sourdough-crispbread/610099-274827-274828,Peter's Yard Original Sourdough Crispbread,140g,£1.75,£1.25/100g,save 90p. Was £2.65,Food Cupboard
864394,Parmentier Sardines in Extra Virgin Olive Oil,G,false,557,https://ecom-su-static-prod.wtrecom.com/images/products/3/LN_864394_BP_3.jpg,https://www.waitrose.com/ecom/products/parmentier-sardines-in-extra-virgin-olive-oil/864394-288160-288161,Parmentier Sardines in Extra Virgin Olive Oil,drained 95g,£2.00,£2.11/100g,,Food Cupboard
893674,nakd. Cocoa Orange Fruit & Nut Bars Multipack,G,false,558,https://ecom-su-static-prod.wtrecom.com/images/products/3/LN_893674_BP_3.jpg,https://www.waitrose.com/ecom/products/nakd-cocoa-orange-fruit-nut-bars-multipack/893674-166879-166880,nakd. Cocoa Orange Fruit & Nut Bars Multipack,4x35g,£3.15,£2.25/100g,,Food Cupboard
630668,Waitrose Seeded Oatcakes,G,false,559,https://ecom-su-static-prod.wtrecom.com/images/products/3/LN_630668_BP_3.jpg,https://www.waitrose.com/ecom/products/waitrose-seeded-oatcakes/630668-327960-327961,Waitrose Seeded Oatcakes,250g,£1.00,40p/100g,,Food Cupboard
658098,Pipers Lye Cross Cheddar & Onion Sharing Crisps,G,false,560,https://ecom-su-static-prod.wtrecom.com/images/products/3/LN_658098_BP_3.jpg,https://www.waitrose.com/ecom/products/pipers-lye-cross-cheddar-onion-sharing-crisps/658098-764186-764187,Pipers Lye Cross Cheddar & Onion Sharing Crisps,150g,£3.00,£2/100g,,Food Cupboard
734176,Essential Bolognese Sauce,G,false,561,https://ecom-su-static-prod.wtrecom.com/images/products/3/LN_734176_BP_3.jpg,https://www.waitrose.com/ecom/products/essential-bolognese-sauce/734176-697902-697903,Essential Bolognese Sauce,340g,£1.00,29.4p/100g,,Food Cupboard
096486,Jordans Frusli Juicy Red Berry Cereal Bars,G,true,562,https://ecom-su-static-prod.wtrecom.com/images/products/3/LN_096486_BP_3.jpg,https://www.waitrose.com/ecom/products/jordans-frusli-juicy-red-berry-cereal-bars/096486-49356-49357,Jordans Frusli Juicy Red Berry Cereal Bars,6x30g,£1.50,83.3p/100g,save 90p. Was £2.40,Food Cupboard
093623,Jus-Rol Shortcrust Puff Pastry Sheet,G,true,563,https://ecom-su-static-prod.wtrecom.com/images/products/3/LN_093623_BP_3.jpg,https://www.waitrose.com/ecom/products/jus-rol-shortcrust-puff-pastry-sheet/093623-48084-48085,Jus-Rol Shortcrust Puff Pastry Sheet,320g,£1.25,£3.91/kg,save 50p. Was £1.75,Food Cupboard
051153,Nairn's Oat Cakes Rough,G,false,564,https://ecom-su-static-prod.wtrecom.com/images/products/3/LN_051153_BP_3.jpg,https://www.waitrose.com/ecom/products/nairns-oat-cakes-rough/051153-25453-25454,Nairn's Oat Cakes Rough,291g,£1.20,41.2p/100g,,Food Cupboard
478959,Waitrose Dark Soy Sauce,G,false,565,https://ecom-su-static-prod.wtrecom.com/images/products/3/LN_478959_BP_3.jpg,https://www.waitrose.com/ecom/products/waitrose-dark-soy-sauce/478959-784722-784723,Waitrose Dark Soy Sauce,150ml,£1.25,83.3p/100ml,,Food Cupboard
034145,Waitrose Extra Virgin Olive Oil,G,false,566,https://ecom-su-static-prod.wtrecom.com/images/products/3/LN_034145_BP_3.jpg,https://www.waitrose.com/ecom/products/waitrose-extra-virgin-olive-oil/034145-17091-17092,Waitrose Extra Virgin Olive Oil,250ml,£3.75,£1.50/100ml,,Food Cupboard
001074,Kellogg's Bran Flakes Breakfast Cereal Large Pack,G,false,567,https://ecom-su-static-prod.wtrecom.com/images/products/3/LN_001074_BP_3.jpg,https://www.waitrose.com/ecom/products/kelloggs-bran-flakes-breakfast-cereal-large-pack/001074-51-52,Kellogg's Bran Flakes Breakfast Cereal Large Pack,750g,£3.20,42.7p/100g,,Food Cupboard
043826,Essential Fruit Muesli,G,false,568,https://ecom-su-static-prod.wtrecom.com/images/products/3/LN_043826_BP_3.jpg,https://www.waitrose.com/ecom/products/essential-fruit-muesli/043826-21600-21601,Essential Fruit Muesli,1kg,£3.00,30p/100g,,Food Cupboard
784533,Dole Tropical Gold Pineapple Slices,G,false,569,https://ecom-su-static-prod.wtrecom.com/images/products/3/LN_784533_BP_3.jpg,https://www.waitrose.com/ecom/products/dole-tropical-gold-pineapple-slices/784533-111641-111642,Dole Tropical Gold Pineapple Slices,drained 272g,£1.20,£4.42/kg,,Food Cupboard
009167,Waitrose Belgian White Chocolate,G,false,570,https://ecom-su-static-prod.wtrecom.com/images/products/3/LN_009167_BP_3.jpg,https://www.waitrose.com/ecom/products/waitrose-belgian-white-chocolate/009167-4419-4420,Waitrose Belgian White Chocolate,180g,£2.20,£1.23/100g,,Food Cupboard
681600,Waitrose Plum & Hoisin Sauce,G,true,571,https://ecom-su-static-prod.wtrecom.com/images/products/3/LN_681600_BP_3.jpg,https://www.waitrose.com/ecom/products/waitrose-plum-hoisin-sauce/681600-824580-824581,Waitrose Plum & Hoisin Sauce,150g,£1.15,76.7p/100g,"£7 Stir Fry Meal Deal: Add protein, veg, sauce & rice or noodles",Food Cupboard
755103,Border Biscuit Sharing Pack,G,false,572,https://ecom-su-static-prod.wtrecom.com/images/products/3/LN_755103_BP_3.jpg,https://www.waitrose.com/ecom/products/border-biscuit-sharing-pack/755103-511918-511919,Border Biscuit Sharing Pack,400g,£4.45,£1.12/100g,,Food Cupboard
510781,Waitrose Essential Blueberry Wheats,G,false,573,https://ecom-su-static-prod.wtrecom.com/images/products/3/LN_510781_BP_3.jpg,https://www.waitrose.com/ecom/products/waitrose-essential-blueberry-wheats/510781-823334-823335,Waitrose Essential Blueberry Wheats,500g,£2.00,40p/100g,,Food Cupboard
002371,Jacob's Cheddars Cheese Biscuits,G,false,574,https://ecom-su-static-prod.wtrecom.com/images/products/3/LN_002371_BP_3.jpg,https://www.waitrose.com/ecom/products/jacobs-cheddars-cheese-biscuits/002371-776-777,Jacob's Cheddars Cheese Biscuits,150g,£1.60,£1.07/100g,,Food Cupboard
632814,Mutti Pizza Sauce with Oregano & Basil,G,false,575,https://ecom-su-static-prod.wtrecom.com/images/products/3/LN_632814_BP_3.jpg,https://www.waitrose.com/ecom/products/mutti-pizza-sauce-with-oregano-basil/632814-730742-730743,Mutti Pizza Sauce with Oregano & Basil,400g,£2.50,£6.25/kg,,Food Cupboard
650311,Cooks' Ingredients Baking Powder,G,false,576,https://ecom-su-static-prod.wtrecom.com/images/products/3/LN_650311_BP_3.jpg,https://www.waitrose.com/ecom/products/cooks-ingredients-baking-powder/650311-92314-92315,Cooks' Ingredients Baking Powder,160g,£1.30,£8.13/kg,,Food Cupboard
034334,Essential Pickled Sliced Beetroot,G,false,577,https://ecom-su-static-prod.wtrecom.com/images/products/3/LN_034334_BP_3.jpg,https://www.waitrose.com/ecom/products/essential-pickled-sliced-beetroot/034334-17213-17214,Essential Pickled Sliced Beetroot,drained 447g,£1.60,35.8p/100g,,Food Cupboard
592191,Good4U Salad Topper Super Seeds,G,false,578,https://ecom-su-static-prod.wtrecom.com/images/products/3/LN_592191_BP_3.jpg,https://www.waitrose.com/ecom/products/good4u-salad-topper-super-seeds/592191-558351-558352,Good4U Salad Topper Super Seeds,150g,£2.10,£1.40/100g,,Food Cupboard
073467,Duchy Organic Spaghetti,G,false,579,https://ecom-su-static-prod.wtrecom.com/images/products/3/LN_073467_BP_3.jpg,https://www.waitrose.com/ecom/products/duchy-organic-spaghetti/073467-37276-37277,Duchy Organic Spaghetti,500g,£1.90,£3.80/kg,,Food Cupboard
089078,Waitrose Pitted Spanish Queen Olives,G,false,580,https://ecom-su-static-prod.wtrecom.com/images/products/3/LN_089078_BP_3.jpg,https://www.waitrose.com/ecom/products/waitrose-pitted-spanish-queen-olives/089078-45798-45799,Waitrose Pitted Spanish Queen Olives,drained 113g,£3.00,£2.66/100g,,Food Cupboard
097999,Branston Baked Beans,G,false,581,https://ecom-su-static-prod.wtrecom.com/images/products/3/LN_097999_BP_3.jpg,https://www.waitrose.com/ecom/products/branston-baked-beans/097999-49983-49984,Branston Baked Beans,220g,80p,£3.64/kg,,Food Cupboard
785914,Forest Feast Preda Mango,G,true,582,https://ecom-su-static-prod.wtrecom.com/images/products/3/LN_785914_BP_3.jpg,https://www.waitrose.com/ecom/products/forest-feast-preda-mango/785914-678403-678404,Forest Feast Preda Mango,100g,£2.95,£2.95/100g,20% Off. Was £3.70,Food Cupboard
535364,Haribo Tangfastics,G,true,583,https://ecom-su-static-prod.wtrecom.com/images/products/3/LN_535364_BP_3.jpg,https://www.waitrose.com/ecom/products/haribo-tangfastics/535364-450430-450431,Haribo Tangfastics,175g,£1.25,71.4p/100g,save 25p. Was £1.50,Food Cupboard
885637,Epicure Organic Cannellini Beans,G,true,584,https://ecom-su-static-prod.wtrecom.com/images/products/3/LN_885637_BP_3.jpg,https://www.waitrose.com/ecom/products/epicure-organic-cannellini-beans/885637-730984-730985,Epicure Organic Cannellini Beans,drained 240g,95p,£3.96/kg,20% Off. Was £1.20,Food Cupboard
007650,Colman's Original English Mustard,G,false,585,https://ecom-su-static-prod.wtrecom.com/images/products/3/LN_007650_BP_3.jpg,https://www.waitrose.com/ecom/products/colmans-original-english-mustard/007650-3584-3585,Colman's Original English Mustard,170g,£2.15,£1.27/100g,,Food Cupboard
087050,Jacob's High Fibre Cream Crackers,G,false,586,https://ecom-su-static-prod.wtrecom.com/images/products/3/LN_087050_BP_3.jpg,https://www.waitrose.com/ecom/products/jacobs-high-fibre-cream-crackers/087050-44484-44485,Jacob's High Fibre Cream Crackers,200g,£1.80,90p/100g,,Food Cupboard
022542,Waitrose Sardine al Limone,G,false,587,https://ecom-su-static-prod.wtrecom.com/images/products/3/LN_022542_BP_3.jpg,https://www.waitrose.com/ecom/products/waitrose-sardine-al-limone/022542-11007-11008,Waitrose Sardine al Limone,drained 84g,£1.50,£1.79/100g,,Food Cupboard
381469,Linwoods Flaxseed,G,false,588,https://ecom-su-static-prod.wtrecom.com/images/products/3/LN_381469_BP_3.jpg,https://www.waitrose.com/ecom/products/linwoods-flaxseed/381469-53658-53659,Linwoods Flaxseed,425g,£6.40,£1.51/100g,,Food Cupboard
622841,KIND Gluten Free Dark Chocolate Nuts & Sea Salt Bars,G,true,589,https://ecom-su-static-prod.wtrecom.com/images/products/3/LN_622841_BP_3.jpg,https://www.waitrose.com/ecom/products/kind-gluten-free-dark-chocolate-nuts-sea-salt-bars/622841-727354-727355,KIND Gluten Free Dark Chocolate Nuts & Sea Salt Bars,3x30g,£2.00,£2.23/100g,save £1.15. Was £3.15,Food Cupboard
544638,Sarson's Malt Vinegar,G,false,590,https://ecom-su-static-prod.wtrecom.com/images/products/3/LN_544638_BP_3.jpg,https://www.waitrose.com/ecom/products/sarsons-malt-vinegar/544638-745049-745050,Sarson's Malt Vinegar,400ml,£1.60,40p/100ml,,Food Cupboard
832631,Cooks' Ingredients Chilli Flakes,G,true,591,https://ecom-su-static-prod.wtrecom.com/images/products/3/LN_832631_BP_3.jpg,https://www.waitrose.com/ecom/products/cooks-ingredients-chilli-flakes/832631-785194-785195,Cooks' Ingredients Chilli Flakes,27g,£1.70,63p/10g,Add 2 for £2.75,Food Cupboard
450940,Essential Skinless & Boneless Wild Red Salmon,G,false,592,https://ecom-su-static-prod.wtrecom.com/images/products/3/LN_450940_BP_3.jpg,https://www.waitrose.com/ecom/products/essential-skinless-boneless-wild-red-salmon/450940-63548-63549,Essential Skinless & Boneless Wild Red Salmon,170g,£4.25,£2.50/100g,,Food Cupboard
864398,Waitrose Sea Salt & Balsamic Vinegar Crisps,G,false,593,https://ecom-su-static-prod.wtrecom.com/images/products/3/LN_864398_BP_3.jpg,https://www.waitrose.com/ecom/products/waitrose-sea-salt-balsamic-vinegar-crisps/864398-159784-159785,Waitrose Sea Salt & Balsamic Vinegar Crisps,150g,£1.65,£1.10/100g,,Food Cupboard
062946,Farrington's Rapeseed Oil,G,true,594,https://ecom-su-static-prod.wtrecom.com/images/products/3/LN_062946_BP_3.jpg,https://www.waitrose.com/ecom/products/farringtons-rapeseed-oil/062946-31959-31960,Farrington's Rapeseed Oil,500ml,£3.95,79p/100ml,save £1.00. Was £4.95,Food Cupboard
008251,Tate & Lyle Fairtrade Icing Sugar,G,false,595,https://ecom-su-static-prod.wtrecom.com/images/products/3/LN_008251_BP_3.jpg,https://www.waitrose.com/ecom/products/tate-lyle-fairtrade-icing-sugar/008251-3923-3924,Tate & Lyle Fairtrade Icing Sugar,500g,£1.70,£3.40/kg,,Food Cupboard
017441,Essential Long Grain Rice Easy Cook,G,false,596,https://ecom-su-static-prod.wtrecom.com/images/products/3/LN_017441_BP_3.jpg,https://www.waitrose.com/ecom/products/essential-long-grain-rice-easy-cook/017441-8438-8439,Essential Long Grain Rice Easy Cook,500g,£1.00,£2/kg,,Food Cupboard
819617,Ryvita Thins Rosemary & Sea Salt Flatbread,G,true,597,https://ecom-su-static-prod.wtrecom.com/images/products/3/LN_819617_BP_3.jpg,https://www.waitrose.com/ecom/products/ryvita-thins-rosemary-sea-salt-flatbread/819617-698164-698165,Ryvita Thins Rosemary & Sea Salt Flatbread,125g,£1.25,£1/100g,save 95p. Was £2.20,Food Cupboard
611842,Waitrose Mint Creams,G,false,598,https://ecom-su-static-prod.wtrecom.com/images/products/3/LN_611842_BP_3.jpg,https://www.waitrose.com/ecom/products/waitrose-mint-creams/611842-673665-673666,Waitrose Mint Creams,200g,£3.50,£1.75/100g,,Food Cupboard
624928,Waitrose Brown Basmati Rice,G,false,599,https://ecom-su-static-prod.wtrecom.com/images/products/3/LN_624928_BP_3.jpg,https://www.waitrose.com/ecom/products/waitrose-brown-basmati-rice/624928-695098-695099,Waitrose Brown Basmati Rice,250g,75p,£3/kg,,Food Cupboard
621784,"San Nicasio Potato Chips, Himalayan Pink Salt",G,false,600,https://ecom-su-static-prod.wtrecom.com/images/products/3/LN_621784_BP_3.jpg,https://www.waitrose.com/ecom/products/san-nicasio-potato-chips-himalayan-pink-salt/621784-361819-361820,"San Nicasio Potato Chips, Himalayan Pink Salt",150g,£3.25,£2.17/100g,,Food Cupboard
527824,Essential Pitted Green Olives in Brine,G,false,601,https://ecom-su-static-prod.wtrecom.com/images/products/3/LN_527824_BP_3.jpg,https://www.waitrose.com/ecom/products/essential-pitted-green-olives-in-brine/527824-723603-723604,Essential Pitted Green Olives in Brine,drained 150g,£1.45,96.7p/100g,,Food Cupboard
428437,Dorset Cereals Simply Nutty Muesli Cereal,G,true,602,https://ecom-su-static-prod.wtrecom.com/images/products/3/LN_428437_BP_3.jpg,https://www.waitrose.com/ecom/products/dorset-cereals-simply-nutty-muesli-cereal/428437-209224-209225,Dorset Cereals Simply Nutty Muesli Cereal,560g,£2.65,47.3p/100g,save 90p. Was £3.55,Food Cupboard
008106,Tate & Lyle Fairtrade Caster Sugar,G,false,603,https://ecom-su-static-prod.wtrecom.com/images/products/3/LN_008106_BP_3.jpg,https://www.waitrose.com/ecom/products/tate-lyle-fairtrade-caster-sugar/008106-3844-3845,Tate & Lyle Fairtrade Caster Sugar,500g,£1.85,£3.70/kg,,Food Cupboard
544453,Merchant Gourmet Red & White Quinoa,G,true,604,https://ecom-su-static-prod.wtrecom.com/images/products/3/LN_544453_BP_3.jpg,https://www.waitrose.com/ecom/products/merchant-gourmet-red-white-quinoa/544453-76976-76977,Merchant Gourmet Red & White Quinoa,250g,£1.50,£6/kg,save 60p. Was £2.10,Food Cupboard
580579,Heinz Baked Five Beans,G,true,605,https://ecom-su-static-prod.wtrecom.com/images/products/3/LN_580579_BP_3.jpg,https://www.waitrose.com/ecom/products/heinz-baked-five-beans/580579-215987-215988,Heinz Baked Five Beans,415g,£1.40,£3.38/kg,Add 2 for £2,Food Cupboard
060384,Waitrose Mango Chutney,G,false,606,https://ecom-su-static-prod.wtrecom.com/images/products/3/LN_060384_BP_3.jpg,https://www.waitrose.com/ecom/products/waitrose-mango-chutney/060384-30540-30541,Waitrose Mango Chutney,315g,£2.00,63.5p/100g,,Food Cupboard
007639,Essential Wholegrain Mustard,G,false,607,https://ecom-su-static-prod.wtrecom.com/images/products/3/LN_007639_BP_3.jpg,https://www.waitrose.com/ecom/products/essential-wholegrain-mustard/007639-3580-3581,Essential Wholegrain Mustard,185g,95p,51.4p/100g,,Food Cupboard
772292,Heinz Baked Beans Value 6 Pack,G,true,608,https://ecom-su-static-prod.wtrecom.com/images/products/3/LN_772292_BP_3.jpg,https://www.waitrose.com/ecom/products/heinz-baked-beans-value-6-pack/772292-800574-800575,Heinz Baked Beans Value 6 Pack,6x200g,£4.25,£3.55/kg,Add 2 for £7,Food Cupboard
824603,Nairn's Gluten Free Oatcakes,G,false,609,https://ecom-su-static-prod.wtrecom.com/images/products/3/LN_824603_BP_3.jpg,https://www.waitrose.com/ecom/products/nairns-gluten-free-oatcakes/824603-144222-144223,Nairn's Gluten Free Oatcakes,213g,£2.10,98.6p/100g,,Food Cupboard
017184,Dorset Cereals Simply Delicious Muesli Cereal,G,true,610,https://ecom-su-static-prod.wtrecom.com/images/products/3/LN_017184_BP_3.jpg,https://www.waitrose.com/ecom/products/dorset-cereals-simply-delicious-muesli-cereal/017184-8287-8288,Dorset Cereals Simply Delicious Muesli Cereal,650g,£2.65,40.8p/100g,save 90p. Was £3.55,Food Cupboard
066419,Essential Garden Peas in Water,G,false,611,https://ecom-su-static-prod.wtrecom.com/images/products/3/LN_066419_BP_3.jpg,https://www.waitrose.com/ecom/products/essential-garden-peas-in-water/066419-33630-33631,Essential Garden Peas in Water,drained 185g,80p,£4.33/kg,,Food Cupboard
864716,Haribo Starmix,G,true,612,https://ecom-su-static-prod.wtrecom.com/images/products/3/LN_864716_BP_3.jpg,https://www.waitrose.com/ecom/products/haribo-starmix/864716-450803-450804,Haribo Starmix,175g,£1.25,71.4p/100g,save 25p. Was £1.50,Food Cupboard
481905,Waitrose Flame Raisins,G,false,613,https://ecom-su-static-prod.wtrecom.com/images/products/3/LN_481905_BP_3.jpg,https://www.waitrose.com/ecom/products/waitrose-flame-raisins/481905-260744-260745,Waitrose Flame Raisins,500g,£3.50,£7/kg,,Food Cupboard
052395,Waitrose Balsamic Glaze,G,false,614,https://ecom-su-static-prod.wtrecom.com/images/products/3/LN_052395_BP_3.jpg,https://www.waitrose.com/ecom/products/waitrose-balsamic-glaze/052395-26115-26116,Waitrose Balsamic Glaze,215ml,£2.35,£1.10/100ml,,Food Cupboard
034141,Essential Olive Oil,G,false,615,https://ecom-su-static-prod.wtrecom.com/images/products/3/LN_034141_BP_3.jpg,https://www.waitrose.com/ecom/products/essential-olive-oil/034141-17087-17088,Essential Olive Oil,500ml,£5.95,£1.19/100ml,,Food Cupboard
021703,Pot Noodle Standard Chicken & Mushroom,G,false,616,https://ecom-su-static-prod.wtrecom.com/images/products/3/LN_021703_BP_3.jpg,https://www.waitrose.com/ecom/products/pot-noodle-standard-chicken-mushroom/021703-10586-10587,Pot Noodle Standard Chicken & Mushroom,90g,£1.20,£1.34/100g,,Food Cupboard
795593,BacoFoil Non-Stick Foil 10 metres,G,true,617,https://ecom-su-static-prod.wtrecom.com/images/products/3/LN_795593_BP_3.jpg,https://www.waitrose.com/ecom/products/bacofoil-non-stick-foil-10-metres/795593-113202-113203,BacoFoil Non-Stick Foil 10 metres,each,£3.65,£3.65 each,save 65p. Was £4.30,Food Cupboard
794375,HP Brown Sauce,G,false,618,https://ecom-su-static-prod.wtrecom.com/images/products/3/LN_794375_BP_3.jpg,https://www.waitrose.com/ecom/products/hp-brown-sauce/794375-133446-133447,HP Brown Sauce,450g,£3.00,66.7p/100g,,Food Cupboard
456702,Dorset Cereals Nutty Granola Breakfast Cereal,G,false,619,https://ecom-su-static-prod.wtrecom.com/images/products/3/LN_456702_BP_3.jpg,https://www.waitrose.com/ecom/products/dorset-cereals-nutty-granola-breakfast-cereal/456702-808035-808036,Dorset Cereals Nutty Granola Breakfast Cereal,450g,£3.75,83.3p/100g,,Food Cupboard
609866,Essential Wild Pink Salmon,G,false,620,https://ecom-su-static-prod.wtrecom.com/images/products/3/LN_609866_BP_3.jpg,https://www.waitrose.com/ecom/products/essential-wild-pink-salmon/609866-728716-728717,Essential Wild Pink Salmon,213g,£1.80,84.5p/100g,,Food Cupboard
756828,Lotus Biscoff Biscuit 16 Two-Packs,G,true,621,https://ecom-su-static-prod.wtrecom.com/images/products/3/LN_756828_BP_3.jpg,https://www.waitrose.com/ecom/products/lotus-biscoff-biscuit-16-two-packs/756828-688676-688677,Lotus Biscoff Biscuit 16 Two-Packs,248g,£1.30,52.4p/100g,save 50p. Was £1.80,Food Cupboard
494765,Cirio Tomato Puree,G,false,622,https://ecom-su-static-prod.wtrecom.com/images/products/3/LN_494765_BP_3.jpg,https://www.waitrose.com/ecom/products/cirio-tomato-puree/494765-69936-69937,Cirio Tomato Puree,140g,£1.50,£10.72/kg,,Food Cupboard
413777,La Vieja Fábrica Seville Orange Marmalade,G,false,623,https://ecom-su-static-prod.wtrecom.com/images/products/3/LN_413777_BP_3.jpg,https://www.waitrose.com/ecom/products/la-vieja-fabrica-seville-orange-marmalade/413777-135872-135873,La Vieja Fábrica Seville Orange Marmalade,365g,£2.50,68.5p/100g,,Food Cupboard
634621,Waitrose Clotted Cream Fudge,G,false,624,https://ecom-su-static-prod.wtrecom.com/images/products/3/LN_634621_BP_3.jpg,https://www.waitrose.com/ecom/products/waitrose-clotted-cream-fudge/634621-697534-697535,Waitrose Clotted Cream Fudge,150g,£3.00,£2/100g,,Food Cupboard
796145,Twix Finger Biscuits,G,false,625,https://ecom-su-static-prod.wtrecom.com/images/products/3/LN_796145_BP_3.jpg,https://www.waitrose.com/ecom/products/twix-finger-biscuits/796145-113280-113281,Twix Finger Biscuits,9x20g,£2.65,£1.48/100g,,Food Cupboard
625757,Nairn's Super Seeded Oatcakes,G,false,626,https://ecom-su-static-prod.wtrecom.com/images/products/3/LN_625757_BP_3.jpg,https://www.waitrose.com/ecom/products/nairns-super-seeded-oatcakes/625757-426951-426952,Nairn's Super Seeded Oatcakes,200g,£1.70,85p/100g,,Food Cupboard
057184,Dr. Karg's Organic Cheese & Pumpkin Crispbread,G,false,627,https://ecom-su-static-prod.wtrecom.com/images/products/3/LN_057184_BP_3.jpg,https://www.waitrose.com/ecom/products/dr-kargs-organic-cheese-pumpkin-crispbread/057184-28757-28758,Dr. Karg's Organic Cheese & Pumpkin Crispbread,200g,£2.75,£1.38/100g,,Food Cupboard
503511,Del Monte Pear Halves In Juice,G,false,628,https://ecom-su-static-prod.wtrecom.com/images/products/3/LN_503511_BP_3.jpg,https://www.waitrose.com/ecom/products/del-monte-pear-halves-in-juice/503511-747398-747399,Del Monte Pear Halves In Juice,415g,£1.25,54.3p/100g,,Food Cupboard
093260,Bonne Maman Bitter Orange Fine Marmalade,G,false,629,https://ecom-su-static-prod.wtrecom.com/images/products/3/LN_093260_BP_3.jpg,https://www.waitrose.com/ecom/products/bonne-maman-bitter-orange-fine-marmalade/093260-47910-47911,Bonne Maman Bitter Orange Fine Marmalade,370g,£3.50,94.6p/100g,,Food Cupboard
007742,Bisto Beef Gravy Granules,G,false,630,https://ecom-su-static-prod.wtrecom.com/images/products/3/LN_007742_BP_3.jpg,https://www.waitrose.com/ecom/products/bisto-beef-gravy-granules/007742-3630-3631,Bisto Beef Gravy Granules,300g,£4.00,£1.34/100g,,Food Cupboard
633546,Fox's Jam'n Cream,G,false,631,https://ecom-su-static-prod.wtrecom.com/images/products/3/LN_633546_BP_3.jpg,https://www.waitrose.com/ecom/products/foxs-jamn-cream/633546-89979-89980,Fox's Jam'n Cream,150g,85p,56.7p/100g,,Food Cupboard
018106,Waitrose Toasted Flaked Almonds,G,false,632,https://ecom-su-static-prod.wtrecom.com/images/products/3/LN_018106_BP_3.jpg,https://www.waitrose.com/ecom/products/waitrose-toasted-flaked-almonds/018106-8782-8783,Waitrose Toasted Flaked Almonds,100g,£1.95,£19.50/kg,,Food Cupboard
837294,Waitrose MSC Tuna Steak in Olive Oil,G,false,633,https://ecom-su-static-prod.wtrecom.com/images/products/3/LN_837294_BP_3.jpg,https://www.waitrose.com/ecom/products/waitrose-msc-tuna-steak-in-olive-oil/837294-729802-729803,Waitrose MSC Tuna Steak in Olive Oil,drained 150g,£2.25,£1.50/100g,,Food Cupboard
009064,Maynards Bassetts Liquorice Allsorts Sweets Bag,G,true,634,https://ecom-su-static-prod.wtrecom.com/images/products/3/LN_009064_BP_3.jpg,https://www.waitrose.com/ecom/products/maynards-bassetts-liquorice-allsorts-sweets-bag/009064-4365-4366,Maynards Bassetts Liquorice Allsorts Sweets Bag,165g,£1.35,81.8p/100g,save 30p. Was £1.65,Food Cupboard
034543,Essential Half Fat Mayonnaise,G,false,635,https://ecom-su-static-prod.wtrecom.com/images/products/3/LN_034543_BP_3.jpg,https://www.waitrose.com/ecom/products/essential-half-fat-mayonnaise/034543-17355-17356,Essential Half Fat Mayonnaise,500ml,£1.50,30p/100ml,,Food Cupboard
795578,Snack Organisation Sweet Chilli Rice Crackers,G,false,636,https://ecom-su-static-prod.wtrecom.com/images/products/3/LN_795578_BP_3.jpg,https://www.waitrose.com/ecom/products/snack-organisation-sweet-chilli-rice-crackers/795578-519059-519060,Snack Organisation Sweet Chilli Rice Crackers,100g,£1.20,£1.20/100g,,Food Cupboard
037303,Nairn's Oat Cakes,G,false,637,https://ecom-su-static-prod.wtrecom.com/images/products/3/LN_037303_BP_3.jpg,https://www.waitrose.com/ecom/products/nairns-oat-cakes/037303-18700-18701,Nairn's Oat Cakes,250g,£1.30,52p/100g,,Food Cupboard
667870,No.1 Ecuador Dark Chocolate 90%,G,false,638,https://ecom-su-static-prod.wtrecom.com/images/products/3/LN_667870_BP_3.jpg,https://www.waitrose.com/ecom/products/no1-ecuador-dark-chocolate-90/667870-706938-706939,No.1 Ecuador Dark Chocolate 90%,100g,£2.25,£2.25/100g,,Food Cupboard
571802,Walkers Ready Salted Multipack Crisps,G,false,639,https://ecom-su-static-prod.wtrecom.com/images/products/3/LN_571802_BP_3.jpg,https://www.waitrose.com/ecom/products/walkers-ready-salted-multipack-crisps/571802-80998-80999,Walkers Ready Salted Multipack Crisps,12x25g,£3.15,£1.05/100g,,Food Cupboard
470817,Lu Le Petit Milk Chocolate Biscuits,G,false,640,https://ecom-su-static-prod.wtrecom.com/images/products/3/LN_470817_BP_3.jpg,https://www.waitrose.com/ecom/products/lu-le-petit-milk-chocolate-biscuits/470817-812419-812420,Lu Le Petit Milk Chocolate Biscuits,150g,£1.80,£1.20/100g,,Food Cupboard
006564,Jordans Frusli Juicy Blueberries Cereal Bars,G,true,641,https://ecom-su-static-prod.wtrecom.com/images/products/3/LN_006564_BP_3.jpg,https://www.waitrose.com/ecom/products/jordans-frusli-juicy-blueberries-cereal-bars/006564-2927-2928,Jordans Frusli Juicy Blueberries Cereal Bars,6x30g,£1.50,83.3p/100g,save 90p. Was £2.40,Food Cupboard
388707,Leckford Estate Rapeseed Oil,G,false,642,https://ecom-su-static-prod.wtrecom.com/images/products/3/LN_388707_BP_3.jpg,https://www.waitrose.com/ecom/products/leckford-estate-rapeseed-oil/388707-229793-229794,Leckford Estate Rapeseed Oil,500ml,£5.65,£1.13/100ml,,Food Cupboard
001301,Weetabix 12 pack,G,false,643,https://ecom-su-static-prod.wtrecom.com/images/products/3/LN_001301_BP_3.jpg,https://www.waitrose.com/ecom/products/weetabix-12-pack/001301-210-211,Weetabix 12 pack,12s,£2.15,17.9p each,,Food Cupboard
099684,Walkers Roast Chicken Multipack Crisps,G,true,644,https://ecom-su-static-prod.wtrecom.com/images/products/3/LN_099684_BP_3.jpg,https://www.waitrose.com/ecom/products/walkers-roast-chicken-multipack-crisps/099684-50919-50920,Walkers Roast Chicken Multipack Crisps,6x25g,£2.25,£1.50/100g,Add 2 for £3.25,Food Cupboard
011080,Jacob's Twiglets Original,G,false,645,https://ecom-su-static-prod.wtrecom.com/images/products/3/LN_011080_BP_3.jpg,https://www.waitrose.com/ecom/products/jacobs-twiglets-original/011080-5496-5497,Jacob's Twiglets Original,6x23g,£2.40,£1.74/100g,,Food Cupboard
022543,Waitrose Sardine Piccanti,G,false,646,https://ecom-su-static-prod.wtrecom.com/images/products/3/LN_022543_BP_3.jpg,https://www.waitrose.com/ecom/products/waitrose-sardine-piccanti/022543-11009-11010,Waitrose Sardine Piccanti,drained 84g,£1.50,£1.79/100g,,Food Cupboard
579334,Popchips Barbeque,G,false,647,https://ecom-su-static-prod.wtrecom.com/images/products/3/LN_579334_BP_3.jpg,https://www.waitrose.com/ecom/products/popchips-barbeque/579334-627830-627831,Popchips Barbeque,5x17g,£2.35,£2.77/100g,,Food Cupboard
002145,Hovis Digestive Biscuits,G,false,648,https://ecom-su-static-prod.wtrecom.com/images/products/3/LN_002145_BP_3.jpg,https://www.waitrose.com/ecom/products/hovis-digestive-biscuits/002145-604-605,Hovis Digestive Biscuits,250g,£1.60,64p/100g,,Food Cupboard
401306,Waitrose Teriyaki Sauce,G,true,649,https://ecom-su-static-prod.wtrecom.com/images/products/3/LN_401306_BP_3.jpg,https://www.waitrose.com/ecom/products/waitrose-teriyaki-sauce/401306-824538-824539,Waitrose Teriyaki Sauce,150g,£1.15,76.7p/100g,"£7 Stir Fry Meal Deal: Add protein, veg, sauce & rice or noodles",Food Cupboard
427846,Mrs Elswood Pickled Burger Gherkins,G,false,650,https://ecom-su-static-prod.wtrecom.com/images/products/3/LN_427846_BP_3.jpg,https://www.waitrose.com/ecom/products/mrs-elswood-pickled-burger-gherkins/427846-726969-726970,Mrs Elswood Pickled Burger Gherkins,drained 360g,£2.65,73.6p/100g,,Food Cupboard
884048,Waitrose 8 Belgian Triple Chocolate Cookies,G,false,651,https://ecom-su-static-prod.wtrecom.com/images/products/3/LN_884048_BP_3.jpg,https://www.waitrose.com/ecom/products/waitrose-8-belgian-triple-chocolate-cookies/884048-229661-229662,Waitrose 8 Belgian Triple Chocolate Cookies,200g,£2.30,£1.15/100g,,Food Cupboard
058543,Nature's Finest Pitted Prunes in Juice,G,false,652,https://ecom-su-static-prod.wtrecom.com/images/products/3/LN_058543_BP_3.jpg,https://www.waitrose.com/ecom/products/natures-finest-pitted-prunes-in-juice/058543-29459-29460,Nature's Finest Pitted Prunes in Juice,drained 375g,£3.35,£8.94/kg,,Food Cupboard
516342,Quaker Oat So Simple Family Pack Original Porridge Sachets,G,false,653,https://ecom-su-static-prod.wtrecom.com/images/products/3/LN_516342_BP_3.jpg,https://www.waitrose.com/ecom/products/quaker-oat-so-simple-family-pack-original-porridge-sachets/516342-752933-752934,Quaker Oat So Simple Family Pack Original Porridge Sachets,540g,£4.75,88p/100g,,Food Cupboard
588392,Waitrose Pumpkin Seeds,G,false,654,https://ecom-su-static-prod.wtrecom.com/images/products/3/LN_588392_BP_3.jpg,https://www.waitrose.com/ecom/products/waitrose-pumpkin-seeds/588392-492007-492008,Waitrose Pumpkin Seeds,175g,£2.00,£1.15/100g,,Food Cupboard
617859,nakd. Blueberry Muffin Fruit & Nut Bars Multipack,G,false,655,https://ecom-su-static-prod.wtrecom.com/images/products/3/LN_617859_BP_3.jpg,https://www.waitrose.com/ecom/products/nakd-blueberry-muffin-fruit-nut-bars-multipack/617859-648116-648117,nakd. Blueberry Muffin Fruit & Nut Bars Multipack,4x35g,£3.15,£2.25/100g,,Food Cupboard
404358,Heinz Baked Beans Snap Pots No Added Sugar,G,true,656,https://ecom-su-static-prod.wtrecom.com/images/products/3/LN_404358_BP_3.jpg,https://www.waitrose.com/ecom/products/heinz-baked-beans-snap-pots-no-added-sugar/404358-56911-56912,Heinz Baked Beans Snap Pots No Added Sugar,4x200g,£3.50,£4.38/kg,Add 2 for £6,Food Cupboard
789167,Cooks' Ingredients Belgian Dark Chocolate,G,false,657,https://ecom-su-static-prod.wtrecom.com/images/products/3/LN_789167_BP_3.jpg,https://www.waitrose.com/ecom/products/cooks-ingredients-belgian-dark-chocolate/789167-752663-752664,Cooks' Ingredients Belgian Dark Chocolate,180g,£2.00,£11.12/kg,,Food Cupboard
078873,Hula Hoops Variety Multipack Crisps,G,false,658,https://ecom-su-static-prod.wtrecom.com/images/products/3/LN_078873_BP_3.jpg,https://www.waitrose.com/ecom/products/hula-hoops-variety-multipack-crisps/078873-40149-40149,Hula Hoops Variety Multipack Crisps,6x24g,£2.35,£1.64/100g,,Food Cupboard
097067,Fry's Turkish Delight Chocolate Bar 3 pack,G,false,659,https://ecom-su-static-prod.wtrecom.com/images/products/3/LN_097067_BP_3.jpg,https://www.waitrose.com/ecom/products/frys-turkish-delight-chocolate-bar-3-pack/097067-49572-49573,Fry's Turkish Delight Chocolate Bar 3 pack,3x51g,£1.50,98p/100g,,Food Cupboard
068461,Tunnock's dark caramel wafer biscuits,G,false,660,https://ecom-su-static-prod.wtrecom.com/images/products/3/LN_068461_BP_3.jpg,https://www.waitrose.com/ecom/products/tunnocks-dark-caramel-wafer-biscuits/068461-34747-34748,Tunnock's dark caramel wafer biscuits,8x30g,£2.45,£1.03/100g,,Food Cupboard
074411,Tyrrell's Naked-No Salt Crisps,G,false,661,https://ecom-su-static-prod.wtrecom.com/images/products/3/LN_074411_BP_3.jpg,https://www.waitrose.com/ecom/products/tyrrells-naked-no-salt-crisps/074411-37778-37779,Tyrrell's Naked-No Salt Crisps,150g,£2.75,£1.84/100g,,Food Cupboard
002583,Essential Poppy & Sesame Seed Thins,G,false,662,https://ecom-su-static-prod.wtrecom.com/images/products/3/LN_002583_BP_3.jpg,https://www.waitrose.com/ecom/products/essential-poppy-sesame-seed-thins/002583-876-877,Essential Poppy & Sesame Seed Thins,150g,£1.20,80p/100g,,Food Cupboard
015163,Penn State Sour Cream & Chive Sharing Pretzels,G,false,663,https://ecom-su-static-prod.wtrecom.com/images/products/3/LN_015163_BP_3.jpg,https://www.waitrose.com/ecom/products/penn-state-sour-cream-chive-sharing-pretzels/015163-7273-7274,Penn State Sour Cream & Chive Sharing Pretzels,175g,£1.75,£1/100g,,Food Cupboard
489217,TREK Cocoa Oat Protein Flapjacks Multipack,G,false,664,https://ecom-su-static-prod.wtrecom.com/images/products/3/LN_489217_BP_3.jpg,https://www.waitrose.com/ecom/products/trek-cocoa-oat-protein-flapjacks-multipack/489217-589113-589114,TREK Cocoa Oat Protein Flapjacks Multipack,3x50g,£3.00,£2/100g,,Food Cupboard
724427,Waitrose Wild Pacific Red Salmon,G,false,665,https://ecom-su-static-prod.wtrecom.com/images/products/3/LN_724427_BP_3.jpg,https://www.waitrose.com/ecom/products/waitrose-wild-pacific-red-salmon/724427-244985-244986,Waitrose Wild Pacific Red Salmon,105g,£2.60,£2.48/100g,,Food Cupboard
847449,Mutti Cherry Tomatoes,G,false,666,https://ecom-su-static-prod.wtrecom.com/images/products/3/LN_847449_BP_3.jpg,https://www.waitrose.com/ecom/products/mutti-cherry-tomatoes/847449-730948-730949,Mutti Cherry Tomatoes,400g,£2.00,£5/kg,,Food Cupboard
692179,Frank Cooper's Fine Cut Oxford Marmalade,G,false,667,https://ecom-su-static-prod.wtrecom.com/images/products/3/LN_692179_BP_3.jpg,https://www.waitrose.com/ecom/products/frank-coopers-fine-cut-oxford-marmalade/692179-168646-168647,Frank Cooper's Fine Cut Oxford Marmalade,454g,£2.95,65p/100g,,Food Cupboard
029126,Heinz Classic Minestrone Soup,G,true,668,https://ecom-su-static-prod.wtrecom.com/images/products/3/LN_029126_BP_3.jpg,https://www.waitrose.com/ecom/products/heinz-classic-minestrone-soup/029126-14191-14192,Heinz Classic Minestrone Soup,400g,£1.75,43.8p/100g,Add 3 for £4.50,Food Cupboard
422645,Nestlé Honey Cheerios,G,false,669,https://ecom-su-static-prod.wtrecom.com/images/products/3/LN_422645_BP_3.jpg,https://www.waitrose.com/ecom/products/nestle-honey-cheerios/422645-752815-752816,Nestlé Honey Cheerios,370g,£3.55,95.9p/100g,,Food Cupboard
002544,Rowse Organic Squeezy Honey,G,false,670,https://ecom-su-static-prod.wtrecom.com/images/products/3/LN_002544_BP_3.jpg,https://www.waitrose.com/ecom/products/rowse-organic-squeezy-honey/002544-852-853,Rowse Organic Squeezy Honey,340g,£3.75,£1.11/100g,,Food Cupboard
673266,Tony's Chocolonely Milk Choc Caramel Sea Salt,G,false,671,https://ecom-su-static-prod.wtrecom.com/images/products/3/LN_673266_BP_3.jpg,https://www.waitrose.com/ecom/products/tonys-chocolonely-milk-choc-caramel-sea-salt/673266-686461-686462,Tony's Chocolonely Milk Choc Caramel Sea Salt,180g,£3.00,£1.67/100g,,Food Cupboard
499140,Tyrrell's Posh Prawn Cocktail,G,false,672,https://ecom-su-static-prod.wtrecom.com/images/products/3/LN_499140_BP_3.jpg,https://www.waitrose.com/ecom/products/tyrrells-posh-prawn-cocktail/499140-662568-662569,Tyrrell's Posh Prawn Cocktail,150g,£2.75,£1.84/100g,,Food Cupboard
017520,Loyd Grossman Tomato & Chilli Pasta Sauce,G,true,673,https://ecom-su-static-prod.wtrecom.com/images/products/3/LN_017520_BP_3.jpg,https://www.waitrose.com/ecom/products/loyd-grossman-tomato-chilli-pasta-sauce/017520-8508-8509,Loyd Grossman Tomato & Chilli Pasta Sauce,350g,£1.75,50p/100g,save £1.25. Was £3.00,Food Cupboard
456436,Hula Hoops Salt & Vinegar,G,false,674,https://ecom-su-static-prod.wtrecom.com/images/products/3/LN_456436_BP_3.jpg,https://www.waitrose.com/ecom/products/hula-hoops-salt-vinegar/456436-131253-131254,Hula Hoops Salt & Vinegar,6x24g,£2.35,£1.64/100g,,Food Cupboard
034688,Kikkoman All-Purpose Soy Sauce,G,false,675,https://ecom-su-static-prod.wtrecom.com/images/products/3/LN_034688_BP_3.jpg,https://www.waitrose.com/ecom/products/kikkoman-all-purpose-soy-sauce/034688-17473-17474,Kikkoman All-Purpose Soy Sauce,250ml,£3.35,£1.34/100ml,,Food Cupboard
870184,Essential Sun-Dried Tomato Pesto,G,false,676,https://ecom-su-static-prod.wtrecom.com/images/products/3/LN_870184_BP_3.jpg,https://www.waitrose.com/ecom/products/essential-sun-dried-tomato-pesto/870184-711342-711343,Essential Sun-Dried Tomato Pesto,190g,£1.35,71.1p/100g,,Food Cupboard
034547,Hellmann's Light Mayonnaise,G,false,677,https://ecom-su-static-prod.wtrecom.com/images/products/3/LN_034547_BP_3.jpg,https://www.waitrose.com/ecom/products/hellmanns-light-mayonnaise/034547-17363-17364,Hellmann's Light Mayonnaise,600g,£4.50,75p/100g,,Food Cupboard
067923,Epicure Organic Butter Beans in Water,G,true,678,https://ecom-su-static-prod.wtrecom.com/images/products/3/LN_067923_BP_3.jpg,https://www.waitrose.com/ecom/products/epicure-organic-butter-beans-in-water/067923-34481-34482,Epicure Organic Butter Beans in Water,drained 240g,95p,£3.96/kg,20% Off. Was £1.20,Food Cupboard
694577,Waitrose Coarse Crystal Sea Salt,G,false,679,https://ecom-su-static-prod.wtrecom.com/images/products/3/LN_694577_BP_3.jpg,https://www.waitrose.com/ecom/products/waitrose-coarse-crystal-sea-salt/694577-98617-98618,Waitrose Coarse Crystal Sea Salt,350g,£1.75,£5/kg,,Food Cupboard
081107,Kettle Chips Mature Cheddar & Red Onion,G,true,680,https://ecom-su-static-prod.wtrecom.com/images/products/3/LN_081107_BP_3.jpg,https://www.waitrose.com/ecom/products/kettle-chips-mature-cheddar-red-onion/081107-41271-41272,Kettle Chips Mature Cheddar & Red Onion,130g,£1.50,£1.16/100g,save 90p. Was £2.40,Food Cupboard
072869,Cadbury Dairy Milk Wholenut Chocolate Bar,G,false,681,https://ecom-su-static-prod.wtrecom.com/images/products/3/LN_072869_BP_3.jpg,https://www.waitrose.com/ecom/products/cadbury-dairy-milk-wholenut-chocolate-bar/072869-36966-36967,Cadbury Dairy Milk Wholenut Chocolate Bar,180g,£2.50,£1.39/100g,,Food Cupboard
019710,"Waitrose Chopped Tomatoes, Olive Oil & Garlic",G,false,682,https://ecom-su-static-prod.wtrecom.com/images/products/3/LN_019710_BP_3.jpg,https://www.waitrose.com/ecom/products/waitrose-chopped-tomatoes-olive-oil-garlic/019710-9581-9582,"Waitrose Chopped Tomatoes, Olive Oil & Garlic",400g,85p,£2.13/kg,,Food Cupboard
091761,Waitrose Fine Egg Noodles,G,false,683,https://ecom-su-static-prod.wtrecom.com/images/products/3/LN_091761_BP_3.jpg,https://www.waitrose.com/ecom/products/waitrose-fine-egg-noodles/091761-47246-47247,Waitrose Fine Egg Noodles,250g,£1.25,£5/kg,,Food Cupboard
822400,Kallo 8 Chicken Stock Cubes,G,false,684,https://ecom-su-static-prod.wtrecom.com/images/products/3/LN_822400_BP_3.jpg,https://www.waitrose.com/ecom/products/kallo-8-chicken-stock-cubes/822400-305537-305538,Kallo 8 Chicken Stock Cubes,88g,£2.00,£2.28/100g,,Food Cupboard
070388,Essential Sultanas,G,false,685,https://ecom-su-static-prod.wtrecom.com/images/products/3/LN_070388_BP_3.jpg,https://www.waitrose.com/ecom/products/essential-sultanas/070388-35648-35649,Essential Sultanas,1kg,£3.60,£3.60/kg,,Food Cupboard
747361,John West Boneless Sardines in Tomato Sauce,G,false,686,https://ecom-su-static-prod.wtrecom.com/images/products/3/LN_747361_BP_3.jpg,https://www.waitrose.com/ecom/products/john-west-boneless-sardines-in-tomato-sauce/747361-106261-106262,John West Boneless Sardines in Tomato Sauce,95g,£1.50,£1.58/100g,,Food Cupboard
407524,Duchy Organic Tomato Purée,G,false,687,https://ecom-su-static-prod.wtrecom.com/images/products/3/LN_407524_BP_3.jpg,https://www.waitrose.com/ecom/products/duchy-organic-tomato-puree/407524-793072-793073,Duchy Organic Tomato Purée,200g,£1.40,£7/kg,,Food Cupboard
002126,Finn Crisp Original Rye Crispbread,G,false,688,https://ecom-su-static-prod.wtrecom.com/images/products/3/LN_002126_BP_3.jpg,https://www.waitrose.com/ecom/products/finn-crisp-original-rye-crispbread/002126-582-583,Finn Crisp Original Rye Crispbread,200g,£1.50,75p/100g,,Food Cupboard
816323,Tilda Boil in Bag Pure Basmati Rice,G,false,689,https://ecom-su-static-prod.wtrecom.com/images/products/3/LN_816323_BP_3.jpg,https://www.waitrose.com/ecom/products/tilda-boil-in-bag-pure-basmati-rice/816323-343508-343509,Tilda Boil in Bag Pure Basmati Rice,4x62.5g,£2.25,£9/kg,,Food Cupboard
828996,Duchy Organic Passata,G,false,690,https://ecom-su-static-prod.wtrecom.com/images/products/3/LN_828996_BP_3.jpg,https://www.waitrose.com/ecom/products/duchy-organic-passata/828996-747694-747695,Duchy Organic Passata,680g,£1.50,£2.21/kg,,Food Cupboard
050757,Kallo Low Fat Rice Cakes Wholegrain,G,true,691,https://ecom-su-static-prod.wtrecom.com/images/products/3/LN_050757_BP_3.jpg,https://www.waitrose.com/ecom/products/kallo-low-fat-rice-cakes-wholegrain/050757-25249-25250,Kallo Low Fat Rice Cakes Wholegrain,130g,£1.25,96.2p/100g,20% Off. Was £1.60,Food Cupboard
634261,Mrs Elswood Sweet Cucumber Slices,G,false,692,https://ecom-su-static-prod.wtrecom.com/images/products/3/LN_634261_BP_3.jpg,https://www.waitrose.com/ecom/products/mrs-elswood-sweet-cucumber-slices/634261-727384-727385,Mrs Elswood Sweet Cucumber Slices,drained 310g,£2.80,90.3p/100g,,Food Cupboard
618600,Cooks' Ingredients Mini Eton Mess Meringues,G,true,693,https://ecom-su-static-prod.wtrecom.com/images/products/3/LN_618600_BP_3.jpg,https://www.waitrose.com/ecom/products/cooks-ingredients-mini-eton-mess-meringues/618600-756384-756385,Cooks' Ingredients Mini Eton Mess Meringues,12s,£1.55,12.9p each,25% Off. Was £2.10,Food Cupboard
646139,Green Giant Original Sweetcorn,G,true,694,https://ecom-su-static-prod.wtrecom.com/images/products/3/LN_646139_BP_3.jpg,https://www.waitrose.com/ecom/products/green-giant-original-sweetcorn/646139-91704-91705,Green Giant Original Sweetcorn,drained 165g,85p,£5.16/kg,save 15p. Was £1.00,Food Cupboard
822110,McVitie's Hobnobs Biscuits The Oaty One,G,false,695,https://ecom-su-static-prod.wtrecom.com/images/products/3/LN_822110_BP_3.jpg,https://www.waitrose.com/ecom/products/mcvities-hobnobs-biscuits-the-oaty-one/822110-791229-791230,McVitie's Hobnobs Biscuits The Oaty One,255g,£1.60,62.7p/100g,,Food Cupboard
006221,Duchy Organic Plain White Flour,G,false,696,https://ecom-su-static-prod.wtrecom.com/images/products/3/LN_006221_BP_3.jpg,https://www.waitrose.com/ecom/products/duchy-organic-plain-white-flour/006221-2738-2739,Duchy Organic Plain White Flour,1.5kg,£2.20,£1.47/kg,,Food Cupboard
701388,Nestlé Shredded Wheat Biscuits,G,false,697,https://ecom-su-static-prod.wtrecom.com/images/products/3/LN_701388_BP_3.jpg,https://www.waitrose.com/ecom/products/nestle-shredded-wheat-biscuits/701388-99546-99547,Nestlé Shredded Wheat Biscuits,16s,£2.65,16.6p each,,Food Cupboard
006210,Essential Self-Raising White Flour,G,false,698,https://ecom-su-static-prod.wtrecom.com/images/products/3/LN_006210_BP_3.jpg,https://www.waitrose.com/ecom/products/essential-self-raising-white-flour/006210-2724-2725,Essential Self-Raising White Flour,500g,50p,£1/kg,,Food Cupboard
872414,"No.1 Milk Choc Hazelnut, Cashew & Pistachio",G,false,699,https://ecom-su-static-prod.wtrecom.com/images/products/3/LN_872414_BP_3.jpg,https://www.waitrose.com/ecom/products/no1-milk-choc-hazelnut-cashew-pistachio/872414-706946-706947,"No.1 Milk Choc Hazelnut, Cashew & Pistachio",100g,£2.25,£2.25/100g,,Food Cupboard
596553,Duchy Organic Raspberry Preserve Extra Jam,G,false,700,https://ecom-su-static-prod.wtrecom.com/images/products/3/LN_596553_BP_3.jpg,https://www.waitrose.com/ecom/products/duchy-organic-raspberry-preserve-extra-jam/596553-84566-84567,Duchy Organic Raspberry Preserve Extra Jam,340g,£2.80,82.4p/100g,,Food Cupboard
651993,Knorr Gluten Free Chicken Stock Pot,G,false,701,https://ecom-su-static-prod.wtrecom.com/images/products/3/LN_651993_BP_3.jpg,https://www.waitrose.com/ecom/products/knorr-gluten-free-chicken-stock-pot/651993-92539-92540,Knorr Gluten Free Chicken Stock Pot,8x28g,£3.20,£1.43/100g,,Food Cupboard
007640,Essential English Mustard,G,false,702,https://ecom-su-static-prod.wtrecom.com/images/products/3/LN_007640_BP_3.jpg,https://www.waitrose.com/ecom/products/essential-english-mustard/007640-3582-3583,Essential English Mustard,180g,95p,52.8p/100g,,Food Cupboard
605650,Waitrose Free From Gluten Spaghetti,G,false,703,https://ecom-su-static-prod.wtrecom.com/images/products/3/LN_605650_BP_3.jpg,https://www.waitrose.com/ecom/products/waitrose-free-from-gluten-spaghetti/605650-174576-174577,Waitrose Free From Gluten Spaghetti,500g,£1.75,£3.50/kg,,Food Cupboard
487754,Nestlé Multigrain Cheerios,G,true,704,https://ecom-su-static-prod.wtrecom.com/images/products/3/LN_487754_BP_3.jpg,https://www.waitrose.com/ecom/products/nestle-multigrain-cheerios/487754-752897-752898,Nestlé Multigrain Cheerios,390g,£2.00,51.3p/100g,save £1.40. Was £3.40,Food Cupboard
043300,Tilda Pilau Basmati Rice,G,false,705,https://ecom-su-static-prod.wtrecom.com/images/products/3/LN_043300_BP_3.jpg,https://www.waitrose.com/ecom/products/tilda-pilau-basmati-rice/043300-21360-21361,Tilda Pilau Basmati Rice,250g,£1.65,£6.60/kg,,Food Cupboard
582685,Waitrose Roasted Salted Mixed Nuts,G,false,706,https://ecom-su-static-prod.wtrecom.com/images/products/3/LN_582685_BP_3.jpg,https://www.waitrose.com/ecom/products/waitrose-roasted-salted-mixed-nuts/582685-782791-782792,Waitrose Roasted Salted Mixed Nuts,200g,£3.50,£1.75/100g,,Food Cupboard
898532,McVitie's Hobnobs Milk Chocolate Biscuits Twin Pack,G,true,707,https://ecom-su-static-prod.wtrecom.com/images/products/3/LN_898532_BP_3.jpg,https://www.waitrose.com/ecom/products/mcvities-hobnobs-milk-chocolate-biscuits-twin-pack/898532-666814-666815,McVitie's Hobnobs Milk Chocolate Biscuits Twin Pack,2x318g,£3.00,47.2p/100g,save 70p. Was £3.70,Food Cupboard
615202,Cooks' Ingredients Rose Harissa Paste,G,false,708,https://ecom-su-static-prod.wtrecom.com/images/products/3/LN_615202_BP_3.jpg,https://www.waitrose.com/ecom/products/cooks-ingredients-rose-harissa-paste/615202-312331-312332,Cooks' Ingredients Rose Harissa Paste,95g,£2.50,£2.64/100g,,Food Cupboard
528453,Cooks' Ingredients Cinnamon,G,false,709,https://ecom-su-static-prod.wtrecom.com/images/products/3/LN_528453_BP_3.jpg,https://www.waitrose.com/ecom/products/cooks-ingredients-cinnamon/528453-784900-784901,Cooks' Ingredients Cinnamon,32g,£1.60,50p/10g,,Food Cupboard
886637,Waitrose Essential Roasted Salted Peanuts,G,false,710,https://ecom-su-static-prod.wtrecom.com/images/products/3/LN_886637_BP_3.jpg,https://www.waitrose.com/ecom/products/waitrose-essential-roasted-salted-peanuts/886637-782826-782827,Waitrose Essential Roasted Salted Peanuts,200g,£1.20,60p/100g,,Food Cupboard
660905,John West Boneless Sardines in Olive Oil,G,false,711,https://ecom-su-static-prod.wtrecom.com/images/products/3/LN_660905_BP_3.jpg,https://www.waitrose.com/ecom/products/john-west-boneless-sardines-in-olive-oil/660905-93834-93835,John West Boneless Sardines in Olive Oil,drained 67g,£1.50,£2.24/100g,,Food Cupboard
054846,Chloe's All Butter Sweethearts,G,false,712,https://ecom-su-static-prod.wtrecom.com/images/products/3/LN_054846_BP_3.jpg,https://www.waitrose.com/ecom/products/chloes-all-butter-sweethearts/054846-27553-27554,Chloe's All Butter Sweethearts,100g,£1.75,£1.75/100g,,Food Cupboard
713734,Weetabix Oatibix Flakes,G,false,713,https://ecom-su-static-prod.wtrecom.com/images/products/3/LN_713734_BP_3.jpg,https://www.waitrose.com/ecom/products/weetabix-oatibix-flakes/713734-101432-101433,Weetabix Oatibix Flakes,550g,£4.00,72.7p/100g,,Food Cupboard
658700,Tyrrells Smoked Paprika Crisps,G,false,714,https://ecom-su-static-prod.wtrecom.com/images/products/3/LN_658700_BP_3.jpg,https://www.waitrose.com/ecom/products/tyrrells-smoked-paprika-crisps/658700-93533-93534,Tyrrells Smoked Paprika Crisps,150g,£2.75,£1.84/100g,,Food Cupboard
528594,Wagamama Pad Thai Stir Fry Sauce,G,false,715,https://ecom-su-static-prod.wtrecom.com/images/products/3/LN_528594_BP_3.jpg,https://www.waitrose.com/ecom/products/wagamama-pad-thai-stir-fry-sauce/528594-758484-758485,Wagamama Pad Thai Stir Fry Sauce,120g,£1.35,£1.13/100g,,Food Cupboard
631865,Essential Hazelnut Chocolate Spread,G,false,716,https://ecom-su-static-prod.wtrecom.com/images/products/3/LN_631865_BP_3.jpg,https://www.waitrose.com/ecom/products/essential-hazelnut-chocolate-spread/631865-457152-457153,Essential Hazelnut Chocolate Spread,400g,£2.00,50p/100g,,Food Cupboard
570980,Essential Rice Pudding,G,false,717,https://ecom-su-static-prod.wtrecom.com/images/products/3/LN_570980_BP_3.jpg,https://www.waitrose.com/ecom/products/essential-rice-pudding/570980-810711-810712,Essential Rice Pudding,400g,85p,21.3p/100g,,Food Cupboard
034539,Essential Mayonnaise,G,false,718,https://ecom-su-static-prod.wtrecom.com/images/products/3/LN_034539_BP_3.jpg,https://www.waitrose.com/ecom/products/essential-mayonnaise/034539-17347-17348,Essential Mayonnaise,750ml,£1.90,25.3p/100ml,,Food Cupboard
037160,Jacob's Original Cream Crackers Twin Pack,G,false,719,https://ecom-su-static-prod.wtrecom.com/images/products/3/LN_037160_BP_3.jpg,https://www.waitrose.com/ecom/products/jacobs-original-cream-crackers-twin-pack/037160-18611-18612,Jacob's Original Cream Crackers Twin Pack,2x200g,£2.10,52.5p/100g,,Food Cupboard
095587,Nestlé Carnation Topping Evaporated Milk,G,false,720,https://ecom-su-static-prod.wtrecom.com/images/products/3/LN_095587_BP_3.jpg,https://www.waitrose.com/ecom/products/nestle-carnation-topping-evaporated-milk/095587-48975-48976,Nestlé Carnation Topping Evaporated Milk,410g,£1.75,42.7p/100g,,Food Cupboard
681710,Fox's Party Rings Minis 6 Mini Bags,G,false,721,https://ecom-su-static-prod.wtrecom.com/images/products/3/LN_681710_BP_3.jpg,https://www.waitrose.com/ecom/products/foxs-party-rings-minis-6-mini-bags/681710-566549-566550,Fox's Party Rings Minis 6 Mini Bags,6x21g,£1.30,£1.04/100g,,Food Cupboard
004409,Essential Seedless Raspberry Jam,G,false,722,https://ecom-su-static-prod.wtrecom.com/images/products/3/LN_004409_BP_3.jpg,https://www.waitrose.com/ecom/products/essential-seedless-raspberry-jam/004409-1831-1832,Essential Seedless Raspberry Jam,454g,£1.50,33p/100g,,Food Cupboard
497074,Waitrose Soft Apricots,G,false,723,https://ecom-su-static-prod.wtrecom.com/images/products/3/LN_497074_BP_3.jpg,https://www.waitrose.com/ecom/products/waitrose-soft-apricots/497074-491955-491956,Waitrose Soft Apricots,500g,£4.25,85p/100g,,Food Cupboard
041008,Go Ahead Apple Fruit and Oat Bakes Snack Bars,G,false,724,https://ecom-su-static-prod.wtrecom.com/images/products/3/LN_041008_BP_3.jpg,https://www.waitrose.com/ecom/products/go-ahead-apple-fruit-and-oat-bakes-snack-bars/041008-20266-20267,Go Ahead Apple Fruit and Oat Bakes Snack Bars,6x35g,£1.85,88.1p/100g,,Food Cupboard
448025,Waitrose Essential Roasted Salted Mixed Nuts,G,false,725,https://ecom-su-static-prod.wtrecom.com/images/products/3/LN_448025_BP_3.jpg,https://www.waitrose.com/ecom/products/waitrose-essential-roasted-salted-mixed-nuts/448025-782779-782780,Waitrose Essential Roasted Salted Mixed Nuts,200g,£2.25,£1.13/100g,,Food Cupboard
760104,Old El Paso Original Smoky BBQ Fajitas,G,false,726,https://ecom-su-static-prod.wtrecom.com/images/products/3/LN_760104_BP_3.jpg,https://www.waitrose.com/ecom/products/old-el-paso-original-smoky-bbq-fajitas/760104-108121-108122,Old El Paso Original Smoky BBQ Fajitas,500g,£4.00,80p/100g,,Food Cupboard
518092,No.1 Dominican Republic Milk Chocolate 49%,G,false,727,https://ecom-su-static-prod.wtrecom.com/images/products/3/LN_518092_BP_3.jpg,https://www.waitrose.com/ecom/products/no1-dominican-republic-milk-chocolate-49/518092-707052-707053,No.1 Dominican Republic Milk Chocolate 49%,100g,£2.25,£2.25/100g,,Food Cupboard
020140,Essential Peach Halves in Fruit Juice,G,false,728,https://ecom-su-static-prod.wtrecom.com/images/products/3/LN_020140_BP_3.jpg,https://www.waitrose.com/ecom/products/essential-peach-halves-in-fruit-juice/020140-9807-9808,Essential Peach Halves in Fruit Juice,drained 248g,£1.15,£4.64/kg,,Food Cupboard
480909,Cooks' Ingredients Madagascan Vanilla Extract,G,false,729,https://ecom-su-static-prod.wtrecom.com/images/products/3/LN_480909_BP_3.jpg,https://www.waitrose.com/ecom/products/cooks-ingredients-madagascan-vanilla-extract/480909-260740-260741,Cooks' Ingredients Madagascan Vanilla Extract,38ml,£1.80,47.4p/10ml,,Food Cupboard
735778,Marmite Rice Cakes,G,false,730,https://ecom-su-static-prod.wtrecom.com/images/products/3/LN_735778_BP_3.jpg,https://www.waitrose.com/ecom/products/marmite-rice-cakes/735778-104580-104581,Marmite Rice Cakes,110g,£2.10,£1.91/100g,,Food Cupboard
562906,Merchant Gourmet Spanish Style Grains & Rice,G,true,731,https://ecom-su-static-prod.wtrecom.com/images/products/3/LN_562906_BP_3.jpg,https://www.waitrose.com/ecom/products/merchant-gourmet-spanish-style-grains-rice/562906-535276-535277,Merchant Gourmet Spanish Style Grains & Rice,250g,£1.50,£6/kg,save 60p. Was £2.10,Food Cupboard
099615,Dolmio Lasagne Original Creamy Sauce,G,true,732,https://ecom-su-static-prod.wtrecom.com/images/products/3/LN_099615_BP_3.jpg,https://www.waitrose.com/ecom/products/dolmio-lasagne-original-creamy-sauce/099615-50871-50872,Dolmio Lasagne Original Creamy Sauce,440g,£2.65,60.2p/100g,Add 2 for £3.50,Food Cupboard
008253,Tate & Lyle Fairtrade Icing Sugar,G,false,733,https://ecom-su-static-prod.wtrecom.com/images/products/3/LN_008253_BP_3.jpg,https://www.waitrose.com/ecom/products/tate-lyle-fairtrade-icing-sugar/008253-3925-3926,Tate & Lyle Fairtrade Icing Sugar,1kg,£2.65,£2.65/kg,,Food Cupboard
626964,Waitrose Seed Berry & Goji Mix,G,false,734,https://ecom-su-static-prod.wtrecom.com/images/products/3/LN_626964_BP_3.jpg,https://www.waitrose.com/ecom/products/waitrose-seed-berry-goji-mix/626964-492043-492044,Waitrose Seed Berry & Goji Mix,180g,£2.50,£1.39/100g,,Food Cupboard
624055,Graze Lemon Blueberry Oat Boosts,G,false,735,https://ecom-su-static-prod.wtrecom.com/images/products/3/LN_624055_BP_3.jpg,https://www.waitrose.com/ecom/products/graze-lemon-blueberry-oat-boosts/624055-786182-786183,Graze Lemon Blueberry Oat Boosts,4x30g,£2.90,£2.42/100g,,Food Cupboard
697763,McVitie's Jaffa Cakes Original Triple Pack Biscuits,G,true,736,https://ecom-su-static-prod.wtrecom.com/images/products/3/LN_697763_BP_3.jpg,https://www.waitrose.com/ecom/products/mcvities-jaffa-cakes-original-triple-pack-biscuits/697763-688627-688628,McVitie's Jaffa Cakes Original Triple Pack Biscuits,30s,£2.25,7.5p each,save £1.05. Was £3.30,Food Cupboard
036284,Scott's Porage Old Fashioned Porridge Oats,G,true,737,https://ecom-su-static-prod.wtrecom.com/images/products/3/LN_036284_BP_3.jpg,https://www.waitrose.com/ecom/products/scotts-porage-old-fashioned-porridge-oats/036284-18201-18202,Scott's Porage Old Fashioned Porridge Oats,1kg,£2.95,29.5p/100g,Add 2 for £4,Food Cupboard
851847,Duchy Organic Pure Clear Honey,G,false,738,https://ecom-su-static-prod.wtrecom.com/images/products/3/LN_851847_BP_3.jpg,https://www.waitrose.com/ecom/products/duchy-organic-pure-clear-honey/851847-663204-663205,Duchy Organic Pure Clear Honey,340g,£3.70,£1.09/100g,,Food Cupboard
816280,La Española Extra Virgin Olive Oil,G,false,739,https://ecom-su-static-prod.wtrecom.com/images/products/3/LN_816280_BP_3.jpg,https://www.waitrose.com/ecom/products/la-espanola-extra-virgin-olive-oil/816280-496662-496663,La Española Extra Virgin Olive Oil,500ml,£8.00,£1.60/100ml,,Food Cupboard
586878,Waitrose Roasted Salted Cashews,G,false,740,https://ecom-su-static-prod.wtrecom.com/images/products/3/LN_586878_BP_3.jpg,https://www.waitrose.com/ecom/products/waitrose-roasted-salted-cashews/586878-782793-782794,Waitrose Roasted Salted Cashews,250g,£3.95,£1.58/100g,,Food Cupboard
008602,Waitrose Demerara Sugar,G,false,741,https://ecom-su-static-prod.wtrecom.com/images/products/3/LN_008602_BP_3.jpg,https://www.waitrose.com/ecom/products/waitrose-demerara-sugar/008602-4101-4102,Waitrose Demerara Sugar,1kg,£2.60,£2.60/kg,,Food Cupboard
753263,Rowse Runny Honey,G,false,742,https://ecom-su-static-prod.wtrecom.com/images/products/3/LN_753263_BP_3.jpg,https://www.waitrose.com/ecom/products/rowse-runny-honey/753263-566627-566628,Rowse Runny Honey,680g,£4.65,68.4p/100g,,Food Cupboard
568846,Waitrose Duchy Organic Almonds,G,false,743,https://ecom-su-static-prod.wtrecom.com/images/products/3/LN_568846_BP_3.jpg,https://www.waitrose.com/ecom/products/waitrose-duchy-organic-almonds/568846-753965-753966,Waitrose Duchy Organic Almonds,150g,£2.75,£1.84/100g,,Food Cupboard
556893,Waitrose All Butter Cheddar Cheese Nibbles,G,false,744,https://ecom-su-static-prod.wtrecom.com/images/products/3/LN_556893_BP_3.jpg,https://www.waitrose.com/ecom/products/waitrose-all-butter-cheddar-cheese-nibbles/556893-753905-753906,Waitrose All Butter Cheddar Cheese Nibbles,100g,£2.50,£2.50/100g,,Food Cupboard
022505,John West Wild Pacific Red Salmon,G,false,745,https://ecom-su-static-prod.wtrecom.com/images/products/3/LN_022505_BP_3.jpg,https://www.waitrose.com/ecom/products/john-west-wild-pacific-red-salmon/022505-10976-10977,John West Wild Pacific Red Salmon,213g,£4.25,£2/100g,,Food Cupboard
079795,Waitrose Pickled Cornichons & Onions,G,false,746,https://ecom-su-static-prod.wtrecom.com/images/products/3/LN_079795_BP_3.jpg,https://www.waitrose.com/ecom/products/waitrose-pickled-cornichons-onions/079795-40599-40600,Waitrose Pickled Cornichons & Onions,drained 150g,£1.40,93.3p/100g,,Food Cupboard
023188,Waitrose Brazil Nuts,G,false,747,https://ecom-su-static-prod.wtrecom.com/images/products/3/LN_023188_BP_3.jpg,https://www.waitrose.com/ecom/products/waitrose-brazil-nuts/023188-11269-11270,Waitrose Brazil Nuts,300g,£4.50,£1.50/100g,,Food Cupboard
544188,Crosta & Mollica Tarallini Fennel Seed,G,false,748,https://ecom-su-static-prod.wtrecom.com/images/products/3/LN_544188_BP_3.jpg,https://www.waitrose.com/ecom/products/crosta-mollica-tarallini-fennel-seed/544188-76934-76935,Crosta & Mollica Tarallini Fennel Seed,180g,£2.10,£1.17/100g,,Food Cupboard
002620,Waitrose Grissini Breadsticks Sesame Seed,G,false,749,https://ecom-su-static-prod.wtrecom.com/images/products/3/LN_002620_BP_3.jpg,https://www.waitrose.com/ecom/products/waitrose-grissini-breadsticks-sesame-seed/002620-900-901,Waitrose Grissini Breadsticks Sesame Seed,125g,£1.00,80p/100g,,Food Cupboard
054922,Waitrose Fruit Sherbets,G,false,750,https://ecom-su-static-prod.wtrecom.com/images/products/3/LN_054922_BP_3.jpg,https://www.waitrose.com/ecom/products/waitrose-fruit-sherbets/054922-27589-27590,Waitrose Fruit Sherbets,200g,£1.50,75p/100g,,Food Cupboard
433009,Wagamama Firecracker Stir Fry Sauce,G,false,751,https://ecom-su-static-prod.wtrecom.com/images/products/3/LN_433009_BP_3.jpg,https://www.waitrose.com/ecom/products/wagamama-firecracker-stir-fry-sauce/433009-758436-758437,Wagamama Firecracker Stir Fry Sauce,120g,£1.35,£1.13/100g,,Food Cupboard
009680,Ritter Sport Marzipan,G,false,752,https://ecom-su-static-prod.wtrecom.com/images/products/3/LN_009680_BP_3.jpg,https://www.waitrose.com/ecom/products/ritter-sport-marzipan/009680-4793-4794,Ritter Sport Marzipan,100g,£1.30,£1.30/100g,,Food Cupboard
716148,Duchy Organic Muesli with Raisins & Almonds,G,false,753,https://ecom-su-static-prod.wtrecom.com/images/products/3/LN_716148_BP_3.jpg,https://www.waitrose.com/ecom/products/duchy-organic-muesli-with-raisins-almonds/716148-164474-164475,Duchy Organic Muesli with Raisins & Almonds,750g,£3.00,40p/100g,,Food Cupboard
640581,Mr Organic Organic Chickpeas,G,true,754,https://ecom-su-static-prod.wtrecom.com/images/products/3/LN_640581_BP_3.jpg,https://www.waitrose.com/ecom/products/mr-organic-organic-chickpeas/640581-743848-743849,Mr Organic Organic Chickpeas,4x400g,£4.50,£2.82/kg,20% Off. Was £5.65,Food Cupboard
874851,Waitrose Sea Salted Popcorn,G,false,755,https://ecom-su-static-prod.wtrecom.com/images/products/3/LN_874851_BP_3.jpg,https://www.waitrose.com/ecom/products/waitrose-sea-salted-popcorn/874851-757081-757082,Waitrose Sea Salted Popcorn,80g,£1.20,£1.50/100g,,Food Cupboard
032354,Ben's Original Sweet & Sour Sauce,G,true,756,https://ecom-su-static-prod.wtrecom.com/images/products/3/LN_032354_BP_3.jpg,https://www.waitrose.com/ecom/products/bens-original-sweet-sour-sauce/032354-15775-15776,Ben's Original Sweet & Sour Sauce,450g,£2.65,58.9p/100g,Add 2 for £4,Food Cupboard
029143,Heinz Classic Vegetable Soup,G,true,757,https://ecom-su-static-prod.wtrecom.com/images/products/3/LN_029143_BP_3.jpg,https://www.waitrose.com/ecom/products/heinz-classic-vegetable-soup/029143-14211-14212,Heinz Classic Vegetable Soup,400g,£1.75,43.8p/100g,Add 3 for £4.50,Food Cupboard
738709,Kettle Chips Sea Salt & Balsamic Vinegar,G,true,758,https://ecom-su-static-prod.wtrecom.com/images/products/3/LN_738709_BP_3.jpg,https://www.waitrose.com/ecom/products/kettle-chips-sea-salt-balsamic-vinegar/738709-105006-105007,Kettle Chips Sea Salt & Balsamic Vinegar,5x25g,£1.75,£1.40/100g,save 65p. Was £2.40,Food Cupboard
006671,Waitrose Dried Apricots,G,false,759,https://ecom-su-static-prod.wtrecom.com/images/products/3/LN_006671_BP_3.jpg,https://www.waitrose.com/ecom/products/waitrose-dried-apricots/006671-2965-2966,Waitrose Dried Apricots,500g,£4.00,£8/kg,,Food Cupboard
087523,Ambrosia Rice Pudding,G,false,760,https://ecom-su-static-prod.wtrecom.com/images/products/3/LN_087523_BP_3.jpg,https://www.waitrose.com/ecom/products/ambrosia-rice-pudding/087523-44740-44741,Ambrosia Rice Pudding,4x125g,£2.95,59p/100g,,Food Cupboard
802838,Essential Mackerel in Spicy Tomato Sauce,G,false,761,https://ecom-su-static-prod.wtrecom.com/images/products/3/LN_802838_BP_3.jpg,https://www.waitrose.com/ecom/products/essential-mackerel-in-spicy-tomato-sauce/802838-245003-245004,Essential Mackerel in Spicy Tomato Sauce,125g,£1.00,80p/100g,,Food Cupboard
060629,No.1 Canadian Maple Syrup No2 Amber,G,false,762,https://ecom-su-static-prod.wtrecom.com/images/products/3/LN_060629_BP_3.jpg,https://www.waitrose.com/ecom/products/no1-canadian-maple-syrup-no2-amber/060629-30656-30657,No.1 Canadian Maple Syrup No2 Amber,330g,£5.60,£1.70/100g,,Food Cupboard
019162,Heinz Beef Ravioli in Tomato Sauce,G,true,763,https://ecom-su-static-prod.wtrecom.com/images/products/3/LN_019162_BP_3.jpg,https://www.waitrose.com/ecom/products/heinz-beef-ravioli-in-tomato-sauce/019162-9281-9282,Heinz Beef Ravioli in Tomato Sauce,400g,£2.00,£5/kg,Add 3 for £4.50,Food Cupboard
479233,Peter's Yard Rosemary Sourdough Crackers,G,false,764,https://ecom-su-static-prod.wtrecom.com/images/products/3/LN_479233_BP_3.jpg,https://www.waitrose.com/ecom/products/peters-yard-rosemary-sourdough-crackers/479233-780229-780230,Peter's Yard Rosemary Sourdough Crackers,90g,£2.65,£2.95/100g,,Food Cupboard
484556,Cooks' Ingredients Paprika,G,false,765,https://ecom-su-static-prod.wtrecom.com/images/products/3/LN_484556_BP_3.jpg,https://www.waitrose.com/ecom/products/cooks-ingredients-paprika/484556-784854-784855,Cooks' Ingredients Paprika,45g,£1.60,35.6p/10g,,Food Cupboard
026094,Hartley's Jelly Strawberry,G,false,766,https://ecom-su-static-prod.wtrecom.com/images/products/3/LN_026094_BP_3.jpg,https://www.waitrose.com/ecom/products/hartleys-jelly-strawberry/026094-12705-12706,Hartley's Jelly Strawberry,135g,£1.00,74.1p/100g,,Food Cupboard
028285,Walkers Baked Salt & Vinegar Crisps Multipack Snacks,G,true,767,https://ecom-su-static-prod.wtrecom.com/images/products/3/LN_028285_BP_3.jpg,https://www.waitrose.com/ecom/products/walkers-baked-salt-vinegar-crisps-multipack-snacks/028285-13763-13764,Walkers Baked Salt & Vinegar Crisps Multipack Snacks,6x22g,£2.25,£1.71/100g,Add 2 for £3.25,Food Cupboard
079772,Bens Original RTH Mexican,G,true,768,https://ecom-su-static-prod.wtrecom.com/images/products/3/LN_079772_BP_3.jpg,https://www.waitrose.com/ecom/products/bens-original-rth-mexican/079772-40591-40592,Bens Original RTH Mexican,220g,£1.45,£6.60/kg,Add 2 for £2.50,Food Cupboard
012958,Loyd Grossman Tomato & Roasted Garlic Sauce,G,true,769,https://ecom-su-static-prod.wtrecom.com/images/products/3/LN_012958_BP_3.jpg,https://www.waitrose.com/ecom/products/loyd-grossman-tomato-roasted-garlic-sauce/012958-6312-6313,Loyd Grossman Tomato & Roasted Garlic Sauce,350g,£1.75,50p/100g,save £1.25. Was £3.00,Food Cupboard
003511,KP Original Salted Peanuts,G,true,770,https://ecom-su-static-prod.wtrecom.com/images/products/3/LN_003511_BP_3.jpg,https://www.waitrose.com/ecom/products/kp-original-salted-peanuts/003511-1401-1402,KP Original Salted Peanuts,250g,£3.25,£1.30/100g,Add 2 for £5.50,Food Cupboard
097445,Waitrose Roasted Chopped Hazelnuts,G,false,771,https://ecom-su-static-prod.wtrecom.com/images/products/3/LN_097445_BP_3.jpg,https://www.waitrose.com/ecom/products/waitrose-roasted-chopped-hazelnuts/097445-49761-49762,Waitrose Roasted Chopped Hazelnuts,100g,£2.25,£2.25/100g,,Food Cupboard
675451,Princes Corned Beef,G,false,772,https://ecom-su-static-prod.wtrecom.com/images/products/3/LN_675451_BP_3.jpg,https://www.waitrose.com/ecom/products/princes-corned-beef/675451-95907-95908,Princes Corned Beef,340g,£3.70,£1.09/100g,,Food Cupboard
561503,Whole Earth Crunchy Peanut Butter,G,false,773,https://ecom-su-static-prod.wtrecom.com/images/products/3/LN_561503_BP_3.jpg,https://www.waitrose.com/ecom/products/whole-earth-crunchy-peanut-butter/561503-518910-518911,Whole Earth Crunchy Peanut Butter,454g,£4.75,£1.05/100g,,Food Cupboard
002834,Cadbury Brunch Bar Raisin,G,false,774,https://ecom-su-static-prod.wtrecom.com/images/products/3/LN_002834_BP_3.jpg,https://www.waitrose.com/ecom/products/cadbury-brunch-bar-raisin/002834-1022-1023,Cadbury Brunch Bar Raisin,5x32g,£1.55,96.9p/100g,,Food Cupboard
877601,Waitrose Essential Apricot Wheats,G,false,775,https://ecom-su-static-prod.wtrecom.com/images/products/3/LN_877601_BP_3.jpg,https://www.waitrose.com/ecom/products/waitrose-essential-apricot-wheats/877601-823378-823379,Waitrose Essential Apricot Wheats,500g,£2.00,40p/100g,,Food Cupboard
852666,Waitrose Original Porridge Pot,G,false,776,https://ecom-su-static-prod.wtrecom.com/images/products/3/LN_852666_BP_3.jpg,https://www.waitrose.com/ecom/products/waitrose-original-porridge-pot/852666-479677-479678,Waitrose Original Porridge Pot,60g,75p,£1.25/100g,,Food Cupboard
591792,Princes Corned Beef,G,false,777,https://ecom-su-static-prod.wtrecom.com/images/products/3/LN_591792_BP_3.jpg,https://www.waitrose.com/ecom/products/princes-corned-beef/591792-229885-229886,Princes Corned Beef,200g,£3.00,£1.50/100g,,Food Cupboard
629679,Billington's Golden Caster Sugar,G,true,778,https://ecom-su-static-prod.wtrecom.com/images/products/3/LN_629679_BP_3.jpg,https://www.waitrose.com/ecom/products/billingtons-golden-caster-sugar/629679-343214-343215,Billington's Golden Caster Sugar,1kg,£2.00,£2/kg,save 85p. Was £2.85,Food Cupboard
060345,Branston Original Pickle,G,false,779,https://ecom-su-static-prod.wtrecom.com/images/products/3/LN_060345_BP_3.jpg,https://www.waitrose.com/ecom/products/branston-original-pickle/060345-30520-30521,Branston Original Pickle,360g,£2.20,61.1p/100g,,Food Cupboard
544684,Bonne Maman Black Cherry Conserve,G,false,780,https://ecom-su-static-prod.wtrecom.com/images/products/3/LN_544684_BP_3.jpg,https://www.waitrose.com/ecom/products/bonne-maman-black-cherry-conserve/544684-353736-353737,Bonne Maman Black Cherry Conserve,370g,£3.60,97.3p/100g,,Food Cupboard
499648,Urban Fruit No Added Sugar Baked Mango,G,true,781,https://ecom-su-static-prod.wtrecom.com/images/products/3/LN_499648_BP_3.jpg,https://www.waitrose.com/ecom/products/urban-fruit-no-added-sugar-baked-mango/499648-271362-271363,Urban Fruit No Added Sugar Baked Mango,100g,£2.75,£2.75/100g,Add 2 for £4.20,Food Cupboard
020133,Essential Peach Slices in Light Syrup,G,false,782,https://ecom-su-static-prod.wtrecom.com/images/products/3/LN_020133_BP_3.jpg,https://www.waitrose.com/ecom/products/essential-peach-slices-in-light-syrup/020133-9801-9802,Essential Peach Slices in Light Syrup,drained 248g,£1.15,£4.64/kg,,Food Cupboard
004556,Frank Cooper's Original Oxford Marmalade,G,false,783,https://ecom-su-static-prod.wtrecom.com/images/products/3/LN_004556_BP_3.jpg,https://www.waitrose.com/ecom/products/frank-coopers-original-oxford-marmalade/004556-1933-1934,Frank Cooper's Original Oxford Marmalade,454g,£2.95,65p/100g,,Food Cupboard
738068,Ryvita Thins Multi-Seed Flatbread Crackers,G,true,784,https://ecom-su-static-prod.wtrecom.com/images/products/3/LN_738068_BP_3.jpg,https://www.waitrose.com/ecom/products/ryvita-thins-multi-seed-flatbread-crackers/738068-104918-104919,Ryvita Thins Multi-Seed Flatbread Crackers,125g,£1.25,£1/100g,save 95p. Was £2.20,Food Cupboard
034470,Mrs Elswood Haimisha Cucumbers,G,false,785,https://ecom-su-static-prod.wtrecom.com/images/products/3/LN_034470_BP_3.jpg,https://www.waitrose.com/ecom/products/mrs-elswood-haimisha-cucumbers/034470-17297-17298,Mrs Elswood Haimisha Cucumbers,drained 360g,£2.80,77.8p/100g,,Food Cupboard
023105,Kallo Organic Vegetable Low Salt Stock Cubes,G,false,786,https://ecom-su-static-prod.wtrecom.com/images/products/3/LN_023105_BP_3.jpg,https://www.waitrose.com/ecom/products/kallo-organic-vegetable-low-salt-stock-cubes/023105-11241-11242,Kallo Organic Vegetable Low Salt Stock Cubes,60g,£1.55,£2.59/100g,,Food Cupboard
431987,Bisto Best Beef Gravy Granules,G,false,787,https://ecom-su-static-prod.wtrecom.com/images/products/3/LN_431987_BP_3.jpg,https://www.waitrose.com/ecom/products/bisto-best-beef-gravy-granules/431987-711062-711063,Bisto Best Beef Gravy Granules,230g,£4.00,£1.74/100g,,Food Cupboard
029137,Heinz Classic Oxtail Soup,G,true,788,https://ecom-su-static-prod.wtrecom.com/images/products/3/LN_029137_BP_3.jpg,https://www.waitrose.com/ecom/products/heinz-classic-oxtail-soup/029137-14205-14206,Heinz Classic Oxtail Soup,400g,£1.75,43.8p/100g,Add 3 for £4.50,Food Cupboard
582157,Mister Free'd Gluten Free Avocado Tortilla Chips,G,false,789,https://ecom-su-static-prod.wtrecom.com/images/products/3/LN_582157_BP_3.jpg,https://www.waitrose.com/ecom/products/mister-freed-gluten-free-avocado-tortilla-chips/582157-749673-749674,Mister Free'd Gluten Free Avocado Tortilla Chips,135g,£2.10,£1.56/100g,,Food Cupboard
007835,Marmite Yeast Extract Spread,G,false,790,https://ecom-su-static-prod.wtrecom.com/images/products/3/LN_007835_BP_3.jpg,https://www.waitrose.com/ecom/products/marmite-yeast-extract-spread/007835-3719-3720,Marmite Yeast Extract Spread,500g,£6.15,£1.23/100g,,Food Cupboard
099260,Essential Redcurrant Jelly,G,false,791,https://ecom-su-static-prod.wtrecom.com/images/products/3/LN_099260_BP_3.jpg,https://www.waitrose.com/ecom/products/essential-redcurrant-jelly/099260-50611-50612,Essential Redcurrant Jelly,340g,£1.50,44.1p/100g,,Food Cupboard
376360,"Merchant Gourmet Brown, Red & Wild Wholegrain Rice",G,true,792,https://ecom-su-static-prod.wtrecom.com/images/products/3/LN_376360_BP_3.jpg,https://www.waitrose.com/ecom/products/merchant-gourmet-brown-red-wild-wholegrain-rice/376360-826722-826723,"Merchant Gourmet Brown, Red & Wild Wholegrain Rice",250g,£1.50,£6/kg,Introductory Offer.Will be £2.00,Food Cupboard
649088,Tiptree 'Old Times' Orange Marmalade,G,false,793,https://ecom-su-static-prod.wtrecom.com/images/products/3/LN_649088_BP_3.jpg,https://www.waitrose.com/ecom/products/tiptree-old-times-orange-marmalade/649088-801170-801171,Tiptree 'Old Times' Orange Marmalade,340g,£2.80,82.4p/100g,,Food Cupboard
597053,Whitworths Sunny Raisin Snack Pack,G,true,794,https://ecom-su-static-prod.wtrecom.com/images/products/3/LN_597053_BP_3.jpg,https://www.waitrose.com/ecom/products/whitworths-sunny-raisin-snack-pack/597053-84632-84633,Whitworths Sunny Raisin Snack Pack,196g,£2.50,£1.28/100g,Add 2 for £3.50,Food Cupboard
524734,Tilda Basmati & Quinoa Wholegrain Rice,G,true,795,https://ecom-su-static-prod.wtrecom.com/images/products/3/LN_524734_BP_3.jpg,https://www.waitrose.com/ecom/products/tilda-basmati-quinoa-wholegrain-rice/524734-367742-367743,Tilda Basmati & Quinoa Wholegrain Rice,250g,£1.00,£4/kg,save 85p. Was £1.85,Food Cupboard
565042,Graze Cocoa Vanilla Oat Boosts,G,false,796,https://ecom-su-static-prod.wtrecom.com/images/products/3/LN_565042_BP_3.jpg,https://www.waitrose.com/ecom/products/graze-cocoa-vanilla-oat-boosts/565042-589217-589218,Graze Cocoa Vanilla Oat Boosts,4x30g,£2.90,£2.42/100g,,Food Cupboard
728190,Dorset Cereals Honey Granola Breakfast Cereal,G,false,797,https://ecom-su-static-prod.wtrecom.com/images/products/3/LN_728190_BP_3.jpg,https://www.waitrose.com/ecom/products/dorset-cereals-honey-granola-breakfast-cereal/728190-808086-808087,Dorset Cereals Honey Granola Breakfast Cereal,450g,£3.75,83.3p/100g,,Food Cupboard
035231,Green & Black's Organic Hazelnut & Currant Dark Chocolate Bar,G,false,798,https://ecom-su-static-prod.wtrecom.com/images/products/3/LN_035231_BP_3.jpg,https://www.waitrose.com/ecom/products/green-blacks-organic-hazelnut-currant-dark-chocolate-bar/035231-17745-17746,Green & Black's Organic Hazelnut & Currant Dark Chocolate Bar,90g,£2.50,£2.78/100g,,Food Cupboard
072194,Duchy Organic Maple Syrup No.1 Medium,G,false,799,https://ecom-su-static-prod.wtrecom.com/images/products/3/LN_072194_BP_3.jpg,https://www.waitrose.com/ecom/products/duchy-organic-maple-syrup-no1-medium/072194-36649-36650,Duchy Organic Maple Syrup No.1 Medium,330g,£5.95,£1.81/100g,,Food Cupboard
002572,De Cecco Conchiglie Rigate,G,false,800,https://ecom-su-static-prod.wtrecom.com/images/products/3/LN_002572_BP_3.jpg,https://www.waitrose.com/ecom/products/de-cecco-conchiglie-rigate/002572-868-869,De Cecco Conchiglie Rigate,500g,£2.00,£4/kg,,Food Cupboard
630690,Waitrose Coconut & Lemongrass Sauce,G,true,801,https://ecom-su-static-prod.wtrecom.com/images/products/3/LN_630690_BP_3.jpg,https://www.waitrose.com/ecom/products/waitrose-coconut-lemongrass-sauce/630690-824568-824569,Waitrose Coconut & Lemongrass Sauce,150g,£1.15,76.7p/100g,"£7 Stir Fry Meal Deal: Add protein, veg, sauce & rice or noodles",Food Cupboard
669570,Proper Corn Sweet & Salty,G,true,802,https://ecom-su-static-prod.wtrecom.com/images/products/3/LN_669570_BP_3.jpg,https://www.waitrose.com/ecom/products/proper-corn-sweet-salty/669570-347808-347809,Proper Corn Sweet & Salty,90g,£1.50,£1.67/100g,save 50p. Was £2.00,Food Cupboard
417920,Heinz Tomato Ketchup,G,false,803,https://ecom-su-static-prod.wtrecom.com/images/products/3/LN_417920_BP_3.jpg,https://www.waitrose.com/ecom/products/heinz-tomato-ketchup/417920-726945-726946,Heinz Tomato Ketchup,910g,£4.50,49.5p/100g,,Food Cupboard
477389,Waitrose Roasted & Salted Cashew Nuts Can,G,false,804,https://ecom-su-static-prod.wtrecom.com/images/products/3/LN_477389_BP_3.jpg,https://www.waitrose.com/ecom/products/waitrose-roasted-salted-cashew-nuts-can/477389-818367-818368,Waitrose Roasted & Salted Cashew Nuts Can,300g,£5.00,£1.67/100g,,Food Cupboard
869255,Galaxy Minstrels Large Pouch,G,false,805,https://ecom-su-static-prod.wtrecom.com/images/products/3/LN_869255_BP_3.jpg,https://www.waitrose.com/ecom/products/galaxy-minstrels-large-pouch/869255-694878-694879,Galaxy Minstrels Large Pouch,217g,£3.45,£1.59/100g,,Food Cupboard
404924,Stoats 4 Apple & Cinnamon Porridge Oat Bars,G,false,806,https://ecom-su-static-prod.wtrecom.com/images/products/3/LN_404924_BP_3.jpg,https://www.waitrose.com/ecom/products/stoats-4-apple-cinnamon-porridge-oat-bars/404924-313741-313742,Stoats 4 Apple & Cinnamon Porridge Oat Bars,4x42g,£2.40,£1.43/100g,,Food Cupboard
579175,Waitrose Egg Fried Rice,G,false,807,https://ecom-su-static-prod.wtrecom.com/images/products/3/LN_579175_BP_3.jpg,https://www.waitrose.com/ecom/products/waitrose-egg-fried-rice/579175-695070-695071,Waitrose Egg Fried Rice,250g,85p,£3.40/kg,,Food Cupboard
080222,Sharwood's Plain Mini Naans,G,false,808,https://ecom-su-static-prod.wtrecom.com/images/products/3/LN_080222_BP_3.jpg,https://www.waitrose.com/ecom/products/sharwoods-plain-mini-naans/080222-40788-40789,Sharwood's Plain Mini Naans,4s,£2.00,50p each,,Food Cupboard
096543,Weetabix Oatibix Biscuits,G,false,809,https://ecom-su-static-prod.wtrecom.com/images/products/3/LN_096543_BP_3.jpg,https://www.waitrose.com/ecom/products/weetabix-oatibix-biscuits/096543-49380-49381,Weetabix Oatibix Biscuits,24s,£4.00,16.7p each,,Food Cupboard
624204,Off the Eaten Path Balsamic Vinegar Bean Sticks,G,true,810,https://ecom-su-static-prod.wtrecom.com/images/products/3/LN_624204_BP_3.jpg,https://www.waitrose.com/ecom/products/off-the-eaten-path-balsamic-vinegar-bean-sticks/624204-727358-727359,Off the Eaten Path Balsamic Vinegar Bean Sticks,100g,£1.75,£1.75/100g,save 90p. Was £2.65,Food Cupboard
385922,nakd. Berry Delight Fruit & Nut Bars Multipack,G,false,811,https://ecom-su-static-prod.wtrecom.com/images/products/3/LN_385922_BP_3.jpg,https://www.waitrose.com/ecom/products/nakd-berry-delight-fruit-nut-bars-multipack/385922-134835-134836,nakd. Berry Delight Fruit & Nut Bars Multipack,4x35g,£3.15,£2.25/100g,,Food Cupboard
874038,Kellogg's Cereal Variety 8 Pack Breakfast Cereal,G,true,812,https://ecom-su-static-prod.wtrecom.com/images/products/3/LN_874038_BP_3.jpg,https://www.waitrose.com/ecom/products/kelloggs-cereal-variety-8-pack-breakfast-cereal/874038-182177-182178,Kellogg's Cereal Variety 8 Pack Breakfast Cereal,196g,£1.75,89.3p/100g,save £1.40. Was £3.15,Food Cupboard
799396,Waitrose Roasted & Salted Mixed Nuts Can,G,false,813,https://ecom-su-static-prod.wtrecom.com/images/products/3/LN_799396_BP_3.jpg,https://www.waitrose.com/ecom/products/waitrose-roasted-salted-mixed-nuts-can/799396-819047-819048,Waitrose Roasted & Salted Mixed Nuts Can,300g,£5.00,£1.67/100g,,Food Cupboard
498155,Waitrose Pistachio Kernels,G,false,814,https://ecom-su-static-prod.wtrecom.com/images/products/3/LN_498155_BP_3.jpg,https://www.waitrose.com/ecom/products/waitrose-pistachio-kernels/498155-491957-491958,Waitrose Pistachio Kernels,150g,£4.25,£2.84/100g,,Food Cupboard
659679,Quaker Oat So Simple Golden Syrup Porridge Pot,G,true,815,https://ecom-su-static-prod.wtrecom.com/images/products/3/LN_659679_BP_3.jpg,https://www.waitrose.com/ecom/products/quaker-oat-so-simple-golden-syrup-porridge-pot/659679-151595-151596,Quaker Oat So Simple Golden Syrup Porridge Pot,57g,£1.35,£2.37/100g,Add 4 for £4,Food Cupboard
694939,Waitrose Honey & Mustard Dressing,G,false,816,https://ecom-su-static-prod.wtrecom.com/images/products/3/LN_694939_BP_3.jpg,https://www.waitrose.com/ecom/products/waitrose-honey-mustard-dressing/694939-98669-98670,Waitrose Honey & Mustard Dressing,235ml,£2.20,93.6p/100ml,,Food Cupboard
021639,Waitrose Brazil Nuts,G,false,817,https://ecom-su-static-prod.wtrecom.com/images/products/3/LN_021639_BP_3.jpg,https://www.waitrose.com/ecom/products/waitrose-brazil-nuts/021639-10564-10565,Waitrose Brazil Nuts,150g,£2.75,£1.84/100g,,Food Cupboard
884544,Popchips Sour Cream & Onion,G,false,818,https://ecom-su-static-prod.wtrecom.com/images/products/3/LN_884544_BP_3.jpg,https://www.waitrose.com/ecom/products/popchips-sour-cream-onion/884544-628526-628527,Popchips Sour Cream & Onion,5x17g,£2.35,£2.77/100g,,Food Cupboard
886544,Kallo Organic Very Low Salt Chicken 6 Cubes,G,false,819,https://ecom-su-static-prod.wtrecom.com/images/products/3/LN_886544_BP_3.jpg,https://www.waitrose.com/ecom/products/kallo-organic-very-low-salt-chicken-6-cubes/886544-230119-230120,Kallo Organic Very Low Salt Chicken 6 Cubes,48g,£1.55,£3.23/100g,,Food Cupboard
022440,Glenryck Pilchards in Tomato Sauce,G,false,820,https://ecom-su-static-prod.wtrecom.com/images/products/3/LN_022440_BP_3.jpg,https://www.waitrose.com/ecom/products/glenryck-pilchards-in-tomato-sauce/022440-10934-10935,Glenryck Pilchards in Tomato Sauce,155g,75p,48.4p/100g,,Food Cupboard
846604,"Waitrose White Choc, Lemon All Butter Cookies",G,false,821,https://ecom-su-static-prod.wtrecom.com/images/products/3/LN_846604_BP_3.jpg,https://www.waitrose.com/ecom/products/waitrose-white-choc-lemon-all-butter-cookies/846604-499540-499541,"Waitrose White Choc, Lemon All Butter Cookies",200g,£2.30,£1.15/100g,,Food Cupboard
870275,Popchips Sour Cream & Onion,G,true,822,https://ecom-su-static-prod.wtrecom.com/images/products/3/LN_870275_BP_3.jpg,https://www.waitrose.com/ecom/products/popchips-sour-cream-onion/870275-168814-168815,Popchips Sour Cream & Onion,85g,£1.50,£1.77/100g,save 75p. Was £2.25,Food Cupboard
005167,Allinson's Easy Bake Yeast,G,false,823,https://ecom-su-static-prod.wtrecom.com/images/products/3/LN_005167_BP_3.jpg,https://www.waitrose.com/ecom/products/allinsons-easy-bake-yeast/005167-2231-2232,Allinson's Easy Bake Yeast,6x7g,£1.40,£33.34/kg,,Food Cupboard
002354,Jacob's TUC Original Snack Crackers,G,false,824,https://ecom-su-static-prod.wtrecom.com/images/products/3/LN_002354_BP_3.jpg,https://www.waitrose.com/ecom/products/jacobs-tuc-original-snack-crackers/002354-756-757,Jacob's TUC Original Snack Crackers,150g,£1.60,£1.07/100g,,Food Cupboard
017483,Waitrose Sliced Artichoke Hearts,G,false,825,https://ecom-su-static-prod.wtrecom.com/images/products/3/LN_017483_BP_3.jpg,https://www.waitrose.com/ecom/products/waitrose-sliced-artichoke-hearts/017483-8480-8481,Waitrose Sliced Artichoke Hearts,280g,£3.70,£1.33/100g,,Food Cupboard
578280,itsu Crispy Seaweed Thins Sea Salt,G,false,826,https://ecom-su-static-prod.wtrecom.com/images/products/3/LN_578280_BP_3.jpg,https://www.waitrose.com/ecom/products/itsu-crispy-seaweed-thins-sea-salt/578280-813682-813683,itsu Crispy Seaweed Thins Sea Salt,4x5g,£3.00,£15/100g,,Food Cupboard
519110,Rude Health Organic Ultimate Granola,G,true,827,https://ecom-su-static-prod.wtrecom.com/images/products/3/LN_519110_BP_3.jpg,https://www.waitrose.com/ecom/products/rude-health-organic-ultimate-granola/519110-741739-741740,Rude Health Organic Ultimate Granola,400g,£2.80,70p/100g,Save 1/3. Was £4.20,Food Cupboard
003303,Jordans Country Crisp Raspberry Cereal,G,true,828,https://ecom-su-static-prod.wtrecom.com/images/products/3/LN_003303_BP_3.jpg,https://www.waitrose.com/ecom/products/jordans-country-crisp-raspberry-cereal/003303-1267-1268,Jordans Country Crisp Raspberry Cereal,500g,£2.50,50p/100g,save £1.30. Was £3.80,Food Cupboard
714948,Ortiz White Tuna in Olive Oil,G,false,829,https://ecom-su-static-prod.wtrecom.com/images/products/3/LN_714948_BP_3.jpg,https://www.waitrose.com/ecom/products/ortiz-white-tuna-in-olive-oil/714948-101598-101599,Ortiz White Tuna in Olive Oil,drained 82g,£4.60,£5.61/100g,,Food Cupboard
032585,Ben's Original Long Grain Rice,G,true,830,https://ecom-su-static-prod.wtrecom.com/images/products/3/LN_032585_BP_3.jpg,https://www.waitrose.com/ecom/products/bens-original-long-grain-rice/032585-15929-15930,Ben's Original Long Grain Rice,220g,£1.20,£5.46/kg,Add 2 for £2,Food Cupboard
439808,The Snack Organisation Teriyaki Rice Crackers,G,false,831,https://ecom-su-static-prod.wtrecom.com/images/products/3/LN_439808_BP_3.jpg,https://www.waitrose.com/ecom/products/the-snack-organisation-teriyaki-rice-crackers/439808-606376-606377,The Snack Organisation Teriyaki Rice Crackers,100g,£1.20,£1.20/100g,,Food Cupboard
515113,Waitrose Cream of Petits Pois & Bacon Soup,G,false,832,https://ecom-su-static-prod.wtrecom.com/images/products/3/LN_515113_BP_3.jpg,https://www.waitrose.com/ecom/products/waitrose-cream-of-petits-pois-bacon-soup/515113-696520-696521,Waitrose Cream of Petits Pois & Bacon Soup,400g,£1.10,27.5p/100g,,Food Cupboard
034477,Essential Stuffed Green Olives,G,false,833,https://ecom-su-static-prod.wtrecom.com/images/products/3/LN_034477_BP_3.jpg,https://www.waitrose.com/ecom/products/essential-stuffed-green-olives/034477-17305-17306,Essential Stuffed Green Olives,drained 190g,£1.75,92.1p/100g,,Food Cupboard
764503,Nestlé Bitesize Shredded Wheat,G,true,834,https://ecom-su-static-prod.wtrecom.com/images/products/3/LN_764503_BP_3.jpg,https://www.waitrose.com/ecom/products/nestle-bitesize-shredded-wheat/764503-753080-753081,Nestlé Bitesize Shredded Wheat,370g,£2.00,54.1p/100g,save 90p. Was £2.90,Food Cupboard
053339,Groovy Food Light Amber & Mild Agave Nectar,G,false,835,https://ecom-su-static-prod.wtrecom.com/images/products/3/LN_053339_BP_3.jpg,https://www.waitrose.com/ecom/products/groovy-food-light-amber-mild-agave-nectar/053339-26669-26670,Groovy Food Light Amber & Mild Agave Nectar,250ml,£3.00,£1.20/100ml,,Food Cupboard
720820,Waitrose Rice Noodles,G,false,836,https://ecom-su-static-prod.wtrecom.com/images/products/3/LN_720820_BP_3.jpg,https://www.waitrose.com/ecom/products/waitrose-rice-noodles/720820-767510-767511,Waitrose Rice Noodles,180g,£1.25,69.4p/100g,,Food Cupboard
496746,Cooks' Ingredients Lime Juice,G,false,837,https://ecom-su-static-prod.wtrecom.com/images/products/3/LN_496746_BP_3.jpg,https://www.waitrose.com/ecom/products/cooks-ingredients-lime-juice/496746-801116-801117,Cooks' Ingredients Lime Juice,200ml,75p,37.5p/100ml,,Food Cupboard
019701,Essential Plum Tomatoes in Natural Juice,G,false,838,https://ecom-su-static-prod.wtrecom.com/images/products/3/LN_019701_BP_3.jpg,https://www.waitrose.com/ecom/products/essential-plum-tomatoes-in-natural-juice/019701-9567-9568,Essential Plum Tomatoes in Natural Juice,230g,50p,£2.18/kg,,Food Cupboard
990425,Ritz Original Crackers,G,false,839,https://ecom-su-static-prod.wtrecom.com/images/products/3/LN_990425_BP_3.jpg,https://www.waitrose.com/ecom/products/ritz-original-crackers/990425-826922-826923,Ritz Original Crackers,150g,£1.75,£1.17/100g,,Food Cupboard
745465,Quaker Oat So Simple Golden Syrup Porridge Sachets,G,true,840,https://ecom-su-static-prod.wtrecom.com/images/products/3/LN_745465_BP_3.jpg,https://www.waitrose.com/ecom/products/quaker-oat-so-simple-golden-syrup-porridge-sachets/745465-105972-105973,Quaker Oat So Simple Golden Syrup Porridge Sachets,360g,£3.50,97.2p/100g,Add 2 for £4.50,Food Cupboard
003158,Skips Prawn Cocktail,G,false,841,https://ecom-su-static-prod.wtrecom.com/images/products/3/LN_003158_BP_3.jpg,https://www.waitrose.com/ecom/products/skips-prawn-cocktail/003158-1176-1177,Skips Prawn Cocktail,6x13.1g,£1.60,£2.04/100g,,Food Cupboard
028666,Bonne Maman Strawberry & Wild Strawberry Conserve,G,false,842,https://ecom-su-static-prod.wtrecom.com/images/products/3/LN_028666_BP_3.jpg,https://www.waitrose.com/ecom/products/bonne-maman-strawberry-wild-strawberry-conserve/028666-13976-13977,Bonne Maman Strawberry & Wild Strawberry Conserve,370g,£3.60,97.3p/100g,,Food Cupboard
762374,Cooks' Ingredients Soffritto Passata,G,false,843,https://ecom-su-static-prod.wtrecom.com/images/products/3/LN_762374_BP_3.jpg,https://www.waitrose.com/ecom/products/cooks-ingredients-soffritto-passata/762374-108407-108408,Cooks' Ingredients Soffritto Passata,690g,£2.90,£4.21/kg,,Food Cupboard
092219,Essential Pitted Black Olives,G,false,844,https://ecom-su-static-prod.wtrecom.com/images/products/3/LN_092219_BP_3.jpg,https://www.waitrose.com/ecom/products/essential-pitted-black-olives/092219-47456-47457,Essential Pitted Black Olives,drained 450g,£3.35,74.4p/100g,,Food Cupboard
024252,Marigold Vegetable Bouillon Powder Original,G,false,845,https://ecom-su-static-prod.wtrecom.com/images/products/3/LN_024252_BP_3.jpg,https://www.waitrose.com/ecom/products/marigold-vegetable-bouillon-powder-original/024252-11774-11775,Marigold Vegetable Bouillon Powder Original,150g,£2.45,£1.64/100g,,Food Cupboard
059214,McCoy's Ridge Cut Salt & Malt Vinegar,G,true,846,https://ecom-su-static-prod.wtrecom.com/images/products/3/LN_059214_BP_3.jpg,https://www.waitrose.com/ecom/products/mccoys-ridge-cut-salt-malt-vinegar/059214-29811-29812,McCoy's Ridge Cut Salt & Malt Vinegar,6x25g,£1.75,£1.17/100g,save 60p. Was £2.35,Food Cupboard
651390,Old El Paso 12 Crunchy Taco Shells,G,false,847,https://ecom-su-static-prod.wtrecom.com/images/products/3/LN_651390_BP_3.jpg,https://www.waitrose.com/ecom/products/old-el-paso-12-crunchy-taco-shells/651390-92463-92464,Old El Paso 12 Crunchy Taco Shells,156g,£2.25,£1.45/100g,,Food Cupboard
001182,Tilda Lime & Coriander Basmati Rice,G,true,848,https://ecom-su-static-prod.wtrecom.com/images/products/3/LN_001182_BP_3.jpg,https://www.waitrose.com/ecom/products/tilda-lime-coriander-basmati-rice/001182-125-126,Tilda Lime & Coriander Basmati Rice,250g,£1.00,£4/kg,save 85p. Was £1.85,Food Cupboard
688033,Waitrose Free From Gluten Free Porridge Oats,G,false,849,https://ecom-su-static-prod.wtrecom.com/images/products/3/LN_688033_BP_3.jpg,https://www.waitrose.com/ecom/products/waitrose-free-from-gluten-free-porridge-oats/688033-791165-791166,Waitrose Free From Gluten Free Porridge Oats,400g,£1.90,47.5p/100g,,Food Cupboard
034687,Kikkoman Soy Sauce,G,false,850,https://ecom-su-static-prod.wtrecom.com/images/products/3/LN_034687_BP_3.jpg,https://www.waitrose.com/ecom/products/kikkoman-soy-sauce/034687-17471-17472,Kikkoman Soy Sauce,150ml,£3.00,£2/100ml,,Food Cupboard
732586,Patak's Plain Pappadums,G,true,851,https://ecom-su-static-prod.wtrecom.com/images/products/3/LN_732586_BP_3.jpg,https://www.waitrose.com/ecom/products/pataks-plain-pappadums/732586-140492-140493,Patak's Plain Pappadums,8s,£1.85,23.1p each,20% Off. Was £2.35,Food Cupboard
568907,Filippo Berio Extra Virgin Olive Oil,G,false,852,https://ecom-su-static-prod.wtrecom.com/images/products/3/LN_568907_BP_3.jpg,https://www.waitrose.com/ecom/products/filippo-berio-extra-virgin-olive-oil/568907-721264-721265,Filippo Berio Extra Virgin Olive Oil,750ml,£13.65,£1.82/100ml,,Food Cupboard
493856,Waitrose Wholewheat Couscous,G,false,853,https://ecom-su-static-prod.wtrecom.com/images/products/3/LN_493856_BP_3.jpg,https://www.waitrose.com/ecom/products/waitrose-wholewheat-couscous/493856-135423-135424,Waitrose Wholewheat Couscous,500g,£1.50,£3/kg,,Food Cupboard
858491,Cooks' Ingredients Coarse Black Pepper,G,true,854,https://ecom-su-static-prod.wtrecom.com/images/products/3/LN_858491_BP_3.jpg,https://www.waitrose.com/ecom/products/cooks-ingredients-coarse-black-pepper/858491-785238-785239,Cooks' Ingredients Coarse Black Pepper,38g,£1.60,42.1p/10g,Add 2 for £2.75,Food Cupboard
678596,Smarties Milk Chocolate Sharing Bag,G,false,855,https://ecom-su-static-prod.wtrecom.com/images/products/3/LN_678596_BP_3.jpg,https://www.waitrose.com/ecom/products/smarties-milk-chocolate-sharing-bag/678596-496476-496477,Smarties Milk Chocolate Sharing Bag,105g,£1.85,£1.77/100g,,Food Cupboard
664211,Maryland Chocolate Chip Cookies,G,false,856,https://ecom-su-static-prod.wtrecom.com/images/products/3/LN_664211_BP_3.jpg,https://www.waitrose.com/ecom/products/maryland-chocolate-chip-cookies/664211-138774-138775,Maryland Chocolate Chip Cookies,200g,£1.60,80p/100g,,Food Cupboard
614804,Pip & Nut Crunchy Peanut Butter,G,false,857,https://ecom-su-static-prod.wtrecom.com/images/products/3/LN_614804_BP_3.jpg,https://www.waitrose.com/ecom/products/pip-nut-crunchy-peanut-butter/614804-785730-785731,Pip & Nut Crunchy Peanut Butter,300g,£3.25,£1.09/100g,,Food Cupboard
573461,The Natural Confectionery Co. Jelly Snakes Sweets Bag,G,false,858,https://ecom-su-static-prod.wtrecom.com/images/products/3/LN_573461_BP_3.jpg,https://www.waitrose.com/ecom/products/the-natural-confectionery-co-jelly-snakes-sweets-bag/573461-413779-413780,The Natural Confectionery Co. Jelly Snakes Sweets Bag,130g,£1.85,£1.43/100g,,Food Cupboard
375888,Ortiz White Tuna in Olive Oil,G,false,859,https://ecom-su-static-prod.wtrecom.com/images/products/3/LN_375888_BP_3.jpg,https://www.waitrose.com/ecom/products/ortiz-white-tuna-in-olive-oil/375888-52940-52941,Ortiz White Tuna in Olive Oil,drained 110g,£5.65,£5.14/100g,,Food Cupboard
007833,Marmite Yeast Extract Spread,G,false,860,https://ecom-su-static-prod.wtrecom.com/images/products/3/LN_007833_BP_3.jpg,https://www.waitrose.com/ecom/products/marmite-yeast-extract-spread/007833-3715-3716,Marmite Yeast Extract Spread,125g,£2.50,£2/100g,,Food Cupboard
792748,Cooks' Ingredients Dark Chocolate Chips,G,false,861,https://ecom-su-static-prod.wtrecom.com/images/products/3/LN_792748_BP_3.jpg,https://www.waitrose.com/ecom/products/cooks-ingredients-dark-chocolate-chips/792748-672945-672946,Cooks' Ingredients Dark Chocolate Chips,100g,£1.50,£15/kg,,Food Cupboard
502423,Heinz Cream of Tomato Cup Soup,G,true,862,https://ecom-su-static-prod.wtrecom.com/images/products/3/LN_502423_BP_3.jpg,https://www.waitrose.com/ecom/products/heinz-cream-of-tomato-cup-soup/502423-361687-361688,Heinz Cream of Tomato Cup Soup,4x22g,£1.50,£1.71/100g,Add 3 for £4,Food Cupboard
043480,Colman's Cheddar Cheese Sauce Mix,G,true,863,https://ecom-su-static-prod.wtrecom.com/images/products/3/LN_043480_BP_3.jpg,https://www.waitrose.com/ecom/products/colmans-cheddar-cheese-sauce-mix/043480-21446-21447,Colman's Cheddar Cheese Sauce Mix,40g,£1.00,£2.50/100g,Add 2 for £1.50,Food Cupboard
088809,Waitrose Medjool Dates,G,false,864,https://ecom-su-static-prod.wtrecom.com/images/products/3/LN_088809_BP_3.jpg,https://www.waitrose.com/ecom/products/waitrose-medjool-dates/088809-45641-45642,Waitrose Medjool Dates,180g,£2.60,£14.45/kg,,Food Cupboard
600524,Cooks' Ingredients Turmeric,G,false,865,https://ecom-su-static-prod.wtrecom.com/images/products/3/LN_600524_BP_3.jpg,https://www.waitrose.com/ecom/products/cooks-ingredients-turmeric/600524-784956-784957,Cooks' Ingredients Turmeric,42g,£1.60,38.1p/10g,,Food Cupboard
537388,Stokes Real Mayonnaise,G,false,866,https://ecom-su-static-prod.wtrecom.com/images/products/3/LN_537388_BP_3.jpg,https://www.waitrose.com/ecom/products/stokes-real-mayonnaise/537388-75990-75991,Stokes Real Mayonnaise,345g,£3.90,£1.14/100g,,Food Cupboard
849790,Waitrose Red Split Lentils,G,false,867,https://ecom-su-static-prod.wtrecom.com/images/products/3/LN_849790_BP_3.jpg,https://www.waitrose.com/ecom/products/waitrose-red-split-lentils/849790-780173-780174,Waitrose Red Split Lentils,500g,£1.95,£3.90/kg,,Food Cupboard
444230,Trebor Extra Strong Peppermint,G,false,868,https://ecom-su-static-prod.wtrecom.com/images/products/3/LN_444230_BP_3.jpg,https://www.waitrose.com/ecom/products/trebor-extra-strong-peppermint/444230-810044-810045,Trebor Extra Strong Peppermint,4x41.3g,£2.20,£1.34/100g,,Food Cupboard
085351,Lindt Lindor Truffles Assorted Chocolate,G,false,869,https://ecom-su-static-prod.wtrecom.com/images/products/3/LN_085351_BP_3.jpg,https://www.waitrose.com/ecom/products/lindt-lindor-truffles-assorted-chocolate/085351-43416-43417,Lindt Lindor Truffles Assorted Chocolate,200g,£6.30,£3.15/100g,,Food Cupboard
002374,Jacob's Cornish Wafer Crackers,G,false,870,https://ecom-su-static-prod.wtrecom.com/images/products/3/LN_002374_BP_3.jpg,https://www.waitrose.com/ecom/products/jacobs-cornish-wafer-crackers/002374-778-779,Jacob's Cornish Wafer Crackers,150g,£1.80,£1.20/100g,,Food Cupboard
445517,Cornish Sea Salt Co. Sea Salt Crystals,G,false,871,https://ecom-su-static-prod.wtrecom.com/images/products/3/LN_445517_BP_3.jpg,https://www.waitrose.com/ecom/products/cornish-sea-salt-co-sea-salt-crystals/445517-62720-62721,Cornish Sea Salt Co. Sea Salt Crystals,225g,£2.45,£10.89/kg,,Food Cupboard
873655,Waitrose Mixed Nuts,G,false,872,https://ecom-su-static-prod.wtrecom.com/images/products/3/LN_873655_BP_3.jpg,https://www.waitrose.com/ecom/products/waitrose-mixed-nuts/873655-487474-487475,Waitrose Mixed Nuts,750g,£10.00,£1.34/100g,,Food Cupboard
752262,Waitrose Reduced Salt Light Soy Sauce,G,false,873,https://ecom-su-static-prod.wtrecom.com/images/products/3/LN_752262_BP_3.jpg,https://www.waitrose.com/ecom/products/waitrose-reduced-salt-light-soy-sauce/752262-784748-784749,Waitrose Reduced Salt Light Soy Sauce,150ml,£1.25,83.3p/100ml,,Food Cupboard
043540,Weetabix Organic,G,false,874,https://ecom-su-static-prod.wtrecom.com/images/products/3/LN_043540_BP_3.jpg,https://www.waitrose.com/ecom/products/weetabix-organic/043540-21474-21475,Weetabix Organic,24s,£4.30,17.9p each,,Food Cupboard
009061,Rowntree's Fruit Pastilles Sweets Sharing Bag,G,false,875,https://ecom-su-static-prod.wtrecom.com/images/products/3/LN_009061_BP_3.jpg,https://www.waitrose.com/ecom/products/rowntrees-fruit-pastilles-sweets-sharing-bag/009061-4359-4360,Rowntree's Fruit Pastilles Sweets Sharing Bag,143g,£1.75,£1.23/100g,,Food Cupboard
070671,Nature Valley Crunchy Oats & Honey Cereal Bars,G,false,876,https://ecom-su-static-prod.wtrecom.com/images/products/3/LN_070671_BP_3.jpg,https://www.waitrose.com/ecom/products/nature-valley-crunchy-oats-honey-cereal-bars/070671-35813-35814,Nature Valley Crunchy Oats & Honey Cereal Bars,5x42g,£2.65,£1.27/100g,,Food Cupboard
812479,Allinson's Easy Bake Yeast,G,false,877,https://ecom-su-static-prod.wtrecom.com/images/products/3/LN_812479_BP_3.jpg,https://www.waitrose.com/ecom/products/allinsons-easy-bake-yeast/812479-260924-260925,Allinson's Easy Bake Yeast,100g,£1.90,£19/kg,,Food Cupboard
461313,Jordans Super Berry Granola Breakfast Cereal,G,true,878,https://ecom-su-static-prod.wtrecom.com/images/products/3/LN_461313_BP_3.jpg,https://www.waitrose.com/ecom/products/jordans-super-berry-granola-breakfast-cereal/461313-806372-806373,Jordans Super Berry Granola Breakfast Cereal,500g,£2.65,53p/100g,save £1.35. Was £4.00,Food Cupboard
438797,Cadbury Double Decker Chocolate Bars 4 pack,G,false,879,https://ecom-su-static-prod.wtrecom.com/images/products/3/LN_438797_BP_3.jpg,https://www.waitrose.com/ecom/products/cadbury-double-decker-chocolate-bars-4-pack/438797-61769-61770,Cadbury Double Decker Chocolate Bars 4 pack,4x43.7g,£2.00,£1.15/100g,,Food Cupboard
836527,Lu Le Petit Beurre Biscuits Salt,G,false,880,https://ecom-su-static-prod.wtrecom.com/images/products/3/LN_836527_BP_3.jpg,https://www.waitrose.com/ecom/products/lu-le-petit-beurre-biscuits-salt/836527-804264-804265,Lu Le Petit Beurre Biscuits Salt,167g,£1.80,£1.08/100g,,Food Cupboard
069665,Branston Baked Beans,G,false,881,https://ecom-su-static-prod.wtrecom.com/images/products/3/LN_069665_BP_3.jpg,https://www.waitrose.com/ecom/products/branston-baked-beans/069665-35315-35316,Branston Baked Beans,410g,£1.00,£2.44/kg,,Food Cupboard
028855,Heinz Classic Organic Cream of Tomato Soup,G,true,882,https://ecom-su-static-prod.wtrecom.com/images/products/3/LN_028855_BP_3.jpg,https://www.waitrose.com/ecom/products/heinz-classic-organic-cream-of-tomato-soup/028855-14059-14060,Heinz Classic Organic Cream of Tomato Soup,400g,£1.80,45p/100g,Add 3 for £4.50,Food Cupboard
731866,Duchy Organic Agen Prunes,G,false,883,https://ecom-su-static-prod.wtrecom.com/images/products/3/LN_731866_BP_3.jpg,https://www.waitrose.com/ecom/products/duchy-organic-agen-prunes/731866-754537-754538,Duchy Organic Agen Prunes,250g,£3.95,£15.80/kg,,Food Cupboard
788061,Hellmann's Squeezy Light Mayonnaise,G,true,884,https://ecom-su-static-prod.wtrecom.com/images/products/3/LN_788061_BP_3.jpg,https://www.waitrose.com/ecom/products/hellmanns-squeezy-light-mayonnaise/788061-112173-112174,Hellmann's Squeezy Light Mayonnaise,430ml,£2.50,58.1p/100ml,save 50p. Was £3.00,Food Cupboard
889572,Pringles Texas BBQ Sharing Crisps,G,true,885,https://ecom-su-static-prod.wtrecom.com/images/products/3/LN_889572_BP_3.jpg,https://www.waitrose.com/ecom/products/pringles-texas-bbq-sharing-crisps/889572-770379-770380,Pringles Texas BBQ Sharing Crisps,185g,£1.85,£1/100g,save 40p. Was £2.25,Food Cupboard
562656,BEAR Yo Yos Raspberry,G,true,886,https://ecom-su-static-prod.wtrecom.com/images/products/3/LN_562656_BP_3.jpg,https://www.waitrose.com/ecom/products/bear-yo-yos-raspberry/562656-79662-79663,BEAR Yo Yos Raspberry,5s,£2.00,40p each,save 85p. Was £2.85,Food Cupboard
815678,Popchips Sea Salt,G,true,887,https://ecom-su-static-prod.wtrecom.com/images/products/3/LN_815678_BP_3.jpg,https://www.waitrose.com/ecom/products/popchips-sea-salt/815678-168724-168725,Popchips Sea Salt,85g,£1.50,£1.77/100g,save 75p. Was £2.25,Food Cupboard
779024,Lu Le Petit Biscotte Cinnamon Biscuits,G,false,888,https://ecom-su-static-prod.wtrecom.com/images/products/3/LN_779024_BP_3.jpg,https://www.waitrose.com/ecom/products/lu-le-petit-biscotte-cinnamon-biscuits/779024-823086-823087,Lu Le Petit Biscotte Cinnamon Biscuits,200g,£1.80,90p/100g,,Food Cupboard
559165,Stoats 4 Raspberry & Honey Porridge Oat Bars,G,false,889,https://ecom-su-static-prod.wtrecom.com/images/products/3/LN_559165_BP_3.jpg,https://www.waitrose.com/ecom/products/stoats-4-raspberry-honey-porridge-oat-bars/559165-314993-314994,Stoats 4 Raspberry & Honey Porridge Oat Bars,4x42g,£2.40,£1.43/100g,,Food Cupboard
881709,Jordans Simply Granola with a Hint of Honey,G,false,890,https://ecom-su-static-prod.wtrecom.com/images/products/3/LN_881709_BP_3.jpg,https://www.waitrose.com/ecom/products/jordans-simply-granola-with-a-hint-of-honey/881709-372083-372084,Jordans Simply Granola with a Hint of Honey,750g,£3.80,50.7p/100g,,Food Cupboard
508684,Just Lard,G,false,891,https://ecom-su-static-prod.wtrecom.com/images/products/3/LN_508684_BP_3.jpg,https://www.waitrose.com/ecom/products/just-lard/508684-661605-661606,Just Lard,250g,75p,£3/kg,,Food Cupboard
545717,Waitrose Mixed Nuts,G,false,892,https://ecom-su-static-prod.wtrecom.com/images/products/3/LN_545717_BP_3.jpg,https://www.waitrose.com/ecom/products/waitrose-mixed-nuts/545717-782787-782788,Waitrose Mixed Nuts,250g,£3.50,£1.40/100g,,Food Cupboard
800903,Cooks' Ingredients Mixed Herbs,G,true,893,https://ecom-su-static-prod.wtrecom.com/images/products/3/LN_800903_BP_3.jpg,https://www.waitrose.com/ecom/products/cooks-ingredients-mixed-herbs/800903-785140-785141,Cooks' Ingredients Mixed Herbs,11.5g,£1.60,£1.40/10g,Add 2 for £2.75,Food Cupboard
682452,No.1 Egg Pappardelle,G,false,894,https://ecom-su-static-prod.wtrecom.com/images/products/3/LN_682452_BP_3.jpg,https://www.waitrose.com/ecom/products/no1-egg-pappardelle/682452-728044-728045,No.1 Egg Pappardelle,500g,£2.75,£5.50/kg,,Food Cupboard
020124,Essential Peach Slices in Grape Juice,G,false,895,https://ecom-su-static-prod.wtrecom.com/images/products/3/LN_020124_BP_3.jpg,https://www.waitrose.com/ecom/products/essential-peach-slices-in-grape-juice/020124-9793-9794,Essential Peach Slices in Grape Juice,drained 125g,95p,£7.60/kg,,Food Cupboard
030957,Ryvita Crispbread Pumpkin Seed & Oat Crackers,G,false,896,https://ecom-su-static-prod.wtrecom.com/images/products/3/LN_030957_BP_3.jpg,https://www.waitrose.com/ecom/products/ryvita-crispbread-pumpkin-seed-oat-crackers/030957-15097-15098,Ryvita Crispbread Pumpkin Seed & Oat Crackers,200g,£2.10,£1.05/100g,,Food Cupboard
006813,Waitrose Pecans,G,false,897,https://ecom-su-static-prod.wtrecom.com/images/products/3/LN_006813_BP_3.jpg,https://www.waitrose.com/ecom/products/waitrose-pecans/006813-3059-3060,Waitrose Pecans,100g,£2.00,£2/100g,,Food Cupboard
026653,Levantine Table Bulgur Wheat,G,false,898,https://ecom-su-static-prod.wtrecom.com/images/products/3/LN_026653_BP_3.jpg,https://www.waitrose.com/ecom/products/levantine-table-bulgur-wheat/026653-12975-12976,Levantine Table Bulgur Wheat,500g,£1.95,£3.90/kg,,Food Cupboard
458013,Waitrose Mixed Berry Crisp,G,false,899,https://ecom-su-static-prod.wtrecom.com/images/products/3/LN_458013_BP_3.jpg,https://www.waitrose.com/ecom/products/waitrose-mixed-berry-crisp/458013-64549-64550,Waitrose Mixed Berry Crisp,500g,£2.75,55p/100g,,Food Cupboard
840930,Waitrose Soft Figs,G,false,900,https://ecom-su-static-prod.wtrecom.com/images/products/3/LN_840930_BP_3.jpg,https://www.waitrose.com/ecom/products/waitrose-soft-figs/840930-782818-782819,Waitrose Soft Figs,250g,£2.95,£1.18/100g,,Food Cupboard
750301,Werther's Original Butter Candies Sugar Free,G,false,901,https://ecom-su-static-prod.wtrecom.com/images/products/3/LN_750301_BP_3.jpg,https://www.waitrose.com/ecom/products/werthers-original-butter-candies-sugar-free/750301-106718-106719,Werther's Original Butter Candies Sugar Free,80g,£1.65,£2.07/100g,,Food Cupboard
019111,Heinz Spaghetti in Tomato Sauce Single Serve,G,true,902,https://ecom-su-static-prod.wtrecom.com/images/products/3/LN_019111_BP_3.jpg,https://www.waitrose.com/ecom/products/heinz-spaghetti-in-tomato-sauce-single-serve/019111-9233-9234,Heinz Spaghetti in Tomato Sauce Single Serve,200g,90p,£4.50/kg,Add 2 for £1.50,Food Cupboard
636294,Shredded Wheat,G,false,903,https://ecom-su-static-prod.wtrecom.com/images/products/3/LN_636294_BP_3.jpg,https://www.waitrose.com/ecom/products/shredded-wheat/636294-90352-90353,Shredded Wheat,30s,£3.95,13.2p each,,Food Cupboard
536386,Nature Valley Crunchy Family Pack Variety Cereal Bars,G,false,904,https://ecom-su-static-prod.wtrecom.com/images/products/3/LN_536386_BP_3.jpg,https://www.waitrose.com/ecom/products/nature-valley-crunchy-family-pack-variety-cereal-bars/536386-727191-727191,Nature Valley Crunchy Family Pack Variety Cereal Bars,10x42g,£4.00,95.2p/100g,,Food Cupboard
008116,Tate & Lyle Fairtrade Caster Sugar,G,false,905,https://ecom-su-static-prod.wtrecom.com/images/products/3/LN_008116_BP_3.jpg,https://www.waitrose.com/ecom/products/tate-lyle-fairtrade-caster-sugar/008116-3854-3855,Tate & Lyle Fairtrade Caster Sugar,2kg,£4.25,£2.13/kg,,Food Cupboard
493671,Maltesers Chocolate Box,G,false,906,https://ecom-su-static-prod.wtrecom.com/images/products/3/LN_493671_BP_3.jpg,https://www.waitrose.com/ecom/products/maltesers-chocolate-box/493671-69774-69775,Maltesers Chocolate Box,310g,£5.00,£1.62/100g,,Food Cupboard
776908,Tate & Lyle Fairtrade Granulated Sugar,G,false,907,https://ecom-su-static-prod.wtrecom.com/images/products/3/LN_776908_BP_3.jpg,https://www.waitrose.com/ecom/products/tate-lyle-fairtrade-granulated-sugar/776908-368200-368201,Tate & Lyle Fairtrade Granulated Sugar,500g,£1.00,£2/kg,,Food Cupboard
034348,Essential Pickled Baby Beetroot,G,false,908,https://ecom-su-static-prod.wtrecom.com/images/products/3/LN_034348_BP_3.jpg,https://www.waitrose.com/ecom/products/essential-pickled-baby-beetroot/034348-17227-17228,Essential Pickled Baby Beetroot,drained 200g,90p,45p/100g,,Food Cupboard
562793,Walkers Quavers Cheese Crisps Multipack Snacks,G,false,909,https://ecom-su-static-prod.wtrecom.com/images/products/3/LN_562793_BP_3.jpg,https://www.waitrose.com/ecom/products/walkers-quavers-cheese-crisps-multipack-snacks/562793-719546-719547,Walkers Quavers Cheese Crisps Multipack Snacks,12x16g,£3.00,£1.57/100g,,Food Cupboard
823662,KP Original Salted Peanuts,G,false,910,https://ecom-su-static-prod.wtrecom.com/images/products/3/LN_823662_BP_3.jpg,https://www.waitrose.com/ecom/products/kp-original-salted-peanuts/823662-666762-666763,KP Original Salted Peanuts,415g,£4.50,£1.09/100g,,Food Cupboard
492009,"Eat Natural Bars Dark Choc, Almond & Apricots",G,false,911,https://ecom-su-static-prod.wtrecom.com/images/products/3/LN_492009_BP_3.jpg,https://www.waitrose.com/ecom/products/eat-natural-bars-dark-choc-almond-apricots/492009-69515-69516,"Eat Natural Bars Dark Choc, Almond & Apricots",3x40g,£2.50,£2.09/100g,,Food Cupboard
066660,Maltesers Chocolate Fun Size Bags,G,false,912,https://ecom-su-static-prod.wtrecom.com/images/products/3/LN_066660_BP_3.jpg,https://www.waitrose.com/ecom/products/maltesers-chocolate-fun-size-bags/066660-33753-33754,Maltesers Chocolate Fun Size Bags,214.50,£4.00,£1.87/100g,,Food Cupboard
403945,Waitrose Belgian Chocolate & Hazelnut Cookies,G,false,913,https://ecom-su-static-prod.wtrecom.com/images/products/3/LN_403945_BP_3.jpg,https://www.waitrose.com/ecom/products/waitrose-belgian-chocolate-hazelnut-cookies/403945-228951-228952,Waitrose Belgian Chocolate & Hazelnut Cookies,200g,£2.30,£1.15/100g,,Food Cupboard
628150,Krisprolls Wholegrain,G,false,914,https://ecom-su-static-prod.wtrecom.com/images/products/3/LN_628150_BP_3.jpg,https://www.waitrose.com/ecom/products/krisprolls-wholegrain/628150-244679-244680,Krisprolls Wholegrain,225g,£2.00,88.9p/100g,,Food Cupboard
773966,Essential Sultana Bran,G,false,915,https://ecom-su-static-prod.wtrecom.com/images/products/3/LN_773966_BP_3.jpg,https://www.waitrose.com/ecom/products/essential-sultana-bran/773966-110055-110056,Essential Sultana Bran,750g,£2.25,30p/100g,,Food Cupboard
011474,Kallo Organic Dark Chocolate Rice Cake Thins,G,false,916,https://ecom-su-static-prod.wtrecom.com/images/products/3/LN_011474_BP_3.jpg,https://www.waitrose.com/ecom/products/kallo-organic-dark-chocolate-rice-cake-thins/011474-5686-5687,Kallo Organic Dark Chocolate Rice Cake Thins,90g,£2.55,£2.84/100g,,Food Cupboard
868042,Island Bakery Lemon Melts,G,false,917,https://ecom-su-static-prod.wtrecom.com/images/products/3/LN_868042_BP_3.jpg,https://www.waitrose.com/ecom/products/island-bakery-lemon-melts/868042-580336-580337,Island Bakery Lemon Melts,133g,£3.85,£2.90/100g,,Food Cupboard
034630,Essential Cranberry Sauce,G,false,918,https://ecom-su-static-prod.wtrecom.com/images/products/3/LN_034630_BP_3.jpg,https://www.waitrose.com/ecom/products/essential-cranberry-sauce/034630-17425-17426,Essential Cranberry Sauce,305g,£1.30,42.6p/100g,,Food Cupboard
610856,Waitrose Soft Dates,G,false,919,https://ecom-su-static-prod.wtrecom.com/images/products/3/LN_610856_BP_3.jpg,https://www.waitrose.com/ecom/products/waitrose-soft-dates/610856-492035-492036,Waitrose Soft Dates,270g,£2.50,92.6p/100g,,Food Cupboard
604080,Tyrrells Truffle & Sea Salt Crisps,G,false,920,https://ecom-su-static-prod.wtrecom.com/images/products/3/LN_604080_BP_3.jpg,https://www.waitrose.com/ecom/products/tyrrells-truffle-sea-salt-crisps/604080-810068-810069,Tyrrells Truffle & Sea Salt Crisps,135g,£2.75,£2.04/100g,,Food Cupboard
830436,Thai Taste Vermicelli Rice Noodles Nests,G,true,921,https://ecom-su-static-prod.wtrecom.com/images/products/3/LN_830436_BP_3.jpg,https://www.waitrose.com/ecom/products/thai-taste-vermicelli-rice-noodles-nests/830436-305597-305598,Thai Taste Vermicelli Rice Noodles Nests,200g,£1.30,£6.50/kg,20% Off. Was £1.65,Food Cupboard
089756,Aspall Organic Cyder Vinegar,G,true,922,https://ecom-su-static-prod.wtrecom.com/images/products/3/LN_089756_BP_3.jpg,https://www.waitrose.com/ecom/products/aspall-organic-cyder-vinegar/089756-46282-46283,Aspall Organic Cyder Vinegar,350ml,£1.70,48.6p/100ml,20% Off. Was £2.15,Food Cupboard
662159,Veetee Steam Filtered Thai Jasmine,G,true,923,https://ecom-su-static-prod.wtrecom.com/images/products/3/LN_662159_BP_3.jpg,https://www.waitrose.com/ecom/products/veetee-steam-filtered-thai-jasmine/662159-757399-757400,Veetee Steam Filtered Thai Jasmine,2x140g,£1.00,£3.58/kg,Save 1/3. Was £1.50,Food Cupboard
436503,Bisto Best Chicken Gravy Granules,G,false,924,https://ecom-su-static-prod.wtrecom.com/images/products/3/LN_436503_BP_3.jpg,https://www.waitrose.com/ecom/products/bisto-best-chicken-gravy-granules/436503-711068-711069,Bisto Best Chicken Gravy Granules,230g,£4.00,£1.74/100g,,Food Cupboard
416269,Walkers Wotsits Crisps Really Cheesy Multipack Snacks,G,false,925,https://ecom-su-static-prod.wtrecom.com/images/products/3/LN_416269_BP_3.jpg,https://www.waitrose.com/ecom/products/walkers-wotsits-crisps-really-cheesy-multipack-snacks/416269-58537-58538,Walkers Wotsits Crisps Really Cheesy Multipack Snacks,12x16.5g,£3.00,£1.52/100g,,Food Cupboard
780016,Eat Natural Bars Almonds Apricots & Yoghurt,G,false,926,https://ecom-su-static-prod.wtrecom.com/images/products/3/LN_780016_BP_3.jpg,https://www.waitrose.com/ecom/products/eat-natural-bars-almonds-apricots-yoghurt/780016-110983-110984,Eat Natural Bars Almonds Apricots & Yoghurt,3x40g,£2.50,£2.09/100g,,Food Cupboard
473794,Epicure Sweet Roasted Garlic Purée,G,true,927,https://ecom-su-static-prod.wtrecom.com/images/products/3/LN_473794_BP_3.jpg,https://www.waitrose.com/ecom/products/epicure-sweet-roasted-garlic-puree/473794-715060-715061,Epicure Sweet Roasted Garlic Purée,90g,£1.20,£13.34/kg,20% Off. Was £1.50,Food Cupboard
001138,Jordans Country Crisp Strawberry Cereal,G,true,928,https://ecom-su-static-prod.wtrecom.com/images/products/3/LN_001138_BP_3.jpg,https://www.waitrose.com/ecom/products/jordans-country-crisp-strawberry-cereal/001138-93-94,Jordans Country Crisp Strawberry Cereal,500g,£2.50,50p/100g,save £1.30. Was £3.80,Food Cupboard
872856,Fox's Rocky Bar Chocolate 7s,G,true,929,https://ecom-su-static-prod.wtrecom.com/images/products/3/LN_872856_BP_3.jpg,https://www.waitrose.com/ecom/products/foxs-rocky-bar-chocolate-7s/872856-566791-566792,Fox's Rocky Bar Chocolate 7s,7x19.5g,£1.00,,save 25p. Was £1.25,Food Cupboard
034546,Hellmann's Light Mayonnaise,G,false,930,https://ecom-su-static-prod.wtrecom.com/images/products/3/LN_034546_BP_3.jpg,https://www.waitrose.com/ecom/products/hellmanns-light-mayonnaise/034546-17361-17362,Hellmann's Light Mayonnaise,400g,£3.00,75p/100g,,Food Cupboard
809456,Jordans Super Nutty Granola Breakfast Cereal,G,true,931,https://ecom-su-static-prod.wtrecom.com/images/products/3/LN_809456_BP_3.jpg,https://www.waitrose.com/ecom/products/jordans-super-nutty-granola-breakfast-cereal/809456-806398-806399,Jordans Super Nutty Granola Breakfast Cereal,500g,£2.65,53p/100g,save £1.35. Was £4.00,Food Cupboard
802000,Nature Valley Crunchy Family Pack Oats & Honey Cereal Bars,G,false,932,https://ecom-su-static-prod.wtrecom.com/images/products/3/LN_802000_BP_3.jpg,https://www.waitrose.com/ecom/products/nature-valley-crunchy-family-pack-oats-honey-cereal-bars/802000-268220-268221,Nature Valley Crunchy Family Pack Oats & Honey Cereal Bars,10x42g,£4.00,95.2p/100g,,Food Cupboard
032409,Waitrose Garlic Infused Olive Oil,G,false,933,https://ecom-su-static-prod.wtrecom.com/images/products/3/LN_032409_BP_3.jpg,https://www.waitrose.com/ecom/products/waitrose-garlic-infused-olive-oil/032409-15809-15810,Waitrose Garlic Infused Olive Oil,250ml,£4.50,£1.80/100ml,,Food Cupboard
461151,Crosta & Mollica Torinesi Breadsticks,G,false,934,https://ecom-su-static-prod.wtrecom.com/images/products/3/LN_461151_BP_3.jpg,https://www.waitrose.com/ecom/products/crosta-mollica-torinesi-breadsticks/461151-491925-491926,Crosta & Mollica Torinesi Breadsticks,120g,£1.65,£1.38/100g,,Food Cupboard
440047,Graze Chilli & Lime Protein Nut Crunch,G,false,935,https://ecom-su-static-prod.wtrecom.com/images/products/3/LN_440047_BP_3.jpg,https://www.waitrose.com/ecom/products/graze-chilli-lime-protein-nut-crunch/440047-585439-585440,Graze Chilli & Lime Protein Nut Crunch,100g,£2.65,£2.65/100g,,Food Cupboard
818709,Homepride Self Raising Flour,G,true,936,https://ecom-su-static-prod.wtrecom.com/images/products/3/LN_818709_BP_3.jpg,https://www.waitrose.com/ecom/products/homepride-self-raising-flour/818709-819119-819120,Homepride Self Raising Flour,1.5Kg,£1.50,£1/kg,25% Off. Was £2.00,Food Cupboard
483368,Waitrose Giant Wholewheat Couscous,G,false,937,https://ecom-su-static-prod.wtrecom.com/images/products/3/LN_483368_BP_3.jpg,https://www.waitrose.com/ecom/products/waitrose-giant-wholewheat-couscous/483368-135407-135408,Waitrose Giant Wholewheat Couscous,300g,£1.75,£5.84/kg,,Food Cupboard
047627,Fox's Half-Coated Milk Chocolate Cookies,G,true,938,https://ecom-su-static-prod.wtrecom.com/images/products/3/LN_047627_BP_3.jpg,https://www.waitrose.com/ecom/products/foxs-half-coated-milk-chocolate-cookies/047627-23532-23533,Fox's Half-Coated Milk Chocolate Cookies,175g,£1.25,71.4p/100g,save 85p. Was £2.10,Food Cupboard
051726,Stockan's Orkney Thick Oatcakes,G,false,939,https://ecom-su-static-prod.wtrecom.com/images/products/3/LN_051726_BP_3.jpg,https://www.waitrose.com/ecom/products/stockans-orkney-thick-oatcakes/051726-25752-25753,Stockan's Orkney Thick Oatcakes,200g,£1.15,57.5p/100g,,Food Cupboard
592266,Merchant Gourmet Persian-Style Quinoa Lentils,G,true,940,https://ecom-su-static-prod.wtrecom.com/images/products/3/LN_592266_BP_3.jpg,https://www.waitrose.com/ecom/products/merchant-gourmet-persian-style-quinoa-lentils/592266-696564-696565,Merchant Gourmet Persian-Style Quinoa Lentils,250g,£1.50,£6/kg,save 60p. Was £2.10,Food Cupboard
802608,Belazu Rose Harissa Paste,G,false,941,https://ecom-su-static-prod.wtrecom.com/images/products/3/LN_802608_BP_3.jpg,https://www.waitrose.com/ecom/products/belazu-rose-harissa-paste/802608-408882-408883,Belazu Rose Harissa Paste,170g,£4.50,£2.65/100g,,Food Cupboard
027150,Cirio Tuscan Chopped Tomatoes,G,false,942,https://ecom-su-static-prod.wtrecom.com/images/products/3/LN_027150_BP_3.jpg,https://www.waitrose.com/ecom/products/cirio-tuscan-chopped-tomatoes/027150-13197-13198,Cirio Tuscan Chopped Tomatoes,400g,£1.40,£3.50/kg,,Food Cupboard
768620,Ainsley Harriott Roasted Vegetable Couscous,G,false,943,https://ecom-su-static-prod.wtrecom.com/images/products/3/LN_768620_BP_3.jpg,https://www.waitrose.com/ecom/products/ainsley-harriott-roasted-vegetable-couscous/768620-535557-535558,Ainsley Harriott Roasted Vegetable Couscous,100g,95p,95p/100g,,Food Cupboard
739466,Waitrose LOVE Life Ready Salted Reduced Fat Crisps,G,false,944,https://ecom-su-static-prod.wtrecom.com/images/products/3/LN_739466_BP_3.jpg,https://www.waitrose.com/ecom/products/waitrose-love-life-ready-salted-reduced-fat-crisps/739466-105107-105108,Waitrose LOVE Life Ready Salted Reduced Fat Crisps,6x25g,£2.00,£1.34/100g,,Food Cupboard
815704,Waitrose Free From Gluten Brown Rice Penne,G,false,945,https://ecom-su-static-prod.wtrecom.com/images/products/3/LN_815704_BP_3.jpg,https://www.waitrose.com/ecom/products/waitrose-free-from-gluten-brown-rice-penne/815704-450708-450709,Waitrose Free From Gluten Brown Rice Penne,500g,£1.75,£3.50/kg,,Food Cupboard
819380,Cooks' Ingredients Milk Chocolate Chips,G,false,946,https://ecom-su-static-prod.wtrecom.com/images/products/3/LN_819380_BP_3.jpg,https://www.waitrose.com/ecom/products/cooks-ingredients-milk-chocolate-chips/819380-673013-673014,Cooks' Ingredients Milk Chocolate Chips,100g,£1.50,£1.50/100g,,Food Cupboard
601575,Tim Tam Original Chocolate Biscuits,G,false,947,https://ecom-su-static-prod.wtrecom.com/images/products/3/LN_601575_BP_3.jpg,https://www.waitrose.com/ecom/products/tim-tam-original-chocolate-biscuits/601575-823060-823061,Tim Tam Original Chocolate Biscuits,163g,£2.50,£1.54/100g,,Food Cupboard
008415,La Perruche Pure Cane Rough Cut Cubes Brown,G,false,948,https://ecom-su-static-prod.wtrecom.com/images/products/3/LN_008415_BP_3.jpg,https://www.waitrose.com/ecom/products/la-perruche-pure-cane-rough-cut-cubes-brown/008415-3995-3996,La Perruche Pure Cane Rough Cut Cubes Brown,500g,£2.35,£4.70/kg,,Food Cupboard
595711,No.1 Fusillioni,G,false,949,https://ecom-su-static-prod.wtrecom.com/images/products/3/LN_595711_BP_3.jpg,https://www.waitrose.com/ecom/products/no1-fusillioni/595711-728030-728031,No.1 Fusillioni,500g,£2.75,£5.50/kg,,Food Cupboard
057565,Lindt Lindor Milk Chocolate Truffles,G,false,950,https://ecom-su-static-prod.wtrecom.com/images/products/3/LN_057565_BP_3.jpg,https://www.waitrose.com/ecom/products/lindt-lindor-milk-chocolate-truffles/057565-28954-28955,Lindt Lindor Milk Chocolate Truffles,200g,£6.30,£3.15/100g,,Food Cupboard
737522,Clarence Court Liquid Egg White,G,false,951,https://ecom-su-static-prod.wtrecom.com/images/products/3/LN_737522_BP_3.jpg,https://www.waitrose.com/ecom/products/clarence-court-liquid-egg-white/737522-741320-741321,Clarence Court Liquid Egg White,500g,£3.75,£7.50/kg,,Food Cupboard
421856,Waitrose Light Soy Sauce,G,false,952,https://ecom-su-static-prod.wtrecom.com/images/products/3/LN_421856_BP_3.jpg,https://www.waitrose.com/ecom/products/waitrose-light-soy-sauce/421856-784712-784713,Waitrose Light Soy Sauce,150ml,£1.25,83.3p/100ml,,Food Cupboard
025400,Cadbury Curly Wurly Chocolate Bar Multipack 5 pack,G,false,953,https://ecom-su-static-prod.wtrecom.com/images/products/3/LN_025400_BP_3.jpg,https://www.waitrose.com/ecom/products/cadbury-curly-wurly-chocolate-bar-multipack-5-pack/025400-12358-12359,Cadbury Curly Wurly Chocolate Bar Multipack 5 pack,5x21.5g,£1.65,£1.54/100g,,Food Cupboard
096424,Butterkist Toffee Popcorn,G,false,954,https://ecom-su-static-prod.wtrecom.com/images/products/3/LN_096424_BP_3.jpg,https://www.waitrose.com/ecom/products/butterkist-toffee-popcorn/096424-49334-49335,Butterkist Toffee Popcorn,170g,£2.10,£1.24/100g,,Food Cupboard
809732,Fox's Rocky Bar Caramel,G,true,955,https://ecom-su-static-prod.wtrecom.com/images/products/3/LN_809732_BP_3.jpg,https://www.waitrose.com/ecom/products/foxs-rocky-bar-caramel/809732-566683-566684,Fox's Rocky Bar Caramel,7x19.5g,£1.00,,save 25p. Was £1.25,Food Cupboard
816667,Island Bakery Shortbread Biscuits,G,false,956,https://ecom-su-static-prod.wtrecom.com/images/products/3/LN_816667_BP_3.jpg,https://www.waitrose.com/ecom/products/island-bakery-shortbread-biscuits/816667-580238-580239,Island Bakery Shortbread Biscuits,125g,£2.85,£2.28/100g,,Food Cupboard
541857,Essential Reduced Sugar & Salt Ketchup,G,false,957,https://ecom-su-static-prod.wtrecom.com/images/products/3/LN_541857_BP_3.jpg,https://www.waitrose.com/ecom/products/essential-reduced-sugar-salt-ketchup/541857-723772-723773,Essential Reduced Sugar & Salt Ketchup,445g,95p,21.3p/100g,,Food Cupboard
569035,Waitrose Apple & Pear Chutney,G,false,958,https://ecom-su-static-prod.wtrecom.com/images/products/3/LN_569035_BP_3.jpg,https://www.waitrose.com/ecom/products/waitrose-apple-pear-chutney/569035-633436-633437,Waitrose Apple & Pear Chutney,315g,£2.50,79.4p/100g,,Food Cupboard
765667,Waitrose Chunky Minestrone Soup,G,false,959,https://ecom-su-static-prod.wtrecom.com/images/products/3/LN_765667_BP_3.jpg,https://www.waitrose.com/ecom/products/waitrose-chunky-minestrone-soup/765667-696620-696621,Waitrose Chunky Minestrone Soup,400g,£1.10,27.5p/100g,,Food Cupboard
005687,Jacob's Savours Salt & Cracked Black Pepper Crackers,G,false,960,https://ecom-su-static-prod.wtrecom.com/images/products/3/LN_005687_BP_3.jpg,https://www.waitrose.com/ecom/products/jacobs-savours-salt-cracked-black-pepper-crackers/005687-2465-2466,Jacob's Savours Salt & Cracked Black Pepper Crackers,200g,£2.00,£1/100g,,Food Cupboard
059769,Essential Pitted Green Olives,G,false,961,https://ecom-su-static-prod.wtrecom.com/images/products/3/LN_059769_BP_3.jpg,https://www.waitrose.com/ecom/products/essential-pitted-green-olives/059769-30165-30166,Essential Pitted Green Olives,drained 450g,£3.35,74.4p/100g,,Food Cupboard
066276,Essential Blackeye Beans in Water,G,false,962,https://ecom-su-static-prod.wtrecom.com/images/products/3/LN_066276_BP_3.jpg,https://www.waitrose.com/ecom/products/essential-blackeye-beans-in-water/066276-33556-33557,Essential Blackeye Beans in Water,drained 246g,60p,£2.44/kg,,Food Cupboard
832817,Hula Hoops Variety,G,false,963,https://ecom-su-static-prod.wtrecom.com/images/products/3/LN_832817_BP_3.jpg,https://www.waitrose.com/ecom/products/hula-hoops-variety/832817-450734-450734,Hula Hoops Variety,12x24g,£3.75,£1.31/100g,,Food Cupboard
007705,Paxo Stuffing Mix Sage & Onion,G,false,964,https://ecom-su-static-prod.wtrecom.com/images/products/3/LN_007705_BP_3.jpg,https://www.waitrose.com/ecom/products/paxo-stuffing-mix-sage-onion/007705-3606-3607,Paxo Stuffing Mix Sage & Onion,170g,£2.50,£14.71/kg,,Food Cupboard
068246,Colman's Parsley Sauce Mix,G,true,965,https://ecom-su-static-prod.wtrecom.com/images/products/3/LN_068246_BP_3.jpg,https://www.waitrose.com/ecom/products/colmans-parsley-sauce-mix/068246-34641-34642,Colman's Parsley Sauce Mix,20g,£1.00,£5/100g,Add 2 for £1.50,Food Cupboard
619706,Waitrose Albacore Tuna In Spring Water,G,false,966,https://ecom-su-static-prod.wtrecom.com/images/products/3/LN_619706_BP_3.jpg,https://www.waitrose.com/ecom/products/waitrose-albacore-tuna-in-spring-water/619706-87952-87953,Waitrose Albacore Tuna In Spring Water,drained 150g,£3.65,£2.44/100g,,Food Cupboard
077980,Jordans Crunchy Oat Raisin & Almond Granola,G,false,967,https://ecom-su-static-prod.wtrecom.com/images/products/3/LN_077980_BP_3.jpg,https://www.waitrose.com/ecom/products/jordans-crunchy-oat-raisin-almond-granola/077980-39668-39669,Jordans Crunchy Oat Raisin & Almond Granola,750g,£3.80,50.7p/100g,,Food Cupboard
730323,Wrigleys Extra Peppermint,G,false,968,https://ecom-su-static-prod.wtrecom.com/images/products/3/LN_730323_BP_3.jpg,https://www.waitrose.com/ecom/products/wrigleys-extra-peppermint/730323-706563-706564,Wrigleys Extra Peppermint,5x14g,£3.15,£4.50/100g,,Food Cupboard
007704,Paxo Stuffing Mix Sage & Onion,G,false,969,https://ecom-su-static-prod.wtrecom.com/images/products/3/LN_007704_BP_3.jpg,https://www.waitrose.com/ecom/products/paxo-stuffing-mix-sage-onion/007704-3604-3605,Paxo Stuffing Mix Sage & Onion,85g,£1.40,£16.48/kg,,Food Cupboard
824732,Aero Bubbly Peppermint Mint Chocolate Bar Multipack,G,true,970,https://ecom-su-static-prod.wtrecom.com/images/products/3/LN_824732_BP_3.jpg,https://www.waitrose.com/ecom/products/aero-bubbly-peppermint-mint-chocolate-bar-multipack/824732-727743-727744,Aero Bubbly Peppermint Mint Chocolate Bar Multipack,4x27g,£1.60,£1.49/100g,save 40p. Was £2.00,Food Cupboard
063932,McVitie's Digestives Biscuits The Light One,G,false,971,https://ecom-su-static-prod.wtrecom.com/images/products/3/LN_063932_BP_3.jpg,https://www.waitrose.com/ecom/products/mcvities-digestives-biscuits-the-light-one/063932-32461-32462,McVitie's Digestives Biscuits The Light One,250g,£1.90,76p/100g,,Food Cupboard
818423,Schär Gluten Free Pretzels,G,false,972,https://ecom-su-static-prod.wtrecom.com/images/products/3/LN_818423_BP_3.jpg,https://www.waitrose.com/ecom/products/schar-gluten-free-pretzels/818423-174707-174708,Schär Gluten Free Pretzels,60g,£1.15,£1.92/100g,,Food Cupboard
023193,Billington's Organic Golden Granulated Sugar,G,false,973,https://ecom-su-static-prod.wtrecom.com/images/products/3/LN_023193_BP_3.jpg,https://www.waitrose.com/ecom/products/billingtons-organic-golden-granulated-sugar/023193-11271-11272,Billington's Organic Golden Granulated Sugar,500g,£1.90,£3.80/kg,,Food Cupboard
006222,Duchy Organic Self Raising White Flour,G,false,974,https://ecom-su-static-prod.wtrecom.com/images/products/3/LN_006222_BP_3.jpg,https://www.waitrose.com/ecom/products/duchy-organic-self-raising-white-flour/006222-2740-2741,Duchy Organic Self Raising White Flour,1.5kg,£2.20,£1.47/kg,,Food Cupboard
038732,De Cecco Pasta Chifferi Rigati,G,false,975,https://ecom-su-static-prod.wtrecom.com/images/products/3/LN_038732_BP_3.jpg,https://www.waitrose.com/ecom/products/de-cecco-pasta-chifferi-rigati/038732-19305-19306,De Cecco Pasta Chifferi Rigati,500g,£2.00,£4/kg,,Food Cupboard
548691,Miller's Toast Fig & Sultana,G,false,976,https://ecom-su-static-prod.wtrecom.com/images/products/3/LN_548691_BP_3.jpg,https://www.waitrose.com/ecom/products/millers-toast-fig-sultana/548691-131960-131961,Miller's Toast Fig & Sultana,100g,£3.25,£3.25/100g,,Food Cupboard
034105,Essential Sunflower Oil,G,false,977,https://ecom-su-static-prod.wtrecom.com/images/products/3/LN_034105_BP_3.jpg,https://www.waitrose.com/ecom/products/essential-sunflower-oil/034105-17063-17064,Essential Sunflower Oil,500ml,£1.25,25p/100ml,,Food Cupboard
405665,Ambrosia Devon Custard,G,false,978,https://ecom-su-static-prod.wtrecom.com/images/products/3/LN_405665_BP_3.jpg,https://www.waitrose.com/ecom/products/ambrosia-devon-custard/405665-342940-342941,Ambrosia Devon Custard,150g,95p,63.3p/100g,,Food Cupboard
828668,Waitrose 8 Milk Chocolate Shortcake Biscuits,G,false,979,https://ecom-su-static-prod.wtrecom.com/images/products/3/LN_828668_BP_3.jpg,https://www.waitrose.com/ecom/products/waitrose-8-milk-chocolate-shortcake-biscuits/828668-229475-229476,Waitrose 8 Milk Chocolate Shortcake Biscuits,180g,£2.55,£1.42/100g,,Food Cupboard
864249,Heinz Baked Beans No Added Sugar 4 Pack,G,true,980,https://ecom-su-static-prod.wtrecom.com/images/products/3/LN_864249_BP_3.jpg,https://www.waitrose.com/ecom/products/heinz-baked-beans-no-added-sugar-4-pack/864249-157509-157510,Heinz Baked Beans No Added Sugar 4 Pack,4x415g,£4.00,£2.41/kg,Add 2 for £7,Food Cupboard
750273,Dorset Cereals Oat Granola Breakfast Cereal,G,false,981,https://ecom-su-static-prod.wtrecom.com/images/products/3/LN_750273_BP_3.jpg,https://www.waitrose.com/ecom/products/dorset-cereals-oat-granola-breakfast-cereal/750273-808096-808097,Dorset Cereals Oat Granola Breakfast Cereal,500g,£3.75,75p/100g,,Food Cupboard
839923,Kallo 8 Vegetable Stock Cubes,G,false,982,https://ecom-su-static-prod.wtrecom.com/images/products/3/LN_839923_BP_3.jpg,https://www.waitrose.com/ecom/products/kallo-8-vegetable-stock-cubes/839923-305651-305652,Kallo 8 Vegetable Stock Cubes,88g,£2.00,£2.28/100g,,Food Cupboard
523639,Kellogg's Crunchy Nut Breakfast Cereal,G,false,983,https://ecom-su-static-prod.wtrecom.com/images/products/3/LN_523639_BP_3.jpg,https://www.waitrose.com/ecom/products/kelloggs-crunchy-nut-breakfast-cereal/523639-803300-803301,Kellogg's Crunchy Nut Breakfast Cereal,300g,£2.40,80p/100g,,Food Cupboard
011134,Cooks' Ingredients Porcini Mushrooms,G,false,984,https://ecom-su-static-prod.wtrecom.com/images/products/3/LN_011134_BP_3.jpg,https://www.waitrose.com/ecom/products/cooks-ingredients-porcini-mushrooms/011134-5532-5533,Cooks' Ingredients Porcini Mushrooms,30g,£3.10,£10.34/100g,,Food Cupboard
884623,Waitrose Free From Gluten Red Lentil Pasta,G,false,985,https://ecom-su-static-prod.wtrecom.com/images/products/3/LN_884623_BP_3.jpg,https://www.waitrose.com/ecom/products/waitrose-free-from-gluten-red-lentil-pasta/884623-496814-496815,Waitrose Free From Gluten Red Lentil Pasta,250g,£2.00,£8/kg,,Food Cupboard
633109,Eat Natural Low Sugar Granola,G,true,986,https://ecom-su-static-prod.wtrecom.com/images/products/3/LN_633109_BP_3.jpg,https://www.waitrose.com/ecom/products/eat-natural-low-sugar-granola/633109-674608-674609,Eat Natural Low Sugar Granola,450g,£3.35,74.4p/100g,20% Off. Was £4.25,Food Cupboard
896513,Nairn's Gluten Free Chocolate Chip Biscuit Breaks,G,false,987,https://ecom-su-static-prod.wtrecom.com/images/products/3/LN_896513_BP_3.jpg,https://www.waitrose.com/ecom/products/nairns-gluten-free-chocolate-chip-biscuit-breaks/896513-450871-450872,Nairn's Gluten Free Chocolate Chip Biscuit Breaks,160g,£2.10,£1.32/100g,,Food Cupboard
059324,Waitrose Quinoa,G,true,988,https://ecom-su-static-prod.wtrecom.com/images/products/3/LN_059324_BP_3.jpg,https://www.waitrose.com/ecom/products/waitrose-quinoa/059324-29873-29874,Waitrose Quinoa,500g,£2.60,£5.20/kg,20% Off. Was £3.25,Food Cupboard
524380,Colman's Tartare Sauce,G,false,989,https://ecom-su-static-prod.wtrecom.com/images/products/3/LN_524380_BP_3.jpg,https://www.waitrose.com/ecom/products/colmans-tartare-sauce/524380-589173-589174,Colman's Tartare Sauce,144g,£1.80,£1.25/100g,,Food Cupboard
840008,Dorset Cereals Berry Granola Breakfast Cereal,G,false,990,https://ecom-su-static-prod.wtrecom.com/images/products/3/LN_840008_BP_3.jpg,https://www.waitrose.com/ecom/products/dorset-cereals-berry-granola-breakfast-cereal/840008-808108-808109,Dorset Cereals Berry Granola Breakfast Cereal,450g,£3.75,83.3p/100g,,Food Cupboard
781421,Heinz Classic Carrot & Coriander Soup,G,true,991,https://ecom-su-static-prod.wtrecom.com/images/products/3/LN_781421_BP_3.jpg,https://www.waitrose.com/ecom/products/heinz-classic-carrot-coriander-soup/781421-149683-149684,Heinz Classic Carrot & Coriander Soup,400g,£1.75,43.8p/100g,Add 3 for £4.50,Food Cupboard
876687,Cooks' Ingredients Crispy Fried Onions,G,false,992,https://ecom-su-static-prod.wtrecom.com/images/products/3/LN_876687_BP_3.jpg,https://www.waitrose.com/ecom/products/cooks-ingredients-crispy-fried-onions/876687-409052-409053,Cooks' Ingredients Crispy Fried Onions,100g,£1.75,£1.75/100g,,Food Cupboard
496778,John West Fridge Pot MSC Tuna Steak in Sunflower Oil,G,true,993,https://ecom-su-static-prod.wtrecom.com/images/products/3/LN_496778_BP_3.jpg,https://www.waitrose.com/ecom/products/john-west-fridge-pot-msc-tuna-steak-in-sunflower-oil/496778-631287-631288,John West Fridge Pot MSC Tuna Steak in Sunflower Oil,3x110g,£4.25,£1.29/100g,save £1.75. Was £6.00,Food Cupboard
456196,Bonne Maman Salted Caramel Crème,G,false,994,https://ecom-su-static-prod.wtrecom.com/images/products/3/LN_456196_BP_3.jpg,https://www.waitrose.com/ecom/products/bonne-maman-salted-caramel-creme/456196-549849-549850,Bonne Maman Salted Caramel Crème,2x90g,£2.30,£1.28/100g,,Food Cupboard
554131,Nature's Finest Mandarin Segments in Juice,G,true,995,https://ecom-su-static-prod.wtrecom.com/images/products/3/LN_554131_BP_3.jpg,https://www.waitrose.com/ecom/products/natures-finest-mandarin-segments-in-juice/554131-78330-78331,Nature's Finest Mandarin Segments in Juice,drained 240g,£1.70,£7.09/kg,save 30p. Was £2.00,Food Cupboard
662860,Tony's Chocolonely Dark Chocolate Almond,G,false,996,https://ecom-su-static-prod.wtrecom.com/images/products/3/LN_662860_BP_3.jpg,https://www.waitrose.com/ecom/products/tonys-chocolonely-dark-chocolate-almond/662860-689342-689343,Tony's Chocolonely Dark Chocolate Almond,180g,£3.00,£1.67/100g,,Food Cupboard
014306,Waitrose Sesame Seeds,G,false,997,https://ecom-su-static-prod.wtrecom.com/images/products/3/LN_014306_BP_3.jpg,https://www.waitrose.com/ecom/products/waitrose-sesame-seeds/014306-6876-6877,Waitrose Sesame Seeds,100g,£1.25,£12.50/kg,,Food Cupboard
641759,Hula Hoops Original,G,false,998,https://ecom-su-static-prod.wtrecom.com/images/products/3/LN_641759_BP_3.jpg,https://www.waitrose.com/ecom/products/hula-hoops-original/641759-450540-450541,Hula Hoops Original,12x24g,£3.75,£1.31/100g,,Food Cupboard
011820,Waitrose Paella Rice,G,false,999,https://ecom-su-static-prod.wtrecom.com/images/products/3/LN_011820_BP_3.jpg,https://www.waitrose.com/ecom/products/waitrose-paella-rice/011820-5859-5860,Waitrose Paella Rice,500g,£2.70,£5.40/kg,,Food Cupboard
666173,Crosta & Mollica Black Olive Grissini,G,false,1000,https://ecom-su-static-prod.wtrecom.com/images/products/3/LN_666173_BP_3.jpg,https://www.waitrose.com/ecom/products/crosta-mollica-black-olive-grissini/666173-94560-94561,Crosta & Mollica Black Olive Grissini,140g,£2.10,£1.50/100g,,Food Cupboard
657340,Waitrose Triple Chocolate Crisp,G,false,1001,https://ecom-su-static-prod.wtrecom.com/images/products/3/LN_657340_BP_3.jpg,https://www.waitrose.com/ecom/products/waitrose-triple-chocolate-crisp/657340-93329-93330,Waitrose Triple Chocolate Crisp,500g,£2.75,55p/100g,,Food Cupboard
004371,St. Dalfour Strawberry Spread,G,false,1002,https://ecom-su-static-prod.wtrecom.com/images/products/3/LN_004371_BP_3.jpg,https://www.waitrose.com/ecom/products/st-dalfour-strawberry-spread/004371-1809-1810,St. Dalfour Strawberry Spread,284g,£2.85,£1.01/100g,,Food Cupboard
023669,Duchy Organic Mayonnaise,G,false,1003,https://ecom-su-static-prod.wtrecom.com/images/products/3/LN_023669_BP_3.jpg,https://www.waitrose.com/ecom/products/duchy-organic-mayonnaise/023669-11478-11479,Duchy Organic Mayonnaise,250ml,£2.25,90p/100ml,,Food Cupboard
467603,Mutti Pizza Sauce Classica,G,false,1004,https://ecom-su-static-prod.wtrecom.com/images/products/3/LN_467603_BP_3.jpg,https://www.waitrose.com/ecom/products/mutti-pizza-sauce-classica/467603-743692-743693,Mutti Pizza Sauce Classica,400g,£2.50,£6.25/kg,,Food Cupboard
017391,Waitrose Red Tomato Pesto,G,false,1005,https://ecom-su-static-prod.wtrecom.com/images/products/3/LN_017391_BP_3.jpg,https://www.waitrose.com/ecom/products/waitrose-red-tomato-pesto/017391-8410-8411,Waitrose Red Tomato Pesto,190g,£1.90,£1/100g,,Food Cupboard
034650,Essential Hot Horseradish,G,false,1006,https://ecom-su-static-prod.wtrecom.com/images/products/3/LN_034650_BP_3.jpg,https://www.waitrose.com/ecom/products/essential-hot-horseradish/034650-17447-17448,Essential Hot Horseradish,285g,£1.25,43.9p/100g,,Food Cupboard
523342,Nairn's Gluten Free Cheese Oatcakes,G,false,1007,https://ecom-su-static-prod.wtrecom.com/images/products/3/LN_523342_BP_3.jpg,https://www.waitrose.com/ecom/products/nairns-gluten-free-cheese-oatcakes/523342-143646-143647,Nairn's Gluten Free Cheese Oatcakes,180g,£2.10,£1.17/100g,,Food Cupboard
439213,Tilda Coconut Basmati Rice,G,true,1008,https://ecom-su-static-prod.wtrecom.com/images/products/3/LN_439213_BP_3.jpg,https://www.waitrose.com/ecom/products/tilda-coconut-basmati-rice/439213-148175-148176,Tilda Coconut Basmati Rice,250g,£1.00,£4/kg,save 85p. Was £1.85,Food Cupboard
047171,Carr's Melts Original Crackers,G,true,1009,https://ecom-su-static-prod.wtrecom.com/images/products/3/LN_047171_BP_3.jpg,https://www.waitrose.com/ecom/products/carrs-melts-original-crackers/047171-23294-23295,Carr's Melts Original Crackers,150g,£1.55,£1.04/100g,25% Off. Was £2.10,Food Cupboard
006393,Fanta Orange Zero Bottle,G,true,1010,https://ecom-su-static-prod.wtrecom.com/images/products/3/LN_006393_BP_3.jpg,https://www.waitrose.com/ecom/products/fanta-orange-zero-bottle/006393-2859-2860,Fanta Orange Zero Bottle,2litre,£2.15,10.8p/100ml,Add 2 for £3.50,Food Cupboard
477122,Hartley's 10 Cal Jelly Raspberry,G,true,1011,https://ecom-su-static-prod.wtrecom.com/images/products/3/LN_477122_BP_3.jpg,https://www.waitrose.com/ecom/products/hartleys-10-cal-jelly-raspberry/477122-413743-413744,Hartley's 10 Cal Jelly Raspberry,175g,60p,34.3p/100g,save 25p. Was 85p,Food Cupboard
714100,Essential Sliced Black Olives in Brine,G,false,1012,https://ecom-su-static-prod.wtrecom.com/images/products/3/LN_714100_BP_3.jpg,https://www.waitrose.com/ecom/products/essential-sliced-black-olives-in-brine/714100-723605-723606,Essential Sliced Black Olives in Brine,drained 85g,£1.30,£1.53/100g,,Food Cupboard
044833,Green & Black's Organic Butterscotch Milk Chocolate Bar,G,false,1013,https://ecom-su-static-prod.wtrecom.com/images/products/3/LN_044833_BP_3.jpg,https://www.waitrose.com/ecom/products/green-blacks-organic-butterscotch-milk-chocolate-bar/044833-22128-22129,Green & Black's Organic Butterscotch Milk Chocolate Bar,90g,£2.50,£2.78/100g,,Food Cupboard
036454,Epicure Organic Haricot Beans,G,true,1014,https://ecom-su-static-prod.wtrecom.com/images/products/3/LN_036454_BP_3.jpg,https://www.waitrose.com/ecom/products/epicure-organic-haricot-beans/036454-18277-18278,Epicure Organic Haricot Beans,drained 240g,95p,£3.96/kg,20% Off. Was £1.20,Food Cupboard
734461,Graze Cherry Bakewell Oat Boosts,G,false,1015,https://ecom-su-static-prod.wtrecom.com/images/products/3/LN_734461_BP_3.jpg,https://www.waitrose.com/ecom/products/graze-cherry-bakewell-oat-boosts/734461-786274-786275,Graze Cherry Bakewell Oat Boosts,4x30g,£2.90,£2.42/100g,,Food Cupboard
696124,Duchy Organic Fairtrade Coconut Oil,G,false,1016,https://ecom-su-static-prod.wtrecom.com/images/products/3/LN_696124_BP_3.jpg,https://www.waitrose.com/ecom/products/duchy-organic-fairtrade-coconut-oil/696124-805803-805804,Duchy Organic Fairtrade Coconut Oil,300ml,£3.60,£1.20/100ml,,Food Cupboard
407876,Sunbites Sour Cream & Cracked Black Pepper Multipack Snacks,G,true,1017,https://ecom-su-static-prod.wtrecom.com/images/products/3/LN_407876_BP_3.jpg,https://www.waitrose.com/ecom/products/sunbites-sour-cream-cracked-black-pepper-multipack-snacks/407876-57398-57399,Sunbites Sour Cream & Cracked Black Pepper Multipack Snacks,6x25g,£2.25,£1.50/100g,Add 2 for £3.25,Food Cupboard
857789,Knorr Gluten Free Vegetable Stock Pot,G,false,1018,https://ecom-su-static-prod.wtrecom.com/images/products/3/LN_857789_BP_3.jpg,https://www.waitrose.com/ecom/products/knorr-gluten-free-vegetable-stock-pot/857789-230083-230084,Knorr Gluten Free Vegetable Stock Pot,4x28g,£2.00,£1.79/100g,,Food Cupboard
073313,Alpro Vanilla Dairy Free Soya Custard,G,false,1019,https://ecom-su-static-prod.wtrecom.com/images/products/3/LN_073313_BP_3.jpg,https://www.waitrose.com/ecom/products/alpro-vanilla-dairy-free-soya-custard/073313-37202-37203,Alpro Vanilla Dairy Free Soya Custard,525g,£1.25,23.8p/100g,,Food Cupboard
857342,Tilda Microwave Sticky Rice,G,false,1020,https://ecom-su-static-prod.wtrecom.com/images/products/3/LN_857342_BP_3.jpg,https://www.waitrose.com/ecom/products/tilda-microwave-sticky-rice/857342-805841-805842,Tilda Microwave Sticky Rice,250g,£1.65,£6.60/kg,,Food Cupboard
710008,Sunbites Sun Ripened Sweet Chilli Multipack Snacks,G,true,1021,https://ecom-su-static-prod.wtrecom.com/images/products/3/LN_710008_BP_3.jpg,https://www.waitrose.com/ecom/products/sunbites-sun-ripened-sweet-chilli-multipack-snacks/710008-100855-100856,Sunbites Sun Ripened Sweet Chilli Multipack Snacks,6x25g,£2.25,£1.50/100g,Add 2 for £3.25,Food Cupboard
598880,Dr Karg's Pumpkin Seeds Protein Thins,G,false,1022,https://ecom-su-static-prod.wtrecom.com/images/products/3/LN_598880_BP_3.jpg,https://www.waitrose.com/ecom/products/dr-kargs-pumpkin-seeds-protein-thins/598880-698044-698045,Dr Karg's Pumpkin Seeds Protein Thins,150g,£2.75,£1.84/100g,,Food Cupboard
797417,Tyrrells Lentil Sweet Chilli Crisps,G,true,1023,https://ecom-su-static-prod.wtrecom.com/images/products/3/LN_797417_BP_3.jpg,https://www.waitrose.com/ecom/products/tyrrells-lentil-sweet-chilli-crisps/797417-765090-765091,Tyrrells Lentil Sweet Chilli Crisps,80g,£1.35,£1.69/100g,save 65p. Was £2.00,Food Cupboard
666257,Essential MSC Tuna Chunks in Sunflower Oil,G,false,1024,https://ecom-su-static-prod.wtrecom.com/images/products/3/LN_666257_BP_3.jpg,https://www.waitrose.com/ecom/products/essential-msc-tuna-chunks-in-sunflower-oil/666257-728732-728733,Essential MSC Tuna Chunks in Sunflower Oil,drained 112g,£1.25,£1.12/100g,,Food Cupboard
601504,Walkers Sensations Thai Sweet Chilli Coated Sharing Peanuts,G,false,1025,https://ecom-su-static-prod.wtrecom.com/images/products/3/LN_601504_BP_3.jpg,https://www.waitrose.com/ecom/products/walkers-sensations-thai-sweet-chilli-coated-sharing-peanuts/601504-261205-261206,Walkers Sensations Thai Sweet Chilli Coated Sharing Peanuts,150g,£2.65,£1.77/100g,,Food Cupboard
702593,Waitrose Fizzy Strawberry Flavour Lances,G,false,1026,https://ecom-su-static-prod.wtrecom.com/images/products/3/LN_702593_BP_3.jpg,https://www.waitrose.com/ecom/products/waitrose-fizzy-strawberry-flavour-lances/702593-729154-729155,Waitrose Fizzy Strawberry Flavour Lances,65g,65p,£1/100g,,Food Cupboard
003630,Waitrose Duchy Organic Cashew Nuts,G,false,1027,https://ecom-su-static-prod.wtrecom.com/images/products/3/LN_003630_BP_3.jpg,https://www.waitrose.com/ecom/products/waitrose-duchy-organic-cashew-nuts/003630-1493-1494,Waitrose Duchy Organic Cashew Nuts,150g,£3.50,£2.34/100g,,Food Cupboard
756916,Kellogg's Rice Krispies Squares Chocolatey Cereal Snack Bars,G,false,1028,https://ecom-su-static-prod.wtrecom.com/images/products/3/LN_756916_BP_3.jpg,https://www.waitrose.com/ecom/products/kelloggs-rice-krispies-squares-chocolatey-cereal-snack-bars/756916-724012-724013,Kellogg's Rice Krispies Squares Chocolatey Cereal Snack Bars,4x36g,£2.35,£1.64/100g,,Food Cupboard
052812,Jus-Rol Puff Pastry Block,G,false,1029,https://ecom-su-static-prod.wtrecom.com/images/products/3/LN_052812_BP_3.jpg,https://www.waitrose.com/ecom/products/jus-rol-puff-pastry-block/052812-26335-26336,Jus-Rol Puff Pastry Block,500g,£1.70,£3.40/kg,,Food Cupboard
868974,Waitrose Wafer Ice Cream Cones,G,false,1030,https://ecom-su-static-prod.wtrecom.com/images/products/3/LN_868974_BP_3.jpg,https://www.waitrose.com/ecom/products/waitrose-wafer-ice-cream-cones/868974-694042-694043,Waitrose Wafer Ice Cream Cones,10s,80p,8p each,,Food Cupboard
808918,Waitrose Sweet Chilli Sauce,G,true,1031,https://ecom-su-static-prod.wtrecom.com/images/products/3/LN_808918_BP_3.jpg,https://www.waitrose.com/ecom/products/waitrose-sweet-chilli-sauce/808918-824604-824605,Waitrose Sweet Chilli Sauce,150g,£1.15,76.7p/100g,"£7 Stir Fry Meal Deal: Add protein, veg, sauce & rice or noodles",Food Cupboard
548749,Walkers Sensations Roast Chicken & Thyme Sharing Crisps,G,true,1032,https://ecom-su-static-prod.wtrecom.com/images/products/3/LN_548749_BP_3.jpg,https://www.waitrose.com/ecom/products/walkers-sensations-roast-chicken-thyme-sharing-crisps/548749-306874-306875,Walkers Sensations Roast Chicken & Thyme Sharing Crisps,150g,£1.50,£1/100g,save £1.00. Was £2.50,Food Cupboard
082777,Ben's Original Basmati Rice,G,true,1033,https://ecom-su-static-prod.wtrecom.com/images/products/3/LN_082777_BP_3.jpg,https://www.waitrose.com/ecom/products/bens-original-basmati-rice/082777-42085-42086,Ben's Original Basmati Rice,220g,£1.20,£5.46/kg,Add 2 for £2,Food Cupboard
029447,Baxters Cream of Tomato Soup,G,false,1034,https://ecom-su-static-prod.wtrecom.com/images/products/3/LN_029447_BP_3.jpg,https://www.waitrose.com/ecom/products/baxters-cream-of-tomato-soup/029447-14401-14402,Baxters Cream of Tomato Soup,400g,£2.00,50p/100g,,Food Cupboard
703478,itsu udon noodles,G,false,1035,https://ecom-su-static-prod.wtrecom.com/images/products/3/LN_703478_BP_3.jpg,https://www.waitrose.com/ecom/products/itsu-udon-noodles/703478-807611-807612,itsu udon noodles,150g,£1.00,66.7p/100g,,Food Cupboard
652676,Essential Custard,G,false,1036,https://ecom-su-static-prod.wtrecom.com/images/products/3/LN_652676_BP_3.jpg,https://www.waitrose.com/ecom/products/essential-custard/652676-295445-295446,Essential Custard,400g,£1.00,25p/100g,,Food Cupboard
009668,Galaxy Smooth Milk Chocolate,G,false,1037,https://ecom-su-static-prod.wtrecom.com/images/products/3/LN_009668_BP_3.jpg,https://www.waitrose.com/ecom/products/galaxy-smooth-milk-chocolate/009668-4783-4784,Galaxy Smooth Milk Chocolate,360g,£4.25,£1.19/100g,,Food Cupboard
084443,Sharwood's Prawn Crackers,G,true,1038,https://ecom-su-static-prod.wtrecom.com/images/products/3/LN_084443_BP_3.jpg,https://www.waitrose.com/ecom/products/sharwoods-prawn-crackers/084443-42893-42894,Sharwood's Prawn Crackers,60g,£1.60,£2.67/100g,save 50p. Was £2.10,Food Cupboard
745566,Waitrose Honey Roast Cashews,G,false,1039,https://ecom-su-static-prod.wtrecom.com/images/products/3/LN_745566_BP_3.jpg,https://www.waitrose.com/ecom/products/waitrose-honey-roast-cashews/745566-782808-782809,Waitrose Honey Roast Cashews,100g,£1.95,£1.95/100g,,Food Cupboard
521213,Wonderful Almonds Roasted Salted,G,true,1040,https://ecom-su-static-prod.wtrecom.com/images/products/3/LN_521213_BP_3.jpg,https://www.waitrose.com/ecom/products/wonderful-almonds-roasted-salted/521213-413753-413754,Wonderful Almonds Roasted Salted,140g,£2.50,£1.79/100g,save 80p. Was £3.30,Food Cupboard
884934,Waitrose Fizzy Watermelon Slices,G,false,1041,https://ecom-su-static-prod.wtrecom.com/images/products/3/LN_884934_BP_3.jpg,https://www.waitrose.com/ecom/products/waitrose-fizzy-watermelon-slices/884934-731525-731526,Waitrose Fizzy Watermelon Slices,65g,65p,£1/100g,,Food Cupboard
032437,Ben's Original Wholegrain Rice,G,true,1042,https://ecom-su-static-prod.wtrecom.com/images/products/3/LN_032437_BP_3.jpg,https://www.waitrose.com/ecom/products/bens-original-wholegrain-rice/032437-15835-15836,Ben's Original Wholegrain Rice,220g,£1.20,£5.46/kg,Add 2 for £2,Food Cupboard
005127,Dolmio Stir in Sun-Dried Tomato,G,true,1043,https://ecom-su-static-prod.wtrecom.com/images/products/3/LN_005127_BP_3.jpg,https://www.waitrose.com/ecom/products/dolmio-stir-in-sun-dried-tomato/005127-2215-2216,Dolmio Stir in Sun-Dried Tomato,150g,£2.30,£1.54/100g,Add 2 for £3.50,Food Cupboard
010794,Kellogg's Special K Red Berries Breakfast Cereal,G,true,1044,https://ecom-su-static-prod.wtrecom.com/images/products/3/LN_010794_BP_3.jpg,https://www.waitrose.com/ecom/products/kelloggs-special-k-red-berries-breakfast-cereal/010794-5370-5371,Kellogg's Special K Red Berries Breakfast Cereal,330g,£2.75,83.3p/100g,save 70p. Was £3.45,Food Cupboard
529815,Lu Le Petit Chocolate Chip Cookies,G,false,1045,https://ecom-su-static-prod.wtrecom.com/images/products/3/LN_529815_BP_3.jpg,https://www.waitrose.com/ecom/products/lu-le-petit-chocolate-chip-cookies/529815-823050-823051,Lu Le Petit Chocolate Chip Cookies,184g,£1.80,97.8p/100g,,Food Cupboard
851016,Waitrose Dark Chocolate with Salted Caramel,G,false,1046,https://ecom-su-static-prod.wtrecom.com/images/products/3/LN_851016_BP_3.jpg,https://www.waitrose.com/ecom/products/waitrose-dark-chocolate-with-salted-caramel/851016-710413-710414,Waitrose Dark Chocolate with Salted Caramel,90g,£2.00,£2.23/100g,,Food Cupboard
650239,Waitrose Cheese & Poppy Seed Twists,G,false,1047,https://ecom-su-static-prod.wtrecom.com/images/products/3/LN_650239_BP_3.jpg,https://www.waitrose.com/ecom/products/waitrose-cheese-poppy-seed-twists/650239-92298-92299,Waitrose Cheese & Poppy Seed Twists,125g,£2.25,£1.80/100g,,Food Cupboard
411920,Waitrose Desiccated Coconut,G,false,1048,https://ecom-su-static-prod.wtrecom.com/images/products/3/LN_411920_BP_3.jpg,https://www.waitrose.com/ecom/products/waitrose-desiccated-coconut/411920-778916-778917,Waitrose Desiccated Coconut,250g,£1.90,76p/100g,,Food Cupboard
073552,HP Brown Sauce Small Bottle,G,false,1049,https://ecom-su-static-prod.wtrecom.com/images/products/3/LN_073552_BP_3.jpg,https://www.waitrose.com/ecom/products/hp-brown-sauce-small-bottle/073552-37312-37313,HP Brown Sauce Small Bottle,285g,£2.55,89.5p/100g,,Food Cupboard
631186,Proper Chips Barbecue Lentil Chips,G,true,1050,https://ecom-su-static-prod.wtrecom.com/images/products/3/LN_631186_BP_3.jpg,https://www.waitrose.com/ecom/products/proper-chips-barbecue-lentil-chips/631186-780253-780254,Proper Chips Barbecue Lentil Chips,5x14g,£1.50,£2.15/100g,save 50p. Was £2.00,Food Cupboard
017450,Essential Whole Grain Rice,G,false,1051,https://ecom-su-static-prod.wtrecom.com/images/products/3/LN_017450_BP_3.jpg,https://www.waitrose.com/ecom/products/essential-whole-grain-rice/017450-8450-8451,Essential Whole Grain Rice,1kg,£2.00,£2/kg,,Food Cupboard
029135,Heinz Mulligatawny Beef Soup,G,true,1052,https://ecom-su-static-prod.wtrecom.com/images/products/3/LN_029135_BP_3.jpg,https://www.waitrose.com/ecom/products/heinz-mulligatawny-beef-soup/029135-14201-14202,Heinz Mulligatawny Beef Soup,400g,£1.75,43.8p/100g,Add 3 for £4.50,Food Cupboard
096635,Waitrose Roasted Salted Savoury Mix,G,false,1053,https://ecom-su-static-prod.wtrecom.com/images/products/3/LN_096635_BP_3.jpg,https://www.waitrose.com/ecom/products/waitrose-roasted-salted-savoury-mix/096635-49416-49417,Waitrose Roasted Salted Savoury Mix,200g,£2.50,£1.25/100g,,Food Cupboard
756483,Tyrrell's Chips Sea Salt & Black Pepper,G,false,1054,https://ecom-su-static-prod.wtrecom.com/images/products/3/LN_756483_BP_3.jpg,https://www.waitrose.com/ecom/products/tyrrells-chips-sea-salt-black-pepper/756483-107611-107612,Tyrrell's Chips Sea Salt & Black Pepper,150g,£2.75,£1.84/100g,,Food Cupboard
095591,Haribo Maoam Stripes,G,false,1055,https://ecom-su-static-prod.wtrecom.com/images/products/3/LN_095591_BP_3.jpg,https://www.waitrose.com/ecom/products/haribo-maoam-stripes/095591-48977-48978,Haribo Maoam Stripes,140g,£1.30,92.9p/100g,,Food Cupboard
647195,Tony's Chocolonely Milk Chocolate,G,false,1056,https://ecom-su-static-prod.wtrecom.com/images/products/3/LN_647195_BP_3.jpg,https://www.waitrose.com/ecom/products/tonys-chocolonely-milk-chocolate/647195-686317-686318,Tony's Chocolonely Milk Chocolate,180g,£3.00,£1.67/100g,,Food Cupboard
574627,Doritos Mild Salsa Sharing Dip,G,true,1057,https://ecom-su-static-prod.wtrecom.com/images/products/3/LN_574627_BP_3.jpg,https://www.waitrose.com/ecom/products/doritos-mild-salsa-sharing-dip/574627-306912-306913,Doritos Mild Salsa Sharing Dip,300g,£1.75,58.3p/100g,save 75p. Was £2.50,Food Cupboard
892841,Manomasa Serrano Chilli & Yucatan Honey,G,false,1058,https://ecom-su-static-prod.wtrecom.com/images/products/3/LN_892841_BP_3.jpg,https://www.waitrose.com/ecom/products/manomasa-serrano-chilli-yucatan-honey/892841-786482-786483,Manomasa Serrano Chilli & Yucatan Honey,140g,£2.30,£1.65/100g,,Food Cupboard
009018,Waitrose Mint Imperials,G,false,1059,https://ecom-su-static-prod.wtrecom.com/images/products/3/LN_009018_BP_3.jpg,https://www.waitrose.com/ecom/products/waitrose-mint-imperials/009018-4313-4314,Waitrose Mint Imperials,200g,£1.50,75p/100g,,Food Cupboard
525637,Deliciously Ella Gluten Free & Vegan Apricot & Coconut Oat Bars,G,false,1060,https://ecom-su-static-prod.wtrecom.com/images/products/3/LN_525637_BP_3.jpg,https://www.waitrose.com/ecom/products/deliciously-ella-gluten-free-vegan-apricot-coconut-oat-bars/525637-666670-666671,Deliciously Ella Gluten Free & Vegan Apricot & Coconut Oat Bars,3x50g,£2.80,£1.87/100g,,Food Cupboard
002132,Jacquet Toast Francais,G,false,1061,https://ecom-su-static-prod.wtrecom.com/images/products/3/LN_002132_BP_3.jpg,https://www.waitrose.com/ecom/products/jacquet-toast-francais/002132-588-589,Jacquet Toast Francais,200g,£2.00,£1/100g,,Food Cupboard
058491,Essential Onion Rings,G,false,1062,https://ecom-su-static-prod.wtrecom.com/images/products/3/LN_058491_BP_3.jpg,https://www.waitrose.com/ecom/products/essential-onion-rings/058491-29431-29432,Essential Onion Rings,100g,£1.10,£1.10/100g,,Food Cupboard
609198,No.1 Fusilli Bucati,G,false,1063,https://ecom-su-static-prod.wtrecom.com/images/products/3/LN_609198_BP_3.jpg,https://www.waitrose.com/ecom/products/no1-fusilli-bucati/609198-499354-499355,No.1 Fusilli Bucati,500g,£2.75,£5.50/kg,,Food Cupboard
066109,Bisto Reduced Salt Gravy Granules,G,false,1064,https://ecom-su-static-prod.wtrecom.com/images/products/3/LN_066109_BP_3.jpg,https://www.waitrose.com/ecom/products/bisto-reduced-salt-gravy-granules/066109-33480-33481,Bisto Reduced Salt Gravy Granules,190g,£3.00,£1.58/100g,,Food Cupboard
801349,Heinz Original Salad Cream,G,false,1065,https://ecom-su-static-prod.wtrecom.com/images/products/3/LN_801349_BP_3.jpg,https://www.waitrose.com/ecom/products/heinz-original-salad-cream/801349-727677-727678,Heinz Original Salad Cream,605g,£4.10,67.8p/100g,,Food Cupboard
447836,Waitrose Duchy Organic Dried Apricots,G,false,1066,https://ecom-su-static-prod.wtrecom.com/images/products/3/LN_447836_BP_3.jpg,https://www.waitrose.com/ecom/products/waitrose-duchy-organic-dried-apricots/447836-753555-753556,Waitrose Duchy Organic Dried Apricots,250g,£4.25,£1.70/100g,,Food Cupboard
837060,Batchelors 4 Cream of Asparagus Cup a Soup,G,false,1067,https://ecom-su-static-prod.wtrecom.com/images/products/3/LN_837060_BP_3.jpg,https://www.waitrose.com/ecom/products/batchelors-4-cream-of-asparagus-cup-a-soup/837060-347902-347903,Batchelors 4 Cream of Asparagus Cup a Soup,117g,£1.70,£1.46/100g,,Food Cupboard
815232,No.1 Dark Chocolate with Orange & Almond,G,false,1068,https://ecom-su-static-prod.wtrecom.com/images/products/3/LN_815232_BP_3.jpg,https://www.waitrose.com/ecom/products/no1-dark-chocolate-with-orange-almond/815232-706944-706945,No.1 Dark Chocolate with Orange & Almond,100g,£2.25,£2.25/100g,,Food Cupboard
028539,Heinz Classic Chicken Noodle Soup,G,true,1069,https://ecom-su-static-prod.wtrecom.com/images/products/3/LN_028539_BP_3.jpg,https://www.waitrose.com/ecom/products/heinz-classic-chicken-noodle-soup/028539-13906-13907,Heinz Classic Chicken Noodle Soup,400g,£1.75,43.8p/100g,Add 3 for £4.50,Food Cupboard
841599,Walkers French Fries Crisps Ready Salted Multipack Snacks,G,true,1070,https://ecom-su-static-prod.wtrecom.com/images/products/3/LN_841599_BP_3.jpg,https://www.waitrose.com/ecom/products/walkers-french-fries-crisps-ready-salted-multipack-snacks/841599-719921-719922,Walkers French Fries Crisps Ready Salted Multipack Snacks,6x18g,£2.25,£2.09/100g,Add 2 for £3.25,Food Cupboard
005825,Ambrosia Light Devon Custard,G,true,1071,https://ecom-su-static-prod.wtrecom.com/images/products/3/LN_005825_BP_3.jpg,https://www.waitrose.com/ecom/products/ambrosia-light-devon-custard/005825-2548-2549,Ambrosia Light Devon Custard,400g,£1.95,48.8p/100g,Add 2 for £2.50,Food Cupboard
023432,Spam Chopped Pork & Ham,G,true,1072,https://ecom-su-static-prod.wtrecom.com/images/products/3/LN_023432_BP_3.jpg,https://www.waitrose.com/ecom/products/spam-chopped-pork-ham/023432-11381-11382,Spam Chopped Pork & Ham,340g,£3.00,88.2p/100g,save 70p. Was £3.70,Food Cupboard
806697,Waitrose Sweet & Sour Stir Fry Sauce,G,false,1073,https://ecom-su-static-prod.wtrecom.com/images/products/3/LN_806697_BP_3.jpg,https://www.waitrose.com/ecom/products/waitrose-sweet-sour-stir-fry-sauce/806697-767163-767164,Waitrose Sweet & Sour Stir Fry Sauce,120g,75p,62.5p/100g,,Food Cupboard
828233,Waitrose Soft Figs,G,false,1074,https://ecom-su-static-prod.wtrecom.com/images/products/3/LN_828233_BP_3.jpg,https://www.waitrose.com/ecom/products/waitrose-soft-figs/828233-782816-782817,Waitrose Soft Figs,500g,£4.25,85p/100g,,Food Cupboard
459471,Fibre One 90 Calorie Chocolate Fudge Brownies,G,false,1075,https://ecom-su-static-prod.wtrecom.com/images/products/3/LN_459471_BP_3.jpg,https://www.waitrose.com/ecom/products/fibre-one-90-calorie-chocolate-fudge-brownies/459471-491921-491922,Fibre One 90 Calorie Chocolate Fudge Brownies,5x24g,£3.00,£2.50/100g,,Food Cupboard
870518,McVitie's Gold Caramel Flavour Biscuit Bars,G,true,1076,https://ecom-su-static-prod.wtrecom.com/images/products/3/LN_870518_BP_3.jpg,https://www.waitrose.com/ecom/products/mcvities-gold-caramel-flavour-biscuit-bars/870518-260118-260119,McVitie's Gold Caramel Flavour Biscuit Bars,124g,£1.25,,save 55p. Was £1.80,Food Cupboard
627089,Duchy Organic Coconut Cream,G,false,1077,https://ecom-su-static-prod.wtrecom.com/images/products/3/LN_627089_BP_3.jpg,https://www.waitrose.com/ecom/products/duchy-organic-coconut-cream/627089-747480-747481,Duchy Organic Coconut Cream,160ml,£1.55,96.9p/100ml,,Food Cupboard
011176,Waitrose Roast Salted Pistachios,G,false,1078,https://ecom-su-static-prod.wtrecom.com/images/products/3/LN_011176_BP_3.jpg,https://www.waitrose.com/ecom/products/waitrose-roast-salted-pistachios/011176-5554-5555,Waitrose Roast Salted Pistachios,100g,£2.00,£2/100g,,Food Cupboard
020933,Colman's Bread Sauce Mix,G,true,1079,https://ecom-su-static-prod.wtrecom.com/images/products/3/LN_020933_BP_3.jpg,https://www.waitrose.com/ecom/products/colmans-bread-sauce-mix/020933-10187-10188,Colman's Bread Sauce Mix,40g,£1.00,£2.50/100g,Add 2 for £1.50,Food Cupboard
383414,Cirio Polpa Fine Finely Chopped Tomatoes,G,false,1080,https://ecom-su-static-prod.wtrecom.com/images/products/3/LN_383414_BP_3.jpg,https://www.waitrose.com/ecom/products/cirio-polpa-fine-finely-chopped-tomatoes/383414-53907-53908,Cirio Polpa Fine Finely Chopped Tomatoes,390g,£1.40,£3.59/kg,,Food Cupboard
589610,Green & Black's Organic Smooth Dark Chocolate Mint Bar,G,false,1081,https://ecom-su-static-prod.wtrecom.com/images/products/3/LN_589610_BP_3.jpg,https://www.waitrose.com/ecom/products/green-blacks-organic-smooth-dark-chocolate-mint-bar/589610-784506-784507,Green & Black's Organic Smooth Dark Chocolate Mint Bar,90g,£2.50,£2.78/100g,,Food Cupboard
890000,Stoats 4 Blueberry & Honey Porridge Oat Bars,G,false,1082,https://ecom-su-static-prod.wtrecom.com/images/products/3/LN_890000_BP_3.jpg,https://www.waitrose.com/ecom/products/stoats-4-blueberry-honey-porridge-oat-bars/890000-319193-319194,Stoats 4 Blueberry & Honey Porridge Oat Bars,4x42g,£2.40,£1.43/100g,,Food Cupboard
098203,Hartley's Jelly Orange,G,false,1083,https://ecom-su-static-prod.wtrecom.com/images/products/3/LN_098203_BP_3.jpg,https://www.waitrose.com/ecom/products/hartleys-jelly-orange/098203-50073-50074,Hartley's Jelly Orange,135g,£1.00,74.1p/100g,,Food Cupboard
436004,Waitrose Duchy Organic Walnuts,G,false,1084,https://ecom-su-static-prod.wtrecom.com/images/products/3/LN_436004_BP_3.jpg,https://www.waitrose.com/ecom/products/waitrose-duchy-organic-walnuts/436004-753509-753510,Waitrose Duchy Organic Walnuts,150g,£3.75,£2.50/100g,,Food Cupboard
696134,Nairn's Coconut & Chia Oat Biscuits 4x5,G,false,1085,https://ecom-su-static-prod.wtrecom.com/images/products/3/LN_696134_BP_3.jpg,https://www.waitrose.com/ecom/products/nairns-coconut-chia-oat-biscuits-4x5/696134-684267-684268,Nairn's Coconut & Chia Oat Biscuits 4x5,200g,£1.75,87.5p/100g,,Food Cupboard
009550,Waitrose Dark Choc with Raisins & Almonds,G,false,1086,https://ecom-su-static-prod.wtrecom.com/images/products/3/LN_009550_BP_3.jpg,https://www.waitrose.com/ecom/products/waitrose-dark-choc-with-raisins-almonds/009550-4696-4697,Waitrose Dark Choc with Raisins & Almonds,180g,£2.20,£1.23/100g,,Food Cupboard
067698,Waitrose Cheddar & Caramelised Onion Crisps,G,false,1087,https://ecom-su-static-prod.wtrecom.com/images/products/3/LN_067698_BP_3.jpg,https://www.waitrose.com/ecom/products/waitrose-cheddar-caramelised-onion-crisps/067698-34367-34368,Waitrose Cheddar & Caramelised Onion Crisps,150g,£1.65,£1.10/100g,,Food Cupboard
001345,Post Grape-Nuts,G,false,1088,https://ecom-su-static-prod.wtrecom.com/images/products/3/LN_001345_BP_3.jpg,https://www.waitrose.com/ecom/products/post-grape-nuts/001345-240-241,Post Grape-Nuts,580g,£4.15,71.6p/100g,,Food Cupboard
882679,Kallo Apple & Cinnamon Rice & Corn Cakes,G,true,1089,https://ecom-su-static-prod.wtrecom.com/images/products/3/LN_882679_BP_3.jpg,https://www.waitrose.com/ecom/products/kallo-apple-cinnamon-rice-corn-cakes/882679-669173-669174,Kallo Apple & Cinnamon Rice & Corn Cakes,127g,£1.60,£1.26/100g,20% Off. Was £2.00,Food Cupboard
785003,Cooks' Ingredients Smoky Chipotle Paste,G,false,1090,https://ecom-su-static-prod.wtrecom.com/images/products/3/LN_785003_BP_3.jpg,https://www.waitrose.com/ecom/products/cooks-ingredients-smoky-chipotle-paste/785003-312393-312394,Cooks' Ingredients Smoky Chipotle Paste,95g,£1.85,£1.95/100g,,Food Cupboard
485999,John West MSC Tuna Chunks in Brine,G,true,1091,https://ecom-su-static-prod.wtrecom.com/images/products/3/LN_485999_BP_3.jpg,https://www.waitrose.com/ecom/products/john-west-msc-tuna-chunks-in-brine/485999-723699-723700,John West MSC Tuna Chunks in Brine,drained 4x102g,£4.00,98p/100g,save £2.00. Was £6.00,Food Cupboard
034408,Waitrose Pickled Silverskin Onions,G,false,1092,https://ecom-su-static-prod.wtrecom.com/images/products/3/LN_034408_BP_3.jpg,https://www.waitrose.com/ecom/products/waitrose-pickled-silverskin-onions/034408-17267-17268,Waitrose Pickled Silverskin Onions,drained 150g,£1.20,80p/100g,,Food Cupboard
397924,Dorset Cereals Fantastically Fruity Muesli,G,false,1093,https://ecom-su-static-prod.wtrecom.com/images/products/3/LN_397924_BP_3.jpg,https://www.waitrose.com/ecom/products/dorset-cereals-fantastically-fruity-muesli/397924-55952-55953,Dorset Cereals Fantastically Fruity Muesli,600g,£4.20,70p/100g,,Food Cupboard
034114,Flora Sunflower Oil,G,true,1094,https://ecom-su-static-prod.wtrecom.com/images/products/3/LN_034114_BP_3.jpg,https://www.waitrose.com/ecom/products/flora-sunflower-oil/034114-17071-17072,Flora Sunflower Oil,1litre,£2.25,22.5p/100ml,save £1.25. Was £3.50,Food Cupboard
035918,Duchy Organic Basmati Rice,G,false,1095,https://ecom-su-static-prod.wtrecom.com/images/products/3/LN_035918_BP_3.jpg,https://www.waitrose.com/ecom/products/duchy-organic-basmati-rice/035918-18044-18045,Duchy Organic Basmati Rice,500g,£3.40,£6.80/kg,,Food Cupboard
663230,BelVita Breakfast Biscuits Cocoa with Choc Chips 5 Pack,G,false,1096,https://ecom-su-static-prod.wtrecom.com/images/products/3/LN_663230_BP_3.jpg,https://www.waitrose.com/ecom/products/belvita-breakfast-biscuits-cocoa-with-choc-chips-5-pack/663230-336206-336207,BelVita Breakfast Biscuits Cocoa with Choc Chips 5 Pack,5x45g,£1.25,55.6p/100g,,Food Cupboard
519648,Cooks' Ingredients Ground Coriander,G,false,1097,https://ecom-su-static-prod.wtrecom.com/images/products/3/LN_519648_BP_3.jpg,https://www.waitrose.com/ecom/products/cooks-ingredients-ground-coriander/519648-784886-784887,Cooks' Ingredients Ground Coriander,42g,£1.60,38.1p/10g,,Food Cupboard
546605,Bendicks Mint Collection,G,false,1098,https://ecom-su-static-prod.wtrecom.com/images/products/3/LN_546605_BP_3.jpg,https://www.waitrose.com/ecom/products/bendicks-mint-collection/546605-77271-77272,Bendicks Mint Collection,200g,£6.00,£3/100g,,Food Cupboard
656539,Stokes Tomato Ketchup,G,false,1099,https://ecom-su-static-prod.wtrecom.com/images/products/3/LN_656539_BP_3.jpg,https://www.waitrose.com/ecom/products/stokes-tomato-ketchup/656539-93213-93214,Stokes Tomato Ketchup,300g,£3.00,£1/100g,,Food Cupboard
631726,Proper Chips Salt & Vinegar Lentil Chips,G,true,1100,https://ecom-su-static-prod.wtrecom.com/images/products/3/LN_631726_BP_3.jpg,https://www.waitrose.com/ecom/products/proper-chips-salt-vinegar-lentil-chips/631726-780255-780256,Proper Chips Salt & Vinegar Lentil Chips,5x14g,£1.50,£2.15/100g,save 50p. Was £2.00,Food Cupboard
590970,Proper Chips Lentil Chips Barbecue,G,true,1101,https://ecom-su-static-prod.wtrecom.com/images/products/3/LN_590970_BP_3.jpg,https://www.waitrose.com/ecom/products/proper-chips-lentil-chips-barbecue/590970-719588-719589,Proper Chips Lentil Chips Barbecue,85g,£1.25,£1.48/100g,save 75p. Was £2.00,Food Cupboard
888713,Polo Original Mint Tube Multipack,G,false,1102,https://ecom-su-static-prod.wtrecom.com/images/products/3/LN_888713_BP_3.jpg,https://www.waitrose.com/ecom/products/polo-original-mint-tube-multipack/888713-450853-450854,Polo Original Mint Tube Multipack,4x34g,£1.85,£1.37/100g,,Food Cupboard
596229,Manomasa Manchego & Green Olive,G,false,1103,https://ecom-su-static-prod.wtrecom.com/images/products/3/LN_596229_BP_3.jpg,https://www.waitrose.com/ecom/products/manomasa-manchego-green-olive/596229-786150-786151,Manomasa Manchego & Green Olive,140g,£2.30,£1.65/100g,,Food Cupboard
716981,Millers Toast Cranberry & Raisin,G,false,1104,https://ecom-su-static-prod.wtrecom.com/images/products/3/LN_716981_BP_3.jpg,https://www.waitrose.com/ecom/products/millers-toast-cranberry-raisin/716981-132050-132051,Millers Toast Cranberry & Raisin,100g,£3.25,£3.25/100g,,Food Cupboard
024909,Clarence Court Braddock Whites FR Duck Eggs,G,false,1105,https://ecom-su-static-prod.wtrecom.com/images/products/3/LN_024909_BP_3.jpg,https://www.waitrose.com/ecom/products/clarence-court-braddock-whites-fr-duck-eggs/024909-12070-12071,Clarence Court Braddock Whites FR Duck Eggs,6s,£4.50,75p each,,Food Cupboard
504142,Heinz Big Soup Chicken & Vegetable,G,true,1106,https://ecom-su-static-prod.wtrecom.com/images/products/3/LN_504142_BP_3.jpg,https://www.waitrose.com/ecom/products/heinz-big-soup-chicken-vegetable/504142-727123-727124,Heinz Big Soup Chicken & Vegetable,400g,£2.00,50p/100g,Add 3 for £4.50,Food Cupboard
578824,itsu Dark Chocolate Rice Cakes,G,false,1107,https://ecom-su-static-prod.wtrecom.com/images/products/3/LN_578824_BP_3.jpg,https://www.waitrose.com/ecom/products/itsu-dark-chocolate-rice-cakes/578824-311205-311206,itsu Dark Chocolate Rice Cakes,100g,£2.00,£2/100g,,Food Cupboard
809131,Waitrose Chilli Rice Crackers,G,false,1108,https://ecom-su-static-prod.wtrecom.com/images/products/3/LN_809131_BP_3.jpg,https://www.waitrose.com/ecom/products/waitrose-chilli-rice-crackers/809131-779004-779005,Waitrose Chilli Rice Crackers,150g,£1.95,£1.30/100g,,Food Cupboard
894225,Essential Smooth Peanut Butter,G,false,1109,https://ecom-su-static-prod.wtrecom.com/images/products/3/LN_894225_BP_3.jpg,https://www.waitrose.com/ecom/products/essential-smooth-peanut-butter/894225-781087-781088,Essential Smooth Peanut Butter,500g,£2.50,50p/100g,,Food Cupboard
058518,Heinz Cream of Tomato & Basil Soup,G,true,1110,https://ecom-su-static-prod.wtrecom.com/images/products/3/LN_058518_BP_3.jpg,https://www.waitrose.com/ecom/products/heinz-cream-of-tomato-basil-soup/058518-29449-29450,Heinz Cream of Tomato & Basil Soup,400g,£1.75,43.8p/100g,Add 3 for £4.50,Food Cupboard
661586,Bold Bean Co Organic Chick Peas,G,false,1111,https://ecom-su-static-prod.wtrecom.com/images/products/3/LN_661586_BP_3.jpg,https://www.waitrose.com/ecom/products/bold-bean-co-organic-chick-peas/661586-780693-780694,Bold Bean Co Organic Chick Peas,700g,£4.00,£8/kg,,Food Cupboard
756053,Marmite Cashews,G,true,1112,https://ecom-su-static-prod.wtrecom.com/images/products/3/LN_756053_BP_3.jpg,https://www.waitrose.com/ecom/products/marmite-cashews/756053-741340-741341,Marmite Cashews,90g,£2.25,£2.50/100g,save 40p. Was £2.65,Food Cupboard
562831,Border Chocolate & Ginger Bars,G,false,1113,https://ecom-su-static-prod.wtrecom.com/images/products/3/LN_562831_BP_3.jpg,https://www.waitrose.com/ecom/products/border-chocolate-ginger-bars/562831-793104-793105,Border Chocolate & Ginger Bars,6x24g,£2.00,£1.39/100g,,Food Cupboard
090729,Cooks' Ingredients Croutons,G,false,1114,https://ecom-su-static-prod.wtrecom.com/images/products/3/LN_090729_BP_3.jpg,https://www.waitrose.com/ecom/products/cooks-ingredients-croutons/090729-46741-46742,Cooks' Ingredients Croutons,100g,£1.50,15p/10g,,Food Cupboard
410933,Tilda Lemon & Herbs Basmati Rice,G,true,1115,https://ecom-su-static-prod.wtrecom.com/images/products/3/LN_410933_BP_3.jpg,https://www.waitrose.com/ecom/products/tilda-lemon-herbs-basmati-rice/410933-211604-211605,Tilda Lemon & Herbs Basmati Rice,250g,£1.00,£4/kg,save 85p. Was £1.85,Food Cupboard
477015,Waitrose Free From Gluten Choc Chunk Cookies,G,false,1116,https://ecom-su-static-prod.wtrecom.com/images/products/3/LN_477015_BP_3.jpg,https://www.waitrose.com/ecom/products/waitrose-free-from-gluten-choc-chunk-cookies/477015-744963-744964,Waitrose Free From Gluten Choc Chunk Cookies,150g,£2.80,£1.87/100g,,Food Cupboard
002389,Fortt's Original Bath Oliver Biscuits,G,false,1117,https://ecom-su-static-prod.wtrecom.com/images/products/3/LN_002389_BP_3.jpg,https://www.waitrose.com/ecom/products/fortts-original-bath-oliver-biscuits/002389-790-791,Fortt's Original Bath Oliver Biscuits,225g,£3.00,£1.34/100g,,Food Cupboard
009686,Cadbury Dairy Milk Chocolate Bar,G,true,1118,https://ecom-su-static-prod.wtrecom.com/images/products/3/LN_009686_BP_3.jpg,https://www.waitrose.com/ecom/products/cadbury-dairy-milk-chocolate-bar/009686-4795-4796,Cadbury Dairy Milk Chocolate Bar,360g,£4.50,£1.25/100g,save 50p. Was £5.00,Food Cupboard
081785,Sharwood's Peshwari Naans,G,false,1119,https://ecom-su-static-prod.wtrecom.com/images/products/3/LN_081785_BP_3.jpg,https://www.waitrose.com/ecom/products/sharwoods-peshwari-naans/081785-41597-41598,Sharwood's Peshwari Naans,4s,£2.00,50p each,,Food Cupboard
865494,"Eat Natural Bars with Cranberries, Macadamias",G,false,1120,https://ecom-su-static-prod.wtrecom.com/images/products/3/LN_865494_BP_3.jpg,https://www.waitrose.com/ecom/products/eat-natural-bars-with-cranberries-macadamias/865494-400009-400010,"Eat Natural Bars with Cranberries, Macadamias",3x40g,£2.50,£2.09/100g,,Food Cupboard
401856,Ainsley Harriott Moroccan Medley Couscous,G,false,1121,https://ecom-su-static-prod.wtrecom.com/images/products/3/LN_401856_BP_3.jpg,https://www.waitrose.com/ecom/products/ainsley-harriott-moroccan-medley-couscous/401856-535088-535089,Ainsley Harriott Moroccan Medley Couscous,100g,95p,95p/100g,,Food Cupboard
492146,No.1 Dark Chocolate with Ginger & Turmeric,G,false,1122,https://ecom-su-static-prod.wtrecom.com/images/products/3/LN_492146_BP_3.jpg,https://www.waitrose.com/ecom/products/no1-dark-chocolate-with-ginger-turmeric/492146-706919-706920,No.1 Dark Chocolate with Ginger & Turmeric,100g,£2.25,£2.25/100g,,Food Cupboard
625824,Waitrose Strawberry Flavour Laces,G,false,1123,https://ecom-su-static-prod.wtrecom.com/images/products/3/LN_625824_BP_3.jpg,https://www.waitrose.com/ecom/products/waitrose-strawberry-flavour-laces/625824-729088-729089,Waitrose Strawberry Flavour Laces,65g,65p,£1/100g,,Food Cupboard
723171,Wonderful Pistachios Roasted Salted,G,true,1124,https://ecom-su-static-prod.wtrecom.com/images/products/3/LN_723171_BP_3.jpg,https://www.waitrose.com/ecom/products/wonderful-pistachios-roasted-salted/723171-492111-492112,Wonderful Pistachios Roasted Salted,250g,£4.00,£1.60/100g,save £1.00. Was £5.00,Food Cupboard
492794,Mr Organic Basilico Pasta Sauce,G,false,1125,https://ecom-su-static-prod.wtrecom.com/images/products/3/LN_492794_BP_3.jpg,https://www.waitrose.com/ecom/products/mr-organic-basilico-pasta-sauce/492794-600576-600577,Mr Organic Basilico Pasta Sauce,350g,£3.00,85.7p/100g,,Food Cupboard
073806,Kallo Milk Chocolate Rice Cake Thins,G,false,1126,https://ecom-su-static-prod.wtrecom.com/images/products/3/LN_073806_BP_3.jpg,https://www.waitrose.com/ecom/products/kallo-milk-chocolate-rice-cake-thins/073806-37440-37441,Kallo Milk Chocolate Rice Cake Thins,90g,£2.55,£2.84/100g,,Food Cupboard
027522,Waitrose Thai Hom Mali Rice,G,false,1127,https://ecom-su-static-prod.wtrecom.com/images/products/3/LN_027522_BP_3.jpg,https://www.waitrose.com/ecom/products/waitrose-thai-hom-mali-rice/027522-13397-13398,Waitrose Thai Hom Mali Rice,1kg,£2.60,£2.60/kg,,Food Cupboard
388173,Kellogg's Rice Krispies Multi-Grain Shapes Breakfast Cereal,G,false,1128,https://ecom-su-static-prod.wtrecom.com/images/products/3/LN_388173_BP_3.jpg,https://www.waitrose.com/ecom/products/kelloggs-rice-krispies-multi-grain-shapes-breakfast-cereal/388173-170215-170216,Kellogg's Rice Krispies Multi-Grain Shapes Breakfast Cereal,350g,£3.45,98.6p/100g,,Food Cupboard
654300,Loyd Grossman Original Bolognese Pasta Sauce,G,true,1129,https://ecom-su-static-prod.wtrecom.com/images/products/3/LN_654300_BP_3.jpg,https://www.waitrose.com/ecom/products/loyd-grossman-original-bolognese-pasta-sauce/654300-703024-703025,Loyd Grossman Original Bolognese Pasta Sauce,350g,£1.75,50p/100g,save £1.25. Was £3.00,Food Cupboard
033444,Sharwood's Mini Naan Garlic & Coriander,G,false,1130,https://ecom-su-static-prod.wtrecom.com/images/products/3/LN_033444_BP_3.jpg,https://www.waitrose.com/ecom/products/sharwoods-mini-naan-garlic-coriander/033444-16695-16696,Sharwood's Mini Naan Garlic & Coriander,4s,£2.00,50p each,,Food Cupboard
447900,"Waitrose White, Black & Red Quinoa",G,true,1131,https://ecom-su-static-prod.wtrecom.com/images/products/3/LN_447900_BP_3.jpg,https://www.waitrose.com/ecom/products/waitrose-white-black-red-quinoa/447900-780031-780032,"Waitrose White, Black & Red Quinoa",500g,£3.00,£6/kg,20% Off. Was £3.75,Food Cupboard
653188,Bahlsen PiCK UP! Dark Chocolate Biscuits,G,true,1132,https://ecom-su-static-prod.wtrecom.com/images/products/3/LN_653188_BP_3.jpg,https://www.waitrose.com/ecom/products/bahlsen-pick-up-dark-chocolate-biscuits/653188-492063-492064,Bahlsen PiCK UP! Dark Chocolate Biscuits,5x28g,£1.25,89.3p/100g,save 75p. Was £2.00,Food Cupboard
857728,Waitrose Mini Jaffa Cakes,G,false,1133,https://ecom-su-static-prod.wtrecom.com/images/products/3/LN_857728_BP_3.jpg,https://www.waitrose.com/ecom/products/waitrose-mini-jaffa-cakes/857728-409008-409009,Waitrose Mini Jaffa Cakes,125g,£1.50,£1.20/100g,,Food Cupboard
049465,Duchy Organic Strong White Bread Flour,G,false,1134,https://ecom-su-static-prod.wtrecom.com/images/products/3/LN_049465_BP_3.jpg,https://www.waitrose.com/ecom/products/duchy-organic-strong-white-bread-flour/049465-24644-24645,Duchy Organic Strong White Bread Flour,1.5kg,£2.20,£1.47/kg,,Food Cupboard
019533,Essential Mixed Beans in a Spicy Tomato Sauce,G,false,1135,https://ecom-su-static-prod.wtrecom.com/images/products/3/LN_019533_BP_3.jpg,https://www.waitrose.com/ecom/products/essential-mixed-beans-in-a-spicy-tomato-sauce/019533-9465-9466,Essential Mixed Beans in a Spicy Tomato Sauce,395g,£1.00,£2.54/kg,,Food Cupboard
031219,Kellogg's Frosties Breakfast Cereal,G,true,1136,https://ecom-su-static-prod.wtrecom.com/images/products/3/LN_031219_BP_3.jpg,https://www.waitrose.com/ecom/products/kelloggs-frosties-breakfast-cereal/031219-15231-15232,Kellogg's Frosties Breakfast Cereal,470g,£2.75,58.5p/100g,save 70p. Was £3.45,Food Cupboard
872837,Doritos Dippers A Hint of Salt Sharing Tortilla Chips,G,true,1137,https://ecom-su-static-prod.wtrecom.com/images/products/3/LN_872837_BP_3.jpg,https://www.waitrose.com/ecom/products/doritos-dippers-a-hint-of-salt-sharing-tortilla-chips/872837-307420-307421,Doritos Dippers A Hint of Salt Sharing Tortilla Chips,230g,£1.75,76.1p/100g,save 75p. Was £2.50,Food Cupboard
720205,Popchips Salt & Vinegar,G,true,1138,https://ecom-su-static-prod.wtrecom.com/images/products/3/LN_720205_BP_3.jpg,https://www.waitrose.com/ecom/products/popchips-salt-vinegar/720205-204953-204954,Popchips Salt & Vinegar,85g,£1.50,£1.77/100g,save 75p. Was £2.25,Food Cupboard
858543,Waitrose Wholewheat Noodles,G,false,1139,https://ecom-su-static-prod.wtrecom.com/images/products/3/LN_858543_BP_3.jpg,https://www.waitrose.com/ecom/products/waitrose-wholewheat-noodles/858543-767279-767280,Waitrose Wholewheat Noodles,250g,£1.25,£5/kg,,Food Cupboard
780048,Del Monte Prunes in Juice,G,false,1140,https://ecom-su-static-prod.wtrecom.com/images/products/3/LN_780048_BP_3.jpg,https://www.waitrose.com/ecom/products/del-monte-prunes-in-juice/780048-747566-747567,Del Monte Prunes in Juice,410g,£1.25,52.1p/100g,,Food Cupboard
544127,Hellmann's Plant Based Mayonnaise,G,true,1141,https://ecom-su-static-prod.wtrecom.com/images/products/3/LN_544127_BP_3.jpg,https://www.waitrose.com/ecom/products/hellmanns-plant-based-mayonnaise/544127-826744-826745,Hellmann's Plant Based Mayonnaise,400g,£3.00,75p/100g,save 40p. Was £3.40,Food Cupboard
004373,St. Dalfour Thick Orange Spread,G,false,1142,https://ecom-su-static-prod.wtrecom.com/images/products/3/LN_004373_BP_3.jpg,https://www.waitrose.com/ecom/products/st-dalfour-thick-orange-spread/004373-1813-1814,St. Dalfour Thick Orange Spread,284g,£2.85,£1.01/100g,,Food Cupboard
020327,Essential Grapefruit Segments in Apple Juice,G,false,1143,https://ecom-su-static-prod.wtrecom.com/images/products/3/LN_020327_BP_3.jpg,https://www.waitrose.com/ecom/products/essential-grapefruit-segments-in-apple-juice/020327-9893-9894,Essential Grapefruit Segments in Apple Juice,drained 290g,£1.20,£4.14/kg,,Food Cupboard
071723,Paxo Natural Breadcrumbs,G,false,1144,https://ecom-su-static-prod.wtrecom.com/images/products/3/LN_071723_BP_3.jpg,https://www.waitrose.com/ecom/products/paxo-natural-breadcrumbs/071723-36416-36417,Paxo Natural Breadcrumbs,227g,£1.65,72.7p/100g,,Food Cupboard
478111,Werther's Original Creamy Toffees,G,false,1145,https://ecom-su-static-prod.wtrecom.com/images/products/3/LN_478111_BP_3.jpg,https://www.waitrose.com/ecom/products/werthers-original-creamy-toffees/478111-804840-804841,Werther's Original Creamy Toffees,135g,£1.65,£1.23/100g,,Food Cupboard
578590,French's Classic Yellow Mustard,G,true,1146,https://ecom-su-static-prod.wtrecom.com/images/products/3/LN_578590_BP_3.jpg,https://www.waitrose.com/ecom/products/frenchs-classic-yellow-mustard/578590-81956-81957,French's Classic Yellow Mustard,397g,£2.59,65.2p/100g,save 61p. Was £3.20,Food Cupboard
832850,Ritz Crackers Original Breaks Crackers Multipack 6 Pack,G,false,1147,https://ecom-su-static-prod.wtrecom.com/images/products/3/LN_832850_BP_3.jpg,https://www.waitrose.com/ecom/products/ritz-crackers-original-breaks-crackers-multipack-6-pack/832850-361987-361988,Ritz Crackers Original Breaks Crackers Multipack 6 Pack,190g,£1.90,£1/100g,,Food Cupboard
867885,MOMA Cranberry & Raisin Jumbo Oat Porridge Pot Gluten Free,G,true,1148,https://ecom-su-static-prod.wtrecom.com/images/products/3/LN_867885_BP_3.jpg,https://www.waitrose.com/ecom/products/moma-cranberry-raisin-jumbo-oat-porridge-pot-gluten-free/867885-302625-302626,MOMA Cranberry & Raisin Jumbo Oat Porridge Pot Gluten Free,70g,£1.35,£1.93/100g,Add 4 for £4,Food Cupboard
640911,Heinz Seriously Good Mayonnaise,G,false,1149,https://ecom-su-static-prod.wtrecom.com/images/products/3/LN_640911_BP_3.jpg,https://www.waitrose.com/ecom/products/heinz-seriously-good-mayonnaise/640911-826752-826753,Heinz Seriously Good Mayonnaise,775g,£3.50,45.2p/100g,,Food Cupboard
419876,Cooks' Ingredients Nam Pla Fish Sauce,G,false,1150,https://ecom-su-static-prod.wtrecom.com/images/products/3/LN_419876_BP_3.jpg,https://www.waitrose.com/ecom/products/cooks-ingredients-nam-pla-fish-sauce/419876-59072-59073,Cooks' Ingredients Nam Pla Fish Sauce,150ml,£2.00,£1.34/100ml,,Food Cupboard
804124,Walkers Max Punchy Paprika Multipack Crisps,G,true,1151,https://ecom-su-static-prod.wtrecom.com/images/products/3/LN_804124_BP_3.jpg,https://www.waitrose.com/ecom/products/walkers-max-punchy-paprika-multipack-crisps/804124-742170-742171,Walkers Max Punchy Paprika Multipack Crisps,6x27g,£2.25,£1.39/100g,Add 2 for £3.25,Food Cupboard
034471,Mrs Elswood Cucumber Spears with Dill,G,false,1152,https://ecom-su-static-prod.wtrecom.com/images/products/3/LN_034471_BP_3.jpg,https://www.waitrose.com/ecom/products/mrs-elswood-cucumber-spears-with-dill/034471-17299-17300,Mrs Elswood Cucumber Spears with Dill,drained 360g,£2.80,77.8p/100g,,Food Cupboard
007820,Oxo Beef Stock Cubes 24s,G,false,1153,https://ecom-su-static-prod.wtrecom.com/images/products/3/LN_007820_BP_3.jpg,https://www.waitrose.com/ecom/products/oxo-beef-stock-cubes-24s/007820-3709-3710,Oxo Beef Stock Cubes 24s,142g,£4.00,£2.82/100g,,Food Cupboard
449591,Lindt Classic Recipe Milk,G,false,1154,https://ecom-su-static-prod.wtrecom.com/images/products/3/LN_449591_BP_3.jpg,https://www.waitrose.com/ecom/products/lindt-classic-recipe-milk/449591-784470-784471,Lindt Classic Recipe Milk,100g,£2.10,£2.10/100g,,Food Cupboard
615803,Bold Bean Co Organic White Beans,G,false,1155,https://ecom-su-static-prod.wtrecom.com/images/products/3/LN_615803_BP_3.jpg,https://www.waitrose.com/ecom/products/bold-bean-co-organic-white-beans/615803-780247-780248,Bold Bean Co Organic White Beans,700g,£4.00,£8/kg,,Food Cupboard
019126,Heinz Spaghetti Hoops in Tomato Sauce,G,true,1156,https://ecom-su-static-prod.wtrecom.com/images/products/3/LN_019126_BP_3.jpg,https://www.waitrose.com/ecom/products/heinz-spaghetti-hoops-in-tomato-sauce/019126-9249-9250,Heinz Spaghetti Hoops in Tomato Sauce,400g,£1.25,£3.13/kg,Add 2 for £1.75,Food Cupboard
501700,Walkers Sensations Honey & Salt Roasted Sharing Peanuts,G,false,1157,https://ecom-su-static-prod.wtrecom.com/images/products/3/LN_501700_BP_3.jpg,https://www.waitrose.com/ecom/products/walkers-sensations-honey-salt-roasted-sharing-peanuts/501700-177232-177233,Walkers Sensations Honey & Salt Roasted Sharing Peanuts,145g,£2.65,£1.83/100g,,Food Cupboard
783734,Dorset Cereals Spelt Flakes Muesli Cereal,G,false,1158,https://ecom-su-static-prod.wtrecom.com/images/products/3/LN_783734_BP_3.jpg,https://www.waitrose.com/ecom/products/dorset-cereals-spelt-flakes-muesli-cereal/783734-336284-336285,Dorset Cereals Spelt Flakes Muesli Cereal,570g,£4.20,73.7p/100g,,Food Cupboard
637178,Essential MSC Tuna Chunks In Brine,G,false,1159,https://ecom-su-static-prod.wtrecom.com/images/products/3/LN_637178_BP_3.jpg,https://www.waitrose.com/ecom/products/essential-msc-tuna-chunks-in-brine/637178-728722-728723,Essential MSC Tuna Chunks In Brine,drained 4x112g,£4.75,£1.07/100g,,Food Cupboard
034285,Essential Sweet Piccalilli,G,false,1160,https://ecom-su-static-prod.wtrecom.com/images/products/3/LN_034285_BP_3.jpg,https://www.waitrose.com/ecom/products/essential-sweet-piccalilli/034285-17176-17177,Essential Sweet Piccalilli,275g,£1.25,45.5p/100g,,Food Cupboard
067103,Waitrose Sun-Dried Tomatoes,G,false,1161,https://ecom-su-static-prod.wtrecom.com/images/products/3/LN_067103_BP_3.jpg,https://www.waitrose.com/ecom/products/waitrose-sun-dried-tomatoes/067103-33992-33993,Waitrose Sun-Dried Tomatoes,530g,£5.50,£10.38/kg,,Food Cupboard
702380,Dorset Cereals Berry & Cherry Muesli Cereal,G,false,1162,https://ecom-su-static-prod.wtrecom.com/images/products/3/LN_702380_BP_3.jpg,https://www.waitrose.com/ecom/products/dorset-cereals-berry-cherry-muesli-cereal/702380-585637-585638,Dorset Cereals Berry & Cherry Muesli Cereal,600g,£4.20,70p/100g,,Food Cupboard
438381,nakd. Peanut Delight Fruit & Nut Bars Multipack,G,false,1163,https://ecom-su-static-prod.wtrecom.com/images/products/3/LN_438381_BP_3.jpg,https://www.waitrose.com/ecom/products/nakd-peanut-delight-fruit-nut-bars-multipack/438381-518846-518847,nakd. Peanut Delight Fruit & Nut Bars Multipack,4x35g,£3.15,£2.25/100g,,Food Cupboard
006832,Waitrose Sunflower Seeds,G,false,1164,https://ecom-su-static-prod.wtrecom.com/images/products/3/LN_006832_BP_3.jpg,https://www.waitrose.com/ecom/products/waitrose-sunflower-seeds/006832-3079-3080,Waitrose Sunflower Seeds,100g,£1.25,£12.50/kg,,Food Cupboard
002304,Rahms 24 Mini Croustades,G,false,1165,https://ecom-su-static-prod.wtrecom.com/images/products/3/LN_002304_BP_3.jpg,https://www.waitrose.com/ecom/products/rahms-24-mini-croustades/002304-724-725,Rahms 24 Mini Croustades,50g,£3.00,£6/100g,,Food Cupboard
826713,Essential Mint Sauce,G,false,1166,https://ecom-su-static-prod.wtrecom.com/images/products/3/LN_826713_BP_3.jpg,https://www.waitrose.com/ecom/products/essential-mint-sauce/826713-208009-208010,Essential Mint Sauce,275g,£1.10,40p/100g,,Food Cupboard
676867,If You Care Parchment Baking Sheets,G,true,1167,https://ecom-su-static-prod.wtrecom.com/images/products/3/LN_676867_BP_3.jpg,https://www.waitrose.com/ecom/products/if-you-care-parchment-baking-sheets/676867-675873-675874,If You Care Parchment Baking Sheets,24s,£4.50,18.8p each,save £1.50. Was £6.00,Food Cupboard
810980,Kikkoman Less Salt Soy Sauce,G,false,1168,https://ecom-su-static-prod.wtrecom.com/images/products/3/LN_810980_BP_3.jpg,https://www.waitrose.com/ecom/products/kikkoman-less-salt-soy-sauce/810980-408892-408893,Kikkoman Less Salt Soy Sauce,150ml,£3.00,£2/100ml,,Food Cupboard
705864,Forest Feast Salted Dark Chocolate Almonds,G,false,1169,https://ecom-su-static-prod.wtrecom.com/images/products/3/LN_705864_BP_3.jpg,https://www.waitrose.com/ecom/products/forest-feast-salted-dark-chocolate-almonds/705864-778976-778977,Forest Feast Salted Dark Chocolate Almonds,120g,£3.75,£3.13/100g,,Food Cupboard
501744,Waitrose Dark Chocolate Ginger,G,false,1170,https://ecom-su-static-prod.wtrecom.com/images/products/3/LN_501744_BP_3.jpg,https://www.waitrose.com/ecom/products/waitrose-dark-chocolate-ginger/501744-811568-811569,Waitrose Dark Chocolate Ginger,180g,£4.50,£2.50/100g,,Food Cupboard
023113,Essential Sunflower & Extra Virgin Olive Oil,G,false,1171,https://ecom-su-static-prod.wtrecom.com/images/products/3/LN_023113_BP_3.jpg,https://www.waitrose.com/ecom/products/essential-sunflower-extra-virgin-olive-oil/023113-11245-11246,Essential Sunflower & Extra Virgin Olive Oil,500ml,£2.20,44p/100ml,,Food Cupboard
874757,Cooks' Ingredients Bay Leaves,G,true,1172,https://ecom-su-static-prod.wtrecom.com/images/products/3/LN_874757_BP_3.jpg,https://www.waitrose.com/ecom/products/cooks-ingredients-bay-leaves/874757-785268-785269,Cooks' Ingredients Bay Leaves,3g,£1.60,£5.34/10g,Add 2 for £2.75,Food Cupboard
810211,Eat Natural Gluten Free Ginger Apple Dark Chocolate Bars,G,true,1173,https://ecom-su-static-prod.wtrecom.com/images/products/3/LN_810211_BP_3.jpg,https://www.waitrose.com/ecom/products/eat-natural-gluten-free-ginger-apple-dark-chocolate-bars/810211-580222-580223,Eat Natural Gluten Free Ginger Apple Dark Chocolate Bars,3x40g,£2.00,£1.67/100g,save 50p. Was £2.50,Food Cupboard
034332,Essential Sliced Beetroot,G,false,1174,https://ecom-su-static-prod.wtrecom.com/images/products/3/LN_034332_BP_3.jpg,https://www.waitrose.com/ecom/products/essential-sliced-beetroot/034332-17211-17212,Essential Sliced Beetroot,drained 200g,90p,45p/100g,,Food Cupboard
040801,Jordans Organic Jumbo Porridge Oats,G,false,1175,https://ecom-su-static-prod.wtrecom.com/images/products/3/LN_040801_BP_3.jpg,https://www.waitrose.com/ecom/products/jordans-organic-jumbo-porridge-oats/040801-20154-20155,Jordans Organic Jumbo Porridge Oats,750g,£2.65,35.3p/100g,,Food Cupboard
403013,Billington's Light Brown Soft Sugar,G,true,1176,https://ecom-su-static-prod.wtrecom.com/images/products/3/LN_403013_BP_3.jpg,https://www.waitrose.com/ecom/products/billingtons-light-brown-soft-sugar/403013-342934-342935,Billington's Light Brown Soft Sugar,500g,£1.50,£3/kg,Save 1/3. Was £2.25,Food Cupboard
499276,"Waitrose Ciabatta Croutons Black Pepper, Salt",G,false,1177,https://ecom-su-static-prod.wtrecom.com/images/products/3/LN_499276_BP_3.jpg,https://www.waitrose.com/ecom/products/waitrose-ciabatta-croutons-black-pepper-salt/499276-420163-420164,"Waitrose Ciabatta Croutons Black Pepper, Salt",100g,£1.20,£1.20/100g,,Food Cupboard
867578,Del Monte Peach Slices in Light Syrup,G,false,1178,https://ecom-su-static-prod.wtrecom.com/images/products/3/LN_867578_BP_3.jpg,https://www.waitrose.com/ecom/products/del-monte-peach-slices-in-light-syrup/867578-747634-747635,Del Monte Peach Slices in Light Syrup,420g,£1.25,50p/100g,,Food Cupboard
037062,Aspall Organic Red Wine Vinegar,G,true,1179,https://ecom-su-static-prod.wtrecom.com/images/products/3/LN_037062_BP_3.jpg,https://www.waitrose.com/ecom/products/aspall-organic-red-wine-vinegar/037062-18561-18562,Aspall Organic Red Wine Vinegar,350ml,£1.70,48.6p/100ml,20% Off. Was £2.15,Food Cupboard
782460,Peter's Yard Sea Salt Sourdough Flatbreads,G,true,1180,https://ecom-su-static-prod.wtrecom.com/images/products/3/LN_782460_BP_3.jpg,https://www.waitrose.com/ecom/products/peters-yard-sea-salt-sourdough-flatbreads/782460-698140-698141,Peter's Yard Sea Salt Sourdough Flatbreads,115g,£1.75,£1.53/100g,save 90p. Was £2.65,Food Cupboard
004456,Bonne Maman Wild Blueberry Conserve,G,false,1181,https://ecom-su-static-prod.wtrecom.com/images/products/3/LN_004456_BP_3.jpg,https://www.waitrose.com/ecom/products/bonne-maman-wild-blueberry-conserve/004456-1881-1882,Bonne Maman Wild Blueberry Conserve,370g,£3.60,97.3p/100g,,Food Cupboard
010515,Jordans Country Crisp Chunky Nuts Cereal,G,true,1182,https://ecom-su-static-prod.wtrecom.com/images/products/3/LN_010515_BP_3.jpg,https://www.waitrose.com/ecom/products/jordans-country-crisp-chunky-nuts-cereal/010515-5248-5249,Jordans Country Crisp Chunky Nuts Cereal,500g,£2.50,50p/100g,save £1.30. Was £3.80,Food Cupboard
846620,Waitrose Fusilli,G,false,1183,https://ecom-su-static-prod.wtrecom.com/images/products/3/LN_846620_BP_3.jpg,https://www.waitrose.com/ecom/products/waitrose-fusilli/846620-728068-728069,Waitrose Fusilli,500g,£1.75,£3.50/kg,,Food Cupboard
002157,Cooks Ingredients Sponge Fingers,G,false,1184,https://ecom-su-static-prod.wtrecom.com/images/products/3/LN_002157_BP_3.jpg,https://www.waitrose.com/ecom/products/cooks-ingredients-sponge-fingers/002157-618-619,Cooks Ingredients Sponge Fingers,175g,£1.20,68.6p/100g,,Food Cupboard
002207,Fox's Party Rings,G,false,1185,https://ecom-su-static-prod.wtrecom.com/images/products/3/LN_002207_BP_3.jpg,https://www.waitrose.com/ecom/products/foxs-party-rings/002207-658-659,Fox's Party Rings,125g,90p,72p/100g,,Food Cupboard
573220,No.1 Lemon Curd,G,false,1186,https://ecom-su-static-prod.wtrecom.com/images/products/3/LN_573220_BP_3.jpg,https://www.waitrose.com/ecom/products/no1-lemon-curd/573220-81207-81208,No.1 Lemon Curd,320g,£2.50,78.1p/100g,,Food Cupboard
529591,Waitrose Red Split Lentils,G,false,1187,https://ecom-su-static-prod.wtrecom.com/images/products/3/LN_529591_BP_3.jpg,https://www.waitrose.com/ecom/products/waitrose-red-split-lentils/529591-780063-780064,Waitrose Red Split Lentils,per kg,£2.55,£2.55/kg,,Food Cupboard
822426,Pip & Nut Smooth Peanut Butter,G,false,1188,https://ecom-su-static-prod.wtrecom.com/images/products/3/LN_822426_BP_3.jpg,https://www.waitrose.com/ecom/products/pip-nut-smooth-peanut-butter/822426-785818-785819,Pip & Nut Smooth Peanut Butter,300g,£3.25,£1.09/100g,,Food Cupboard
837413,Penn State Pretzels Sea Salted,G,false,1189,https://ecom-su-static-prod.wtrecom.com/images/products/3/LN_837413_BP_3.jpg,https://www.waitrose.com/ecom/products/penn-state-pretzels-sea-salted/837413-679033-679034,Penn State Pretzels Sea Salted,6x22g,£2.25,£1.71/100g,,Food Cupboard
642125,Belazu Gordo Especial Chickpeas,G,false,1190,https://ecom-su-static-prod.wtrecom.com/images/products/3/LN_642125_BP_3.jpg,https://www.waitrose.com/ecom/products/belazu-gordo-especial-chickpeas/642125-818722-818723,Belazu Gordo Especial Chickpeas,370g,£2.75,£7.44/kg,,Food Cupboard
031544,Waitrose Duchy Organic Dried Mango,G,false,1191,https://ecom-su-static-prod.wtrecom.com/images/products/3/LN_031544_BP_3.jpg,https://www.waitrose.com/ecom/products/waitrose-duchy-organic-dried-mango/031544-15365-15366,Waitrose Duchy Organic Dried Mango,150g,£4.50,£30/kg,,Food Cupboard
822192,BelVita Breakfast Biscuits Soft Bakes Choc Chips 5 Pack,G,true,1192,https://ecom-su-static-prod.wtrecom.com/images/products/3/LN_822192_BP_3.jpg,https://www.waitrose.com/ecom/products/belvita-breakfast-biscuits-soft-bakes-choc-chips-5-pack/822192-479641-479642,BelVita Breakfast Biscuits Soft Bakes Choc Chips 5 Pack,250g,£1.75,70p/100g,Save £1.15. Was £2.90,Food Cupboard
615972,Waitrose Maple and Mixed Nut Crisp,G,false,1193,https://ecom-su-static-prod.wtrecom.com/images/products/3/LN_615972_BP_3.jpg,https://www.waitrose.com/ecom/products/waitrose-maple-and-mixed-nut-crisp/615972-87393-87394,Waitrose Maple and Mixed Nut Crisp,500g,£2.75,55p/100g,,Food Cupboard
834799,Merchant Gourmet Whole Chestnuts,G,false,1194,https://ecom-su-static-prod.wtrecom.com/images/products/3/LN_834799_BP_3.jpg,https://www.waitrose.com/ecom/products/merchant-gourmet-whole-chestnuts/834799-464698-464699,Merchant Gourmet Whole Chestnuts,180g,£2.50,£1.39/100g,,Food Cupboard
450889,Green Giant Organic Sweetcorn,G,false,1195,https://ecom-su-static-prod.wtrecom.com/images/products/3/LN_450889_BP_3.jpg,https://www.waitrose.com/ecom/products/green-giant-organic-sweetcorn/450889-367600-367601,Green Giant Organic Sweetcorn,drained 140g,£1.30,£9.29/kg,,Food Cupboard
653405,Kellogg's Rice Krispies Breakfast Cereal Large Pack,G,false,1196,https://ecom-su-static-prod.wtrecom.com/images/products/3/LN_653405_BP_3.jpg,https://www.waitrose.com/ecom/products/kelloggs-rice-krispies-breakfast-cereal-large-pack/653405-127689-127690,Kellogg's Rice Krispies Breakfast Cereal Large Pack,660g,£4.75,72p/100g,,Food Cupboard
002361,Carr's Large Table Water Crackers,G,false,1197,https://ecom-su-static-prod.wtrecom.com/images/products/3/LN_002361_BP_3.jpg,https://www.waitrose.com/ecom/products/carrs-large-table-water-crackers/002361-762-763,Carr's Large Table Water Crackers,200g,£2.65,£1.33/100g,,Food Cupboard
881602,Henry Goode's Classic Liquorice,G,false,1198,https://ecom-su-static-prod.wtrecom.com/images/products/3/LN_881602_BP_3.jpg,https://www.waitrose.com/ecom/products/henry-goodes-classic-liquorice/881602-675356-675357,Henry Goode's Classic Liquorice,200g,£1.60,80p/100g,,Food Cupboard
431441,Waitrose Sweet & Salty Popcorn,G,false,1199,https://ecom-su-static-prod.wtrecom.com/images/products/3/LN_431441_BP_3.jpg,https://www.waitrose.com/ecom/products/waitrose-sweet-salty-popcorn/431441-756687-756688,Waitrose Sweet & Salty Popcorn,100g,£1.20,£1.20/100g,,Food Cupboard
039858,Aspall Organic White Wine Vinegar,G,true,1200,https://ecom-su-static-prod.wtrecom.com/images/products/3/LN_039858_BP_3.jpg,https://www.waitrose.com/ecom/products/aspall-organic-white-wine-vinegar/039858-19722-19723,Aspall Organic White Wine Vinegar,350ml,£1.70,48.6p/100ml,20% Off. Was £2.15,Food Cupboard
689237,Eat Real Lentil Chips Salted,G,false,1201,https://ecom-su-static-prod.wtrecom.com/images/products/3/LN_689237_BP_3.jpg,https://www.waitrose.com/ecom/products/eat-real-lentil-chips-salted/689237-820104-820105,Eat Real Lentil Chips Salted,95g,£2.10,£2.22/100g,,Food Cupboard
001312,Alpen The Original Swiss Style Muesli,G,false,1202,https://ecom-su-static-prod.wtrecom.com/images/products/3/LN_001312_BP_3.jpg,https://www.waitrose.com/ecom/products/alpen-the-original-swiss-style-muesli/001312-222-223,Alpen The Original Swiss Style Muesli,550g,£2.85,51.8p/100g,,Food Cupboard
879297,Kingfisher Sliced Water Chestnuts in Water,G,false,1203,https://ecom-su-static-prod.wtrecom.com/images/products/3/LN_879297_BP_3.jpg,https://www.waitrose.com/ecom/products/kingfisher-sliced-water-chestnuts-in-water/879297-216145-216146,Kingfisher Sliced Water Chestnuts in Water,drained 140g,£1.20,£8.58/kg,,Food Cupboard
507388,Kallo Veggie Cakes Beetroot,G,true,1204,https://ecom-su-static-prod.wtrecom.com/images/products/3/LN_507388_BP_3.jpg,https://www.waitrose.com/ecom/products/kallo-veggie-cakes-beetroot/507388-728196-728197,Kallo Veggie Cakes Beetroot,122g,£2.25,£1.85/100g,save 65p. Was £2.90,Food Cupboard
584073,The Spice Tailor Coconut Curry,G,true,1205,https://ecom-su-static-prod.wtrecom.com/images/products/3/LN_584073_BP_3.jpg,https://www.waitrose.com/ecom/products/the-spice-tailor-coconut-curry/584073-140264-140265,The Spice Tailor Coconut Curry,225g,£3.75,£1.67/100g,Add 2 for £5,Food Cupboard
687778,Peter's Yard Sourdough Crackers Selection,G,false,1206,https://ecom-su-static-prod.wtrecom.com/images/products/3/LN_687778_BP_3.jpg,https://www.waitrose.com/ecom/products/peters-yard-sourdough-crackers-selection/687778-518996-518996,Peter's Yard Sourdough Crackers Selection,270g,£6.30,£2.34/100g,,Food Cupboard
041312,Wilkin & Sons Tiptree Tomato Sauce,G,false,1207,https://ecom-su-static-prod.wtrecom.com/images/products/3/LN_041312_BP_3.jpg,https://www.waitrose.com/ecom/products/wilkin-sons-tiptree-tomato-sauce/041312-20448-20449,Wilkin & Sons Tiptree Tomato Sauce,310g,£3.45,£1.12/100g,,Food Cupboard
005253,Hartley's No Added Sugar Raspberry Jelly,G,false,1208,https://ecom-su-static-prod.wtrecom.com/images/products/3/LN_005253_BP_3.jpg,https://www.waitrose.com/ecom/products/hartleys-no-added-sugar-raspberry-jelly/005253-2265-2266,Hartley's No Added Sugar Raspberry Jelly,115g,65p,56.5p/100g,,Food Cupboard
035324,Tilda Fragrant Jasmine Rice,G,true,1209,https://ecom-su-static-prod.wtrecom.com/images/products/3/LN_035324_BP_3.jpg,https://www.waitrose.com/ecom/products/tilda-fragrant-jasmine-rice/035324-17795-17796,Tilda Fragrant Jasmine Rice,500g,£2.50,£5/kg,save 65p. Was £3.15,Food Cupboard
859822,Epicure Ratatouille Niçoise,G,false,1210,https://ecom-su-static-prod.wtrecom.com/images/products/3/LN_859822_BP_3.jpg,https://www.waitrose.com/ecom/products/epicure-ratatouille-nicoise/859822-730960-730961,Epicure Ratatouille Niçoise,375g,£1.65,£4.40/kg,,Food Cupboard
811000,Fruit Bowl Strawberry Yoghurt Flakes,G,true,1211,https://ecom-su-static-prod.wtrecom.com/images/products/3/LN_811000_BP_3.jpg,https://www.waitrose.com/ecom/products/fruit-bowl-strawberry-yoghurt-flakes/811000-666748-666749,Fruit Bowl Strawberry Yoghurt Flakes,5x18g,£1.75,£1.95/100g,save 60p. Was £2.35,Food Cupboard
020535,Essential Granny Smith Apple Slices,G,false,1212,https://ecom-su-static-prod.wtrecom.com/images/products/3/LN_020535_BP_3.jpg,https://www.waitrose.com/ecom/products/essential-granny-smith-apple-slices/020535-10009-10010,Essential Granny Smith Apple Slices,385g,£1.20,£3.12/kg,,Food Cupboard
579949,Essential Creamy Tomato Pasta Bake Sauce,G,false,1213,https://ecom-su-static-prod.wtrecom.com/images/products/3/LN_579949_BP_3.jpg,https://www.waitrose.com/ecom/products/essential-creamy-tomato-pasta-bake-sauce/579949-697874-697875,Essential Creamy Tomato Pasta Bake Sauce,340g,£1.00,29.4p/100g,,Food Cupboard
034281,Essential Mustard Piccalilli,G,false,1214,https://ecom-su-static-prod.wtrecom.com/images/products/3/LN_034281_BP_3.jpg,https://www.waitrose.com/ecom/products/essential-mustard-piccalilli/034281-17174-17175,Essential Mustard Piccalilli,460g,£2.00,43.5p/100g,,Food Cupboard
803298,Nik Naks Nice'n'Spicy,G,false,1215,https://ecom-su-static-prod.wtrecom.com/images/products/3/LN_803298_BP_3.jpg,https://www.waitrose.com/ecom/products/nik-naks-nicenspicy/803298-804186-804187,Nik Naks Nice'n'Spicy,6x20g,£1.50,£1.25/100g,,Food Cupboard
670194,Waitrose Light Brown Soft Sugar,G,false,1216,https://ecom-su-static-prod.wtrecom.com/images/products/3/LN_670194_BP_3.jpg,https://www.waitrose.com/ecom/products/waitrose-light-brown-soft-sugar/670194-260838-260839,Waitrose Light Brown Soft Sugar,1kg,£3.50,£3.50/kg,,Food Cupboard
370488,Rude Health Spelt Flakes,G,false,1217,https://ecom-su-static-prod.wtrecom.com/images/products/3/LN_370488_BP_3.jpg,https://www.waitrose.com/ecom/products/rude-health-spelt-flakes/370488-170163-170164,Rude Health Spelt Flakes,300g,£3.15,£1.05/100g,,Food Cupboard
004370,St. Dalfour Raspberry Spread,G,false,1218,https://ecom-su-static-prod.wtrecom.com/images/products/3/LN_004370_BP_3.jpg,https://www.waitrose.com/ecom/products/st-dalfour-raspberry-spread/004370-1807-1808,St. Dalfour Raspberry Spread,284g,£2.85,£1.01/100g,,Food Cupboard
899175,Cooks' Ingredients Thai Red Curry Paste,G,false,1219,https://ecom-su-static-prod.wtrecom.com/images/products/3/LN_899175_BP_3.jpg,https://www.waitrose.com/ecom/products/cooks-ingredients-thai-red-curry-paste/899175-767343-767344,Cooks' Ingredients Thai Red Curry Paste,190g,£2.50,£1.32/100g,,Food Cupboard
001404,Nestlé Curiously Cinnamon,G,true,1220,https://ecom-su-static-prod.wtrecom.com/images/products/3/LN_001404_BP_3.jpg,https://www.waitrose.com/ecom/products/nestle-curiously-cinnamon/001404-262-263,Nestlé Curiously Cinnamon,375g,£2.50,66.7p/100g,save £1.20. Was £3.70,Food Cupboard
006811,Waitrose Blanched Hazelnuts,G,false,1221,https://ecom-su-static-prod.wtrecom.com/images/products/3/LN_006811_BP_3.jpg,https://www.waitrose.com/ecom/products/waitrose-blanched-hazelnuts/006811-3057-3058,Waitrose Blanched Hazelnuts,100g,£2.25,£2.25/100g,,Food Cupboard
507610,Heinz Salad Cream 30% Less Fat,G,true,1222,https://ecom-su-static-prod.wtrecom.com/images/products/3/LN_507610_BP_3.jpg,https://www.waitrose.com/ecom/products/heinz-salad-cream-30-less-fat/507610-408576-408577,Heinz Salad Cream 30% Less Fat,415g,£2.50,60.2p/100g,save 50p. Was £3.00,Food Cupboard
441853,Cooks' Ingredients Black Peppercorns,G,false,1223,https://ecom-su-static-prod.wtrecom.com/images/products/3/LN_441853_BP_3.jpg,https://www.waitrose.com/ecom/products/cooks-ingredients-black-peppercorns/441853-784810-784811,Cooks' Ingredients Black Peppercorns,42g,£1.60,38.1p/10g,,Food Cupboard
004446,Waitrose Strawberry Preserve,G,false,1224,https://ecom-su-static-prod.wtrecom.com/images/products/3/LN_004446_BP_3.jpg,https://www.waitrose.com/ecom/products/waitrose-strawberry-preserve/004446-1871-1872,Waitrose Strawberry Preserve,340g,£2.40,70.6p/100g,,Food Cupboard
534771,534771 - Waitrose Teriyaki & Sesame StirFry Sauce,G,false,1225,https://ecom-su-static-prod.wtrecom.com/images/products/3/LN_534771_BP_3.jpg,https://www.waitrose.com/ecom/products/534771-waitrose-teriyaki-sesame-stirfry-sauce/534771-766860-766861,534771 - Waitrose Teriyaki & Sesame StirFry Sauce,120g,75p,62.5p/100g,,Food Cupboard
067889,Filippo Berio Extra Virgin Olive Oil,G,false,1226,https://ecom-su-static-prod.wtrecom.com/images/products/3/LN_067889_BP_3.jpg,https://www.waitrose.com/ecom/products/filippo-berio-extra-virgin-olive-oil/067889-34463-34464,Filippo Berio Extra Virgin Olive Oil,1litre,£15.95,£1.60/100ml,,Food Cupboard
025725,Ritter Sport Peppermint,G,false,1227,https://ecom-su-static-prod.wtrecom.com/images/products/3/LN_025725_BP_3.jpg,https://www.waitrose.com/ecom/products/ritter-sport-peppermint/025725-12544-12545,Ritter Sport Peppermint,100g,£1.30,£1.30/100g,,Food Cupboard
573832,Bonne Maman Dark Chocolate Shortbread,G,false,1228,https://ecom-su-static-prod.wtrecom.com/images/products/3/LN_573832_BP_3.jpg,https://www.waitrose.com/ecom/products/bonne-maman-dark-chocolate-shortbread/573832-777346-777347,Bonne Maman Dark Chocolate Shortbread,160g,£2.25,£1.41/100g,,Food Cupboard
530361,Jus-Rol Gluten Free Puff Pastry Sheet,G,false,1229,https://ecom-su-static-prod.wtrecom.com/images/products/3/LN_530361_BP_3.jpg,https://www.waitrose.com/ecom/products/jus-rol-gluten-free-puff-pastry-sheet/530361-664917-664918,Jus-Rol Gluten Free Puff Pastry Sheet,280g,£2.45,£8.75/kg,,Food Cupboard
487372,Go Ahead Forest Fruits Crispy Fruit Slices Snack Bars,G,false,1230,https://ecom-su-static-prod.wtrecom.com/images/products/3/LN_487372_BP_3.jpg,https://www.waitrose.com/ecom/products/go-ahead-forest-fruits-crispy-fruit-slices-snack-bars/487372-786072-786073,Go Ahead Forest Fruits Crispy Fruit Slices Snack Bars,5x43.6g,£1.00,45.9p/100g,,Food Cupboard
426658,Campbell's Cream of Mushroom,G,false,1231,https://ecom-su-static-prod.wtrecom.com/images/products/3/LN_426658_BP_3.jpg,https://www.waitrose.com/ecom/products/campbells-cream-of-mushroom/426658-148125-148126,Campbell's Cream of Mushroom,295g,£1.60,54.2p/100g,,Food Cupboard
016987,Giuseppe Cocco Tagliatelle,G,false,1232,https://ecom-su-static-prod.wtrecom.com/images/products/3/LN_016987_BP_3.jpg,https://www.waitrose.com/ecom/products/giuseppe-cocco-tagliatelle/016987-8205-8206,Giuseppe Cocco Tagliatelle,250g,£4.30,£17.20/kg,,Food Cupboard
884374,Nando's Perinaise Mild Peri-Peri Mayo,G,false,1233,https://ecom-su-static-prod.wtrecom.com/images/products/3/LN_884374_BP_3.jpg,https://www.waitrose.com/ecom/products/nandos-perinaise-mild-peri-peri-mayo/884374-589661-589662,Nando's Perinaise Mild Peri-Peri Mayo,265g,£2.35,88.7p/100g,,Food Cupboard
582163,Tyrrells Lentil Sour Cream Crisps,G,true,1234,https://ecom-su-static-prod.wtrecom.com/images/products/3/LN_582163_BP_3.jpg,https://www.waitrose.com/ecom/products/tyrrells-lentil-sour-cream-crisps/582163-763730-763731,Tyrrells Lentil Sour Cream Crisps,80g,£1.35,£1.69/100g,save 65p. Was £2.00,Food Cupboard
476501,Waitrose Ground Almonds,G,false,1235,https://ecom-su-static-prod.wtrecom.com/images/products/3/LN_476501_BP_3.jpg,https://www.waitrose.com/ecom/products/waitrose-ground-almonds/476501-818363-818364,Waitrose Ground Almonds,500g,£5.95,£11.90/kg,,Food Cupboard
034187,Waitrose Groundnut Oil,G,false,1236,https://ecom-su-static-prod.wtrecom.com/images/products/3/LN_034187_BP_3.jpg,https://www.waitrose.com/ecom/products/waitrose-groundnut-oil/034187-17123-17124,Waitrose Groundnut Oil,500ml,£2.50,50p/100ml,,Food Cupboard
034686,Tabasco Pepper Sauce,G,false,1237,https://ecom-su-static-prod.wtrecom.com/images/products/3/LN_034686_BP_3.jpg,https://www.waitrose.com/ecom/products/tabasco-pepper-sauce/034686-17469-17470,Tabasco Pepper Sauce,57ml,£2.65,£4.65/100ml,,Food Cupboard
613528,No.1 Bucatini,G,false,1238,https://ecom-su-static-prod.wtrecom.com/images/products/3/LN_613528_BP_3.jpg,https://www.waitrose.com/ecom/products/no1-bucatini/613528-499356-499357,No.1 Bucatini,500g,£2.75,£5.50/kg,,Food Cupboard
007825,Bovril Beef Yeast Extract Paste,G,false,1239,https://ecom-su-static-prod.wtrecom.com/images/products/3/LN_007825_BP_3.jpg,https://www.waitrose.com/ecom/products/bovril-beef-yeast-extract-paste/007825-3711-3712,Bovril Beef Yeast Extract Paste,250g,£4.65,£1.86/100g,,Food Cupboard
561918,Lyle's Golden Syrup,G,false,1240,https://ecom-su-static-prod.wtrecom.com/images/products/3/LN_561918_BP_3.jpg,https://www.waitrose.com/ecom/products/lyles-golden-syrup/561918-306894-306895,Lyle's Golden Syrup,700g,£2.65,37.9p/100g,,Food Cupboard
603918,Meridian Smooth Almond Butter,G,false,1241,https://ecom-su-static-prod.wtrecom.com/images/products/3/LN_603918_BP_3.jpg,https://www.waitrose.com/ecom/products/meridian-smooth-almond-butter/603918-746375-746376,Meridian Smooth Almond Butter,170g,£3.15,£1.86/100g,,Food Cupboard
010399,Leckford Estate Strong White Bread Flour,G,false,1242,https://ecom-su-static-prod.wtrecom.com/images/products/3/LN_010399_BP_3.jpg,https://www.waitrose.com/ecom/products/leckford-estate-strong-white-bread-flour/010399-5198-5199,Leckford Estate Strong White Bread Flour,1.5kg,£2.40,£1.60/kg,,Food Cupboard
672411,Waitrose Wholegrain Mexican Style Rice,G,false,1243,https://ecom-su-static-prod.wtrecom.com/images/products/3/LN_672411_BP_3.jpg,https://www.waitrose.com/ecom/products/waitrose-wholegrain-mexican-style-rice/672411-695132-695133,Waitrose Wholegrain Mexican Style Rice,250g,85p,£3.40/kg,,Food Cupboard
834610,Kikkoman Gluten Free Soy Sauce,G,false,1244,https://ecom-su-static-prod.wtrecom.com/images/products/3/LN_834610_BP_3.jpg,https://www.waitrose.com/ecom/products/kikkoman-gluten-free-soy-sauce/834610-450743-450744,Kikkoman Gluten Free Soy Sauce,250ml,£3.15,£1.26/100ml,,Food Cupboard
501670,Waitrose Korma Sauce,G,false,1245,https://ecom-su-static-prod.wtrecom.com/images/products/3/LN_501670_BP_3.jpg,https://www.waitrose.com/ecom/products/waitrose-korma-sauce/501670-776983-776984,Waitrose Korma Sauce,450g,£1.50,33.3p/100g,,Food Cupboard
425772,Batchelors 4 Potato & Leek Cup A Soup,G,false,1246,https://ecom-su-static-prod.wtrecom.com/images/products/3/LN_425772_BP_3.jpg,https://www.waitrose.com/ecom/products/batchelors-4-potato-leek-cup-a-soup/425772-662432-662433,Batchelors 4 Potato & Leek Cup A Soup,107g,£1.70,£1.59/100g,,Food Cupboard
032753,Green & Black's Organic White Chocolate Bar,G,false,1247,https://ecom-su-static-prod.wtrecom.com/images/products/3/LN_032753_BP_3.jpg,https://www.waitrose.com/ecom/products/green-blacks-organic-white-chocolate-bar/032753-16019-16020,Green & Black's Organic White Chocolate Bar,90g,£2.50,£2.78/100g,,Food Cupboard
434922,Graze Smokey BBQ Crunch,G,false,1248,https://ecom-su-static-prod.wtrecom.com/images/products/3/LN_434922_BP_3.jpg,https://www.waitrose.com/ecom/products/graze-smokey-bbq-crunch/434922-511742-511743,Graze Smokey BBQ Crunch,100g,£2.65,£2.65/100g,,Food Cupboard
812821,Cooks' Ingredients Belgian Milk Chocolate,G,false,1249,https://ecom-su-static-prod.wtrecom.com/images/products/3/LN_812821_BP_3.jpg,https://www.waitrose.com/ecom/products/cooks-ingredients-belgian-milk-chocolate/812821-752669-752670,Cooks' Ingredients Belgian Milk Chocolate,180g,£2.00,£11.12/kg,,Food Cupboard
458823,The Spice Tailor Butter Chicken,G,true,1250,https://ecom-su-static-prod.wtrecom.com/images/products/3/LN_458823_BP_3.jpg,https://www.waitrose.com/ecom/products/the-spice-tailor-butter-chicken/458823-408514-408515,The Spice Tailor Butter Chicken,300g,£3.75,£1.25/100g,Add 2 for £5,Food Cupboard
026350,Lizis Organic Granola,G,true,1251,https://ecom-su-static-prod.wtrecom.com/images/products/3/LN_026350_BP_3.jpg,https://www.waitrose.com/ecom/products/lizis-organic-granola/026350-12821-12822,Lizis Organic Granola,350g,£2.65,75.7p/100g,Save 1/3. Was £4.20,Food Cupboard
007188,Essential Red Wine Vinegar,G,false,1252,https://ecom-su-static-prod.wtrecom.com/images/products/3/LN_007188_BP_3.jpg,https://www.waitrose.com/ecom/products/essential-red-wine-vinegar/007188-3305-3306,Essential Red Wine Vinegar,500ml,£2.00,40p/100ml,,Food Cupboard
600690,Cooks' Ingredients Thyme,G,false,1253,https://ecom-su-static-prod.wtrecom.com/images/products/3/LN_600690_BP_3.jpg,https://www.waitrose.com/ecom/products/cooks-ingredients-thyme/600690-784958-784959,Cooks' Ingredients Thyme,18g,£1.60,88.9p/10g,,Food Cupboard
885829,Quaker Jumbo Porridge Oats,G,true,1254,https://ecom-su-static-prod.wtrecom.com/images/products/3/LN_885829_BP_3.jpg,https://www.waitrose.com/ecom/products/quaker-jumbo-porridge-oats/885829-151693-151694,Quaker Jumbo Porridge Oats,1kg,£3.10,31p/100g,Add 2 for £4,Food Cupboard
007636,Essential French Mustard,G,false,1255,https://ecom-su-static-prod.wtrecom.com/images/products/3/LN_007636_BP_3.jpg,https://www.waitrose.com/ecom/products/essential-french-mustard/007636-3576-3577,Essential French Mustard,180g,£1.00,55.6p/100g,,Food Cupboard
461685,Schär Gluten Free Crispbread,G,false,1256,https://ecom-su-static-prod.wtrecom.com/images/products/3/LN_461685_BP_3.jpg,https://www.waitrose.com/ecom/products/schar-gluten-free-crispbread/461685-600546-600547,Schär Gluten Free Crispbread,150g,£1.75,£1.17/100g,,Food Cupboard
888691,Waitrose Mixed Roasted Nuts,G,false,1257,https://ecom-su-static-prod.wtrecom.com/images/products/3/LN_888691_BP_3.jpg,https://www.waitrose.com/ecom/products/waitrose-mixed-roasted-nuts/888691-755317-755318,Waitrose Mixed Roasted Nuts,250g,£3.50,£1.40/100g,,Food Cupboard
617017,No.1 Peru Dark Chocolate 80%,G,false,1258,https://ecom-su-static-prod.wtrecom.com/images/products/3/LN_617017_BP_3.jpg,https://www.waitrose.com/ecom/products/no1-peru-dark-chocolate-80/617017-706928-706929,No.1 Peru Dark Chocolate 80%,100g,£2.25,£2.25/100g,,Food Cupboard
841752,Jacob's Cream Cracker Snack Packs,G,false,1259,https://ecom-su-static-prod.wtrecom.com/images/products/3/LN_841752_BP_3.jpg,https://www.waitrose.com/ecom/products/jacobs-cream-cracker-snack-packs/841752-311420-311421,Jacob's Cream Cracker Snack Packs,185g,£2.25,£1.22/100g,,Food Cupboard
009714,Galaxy Milk,G,false,1260,https://ecom-su-static-prod.wtrecom.com/images/products/3/LN_009714_BP_3.jpg,https://www.waitrose.com/ecom/products/galaxy-milk/009714-4807-4808,Galaxy Milk,100g,£1.75,£1.75/100g,,Food Cupboard
724293,Parmentier Sardines in Tomato Sauce,G,false,1261,https://ecom-su-static-prod.wtrecom.com/images/products/3/LN_724293_BP_3.jpg,https://www.waitrose.com/ecom/products/parmentier-sardines-in-tomato-sauce/724293-288036-288037,Parmentier Sardines in Tomato Sauce,135g,£2.00,£1.49/100g,,Food Cupboard
691651,Heinz Salad Cream 70% Less Fat,G,true,1262,https://ecom-su-static-prod.wtrecom.com/images/products/3/LN_691651_BP_3.jpg,https://www.waitrose.com/ecom/products/heinz-salad-cream-70-less-fat/691651-408754-408755,Heinz Salad Cream 70% Less Fat,415g,£2.50,60.2p/100g,save 50p. Was £3.00,Food Cupboard
870222,Pipers Anglesey Sea Salt Sharing Crisps,G,false,1263,https://ecom-su-static-prod.wtrecom.com/images/products/3/LN_870222_BP_3.jpg,https://www.waitrose.com/ecom/products/pipers-anglesey-sea-salt-sharing-crisps/870222-742176-742177,Pipers Anglesey Sea Salt Sharing Crisps,150g,£3.00,£2/100g,,Food Cupboard
683479,Popchips Barbeque,G,true,1264,https://ecom-su-static-prod.wtrecom.com/images/products/3/LN_683479_BP_3.jpg,https://www.waitrose.com/ecom/products/popchips-barbeque/683479-168634-168635,Popchips Barbeque,85g,£1.50,£1.77/100g,save 75p. Was £2.25,Food Cupboard
633241,John West Tuna Chunks in Spring Water,G,false,1265,https://ecom-su-static-prod.wtrecom.com/images/products/3/LN_633241_BP_3.jpg,https://www.waitrose.com/ecom/products/john-west-tuna-chunks-in-spring-water/633241-149001-149002,John West Tuna Chunks in Spring Water,drained 3x56g,£2.90,£1.73/100g,,Food Cupboard
705232,Cooks' Ingredients Saffron,G,false,1266,https://ecom-su-static-prod.wtrecom.com/images/products/3/LN_705232_BP_3.jpg,https://www.waitrose.com/ecom/products/cooks-ingredients-saffron/705232-785060-785061,Cooks' Ingredients Saffron,0.4g,£2.85,£71.25/10g,,Food Cupboard
626203,Awfully Posh Salt Pork Crackling,G,true,1267,https://ecom-su-static-prod.wtrecom.com/images/products/3/LN_626203_BP_3.jpg,https://www.waitrose.com/ecom/products/awfully-posh-salt-pork-crackling/626203-236260-236261,Awfully Posh Salt Pork Crackling,40g,£1.50,£3.75/100g,save 25p. Was £1.75,Food Cupboard
738092,Waitrose Caesar Dressing,G,false,1268,https://ecom-su-static-prod.wtrecom.com/images/products/3/LN_738092_BP_3.jpg,https://www.waitrose.com/ecom/products/waitrose-caesar-dressing/738092-104924-104925,Waitrose Caesar Dressing,235ml,£2.20,93.6p/100ml,,Food Cupboard
043912,Nestlé Shredded Wheat Honey & Nut,G,false,1269,https://ecom-su-static-prod.wtrecom.com/images/products/3/LN_043912_BP_3.jpg,https://www.waitrose.com/ecom/products/nestle-shredded-wheat-honey-nut/043912-21645-21646,Nestlé Shredded Wheat Honey & Nut,500g,£3.70,74p/100g,,Food Cupboard
029133,Heinz Classic Lentil Soup,G,true,1270,https://ecom-su-static-prod.wtrecom.com/images/products/3/LN_029133_BP_3.jpg,https://www.waitrose.com/ecom/products/heinz-classic-lentil-soup/029133-14199-14200,Heinz Classic Lentil Soup,400g,£1.75,43.8p/100g,Add 3 for £4.50,Food Cupboard
468839,Duchy Organic Pure Set Honey,G,false,1271,https://ecom-su-static-prod.wtrecom.com/images/products/3/LN_468839_BP_3.jpg,https://www.waitrose.com/ecom/products/duchy-organic-pure-set-honey/468839-662528-662529,Duchy Organic Pure Set Honey,340g,£3.50,£1.03/100g,,Food Cupboard
023604,Dole Fruit in Jelly Mandarins,G,false,1272,https://ecom-su-static-prod.wtrecom.com/images/products/3/LN_023604_BP_3.jpg,https://www.waitrose.com/ecom/products/dole-fruit-in-jelly-mandarins/023604-11456-11457,Dole Fruit in Jelly Mandarins,4x123g,£2.40,48.8p/100g,,Food Cupboard
496828,M&M's Peanut More to Share Pouch,G,false,1273,https://ecom-su-static-prod.wtrecom.com/images/products/3/LN_496828_BP_3.jpg,https://www.waitrose.com/ecom/products/mms-peanut-more-to-share-pouch/496828-724475-724476,M&M's Peanut More to Share Pouch,220g,£3.45,£1.57/100g,,Food Cupboard
034620,Lea & Perrins Worcestershire Sauce,G,false,1274,https://ecom-su-static-prod.wtrecom.com/images/products/3/LN_034620_BP_3.jpg,https://www.waitrose.com/ecom/products/lea-perrins-worcestershire-sauce/034620-17413-17414,Lea & Perrins Worcestershire Sauce,290ml,£3.15,£1.09/100ml,,Food Cupboard
748594,Cooks' Ingredients Cumin Seeds,G,true,1275,https://ecom-su-static-prod.wtrecom.com/images/products/3/LN_748594_BP_3.jpg,https://www.waitrose.com/ecom/products/cooks-ingredients-cumin-seeds/748594-785096-785097,Cooks' Ingredients Cumin Seeds,40g,£1.60,40p/10g,Add 2 for £2.75,Food Cupboard
660724,Wagon Wheels Jammie,G,false,1276,https://ecom-su-static-prod.wtrecom.com/images/products/3/LN_660724_BP_3.jpg,https://www.waitrose.com/ecom/products/wagon-wheels-jammie/660724-812485-812486,Wagon Wheels Jammie,6x38.1g,£1.30,56.9p/100g,,Food Cupboard
052618,Fox's Fabulous Milk Chocolate Cookies,G,true,1277,https://ecom-su-static-prod.wtrecom.com/images/products/3/LN_052618_BP_3.jpg,https://www.waitrose.com/ecom/products/foxs-fabulous-milk-chocolate-cookies/052618-26229-26230,Fox's Fabulous Milk Chocolate Cookies,180g,£1.25,69.4p/100g,save 85p. Was £2.10,Food Cupboard
049226,Clarence Court Quail Eggs,G,false,1278,https://ecom-su-static-prod.wtrecom.com/images/products/3/LN_049226_BP_3.jpg,https://www.waitrose.com/ecom/products/clarence-court-quail-eggs/049226-24528-24529,Clarence Court Quail Eggs,12s,£4.50,37.5p each,,Food Cupboard
020981,Bonne Maman Apricot Compote,G,true,1279,https://ecom-su-static-prod.wtrecom.com/images/products/3/LN_020981_BP_3.jpg,https://www.waitrose.com/ecom/products/bonne-maman-apricot-compote/020981-10209-10210,Bonne Maman Apricot Compote,600g,£3.40,56.7p/100g,save £1.30. Was £4.70,Food Cupboard
683473,Whole Earth Smooth Organic Peanut Butter,G,false,1280,https://ecom-su-static-prod.wtrecom.com/images/products/3/LN_683473_BP_3.jpg,https://www.waitrose.com/ecom/products/whole-earth-smooth-organic-peanut-butter/683473-97084-97085,Whole Earth Smooth Organic Peanut Butter,340g,£3.80,£1.12/100g,,Food Cupboard
757641,Nature Valley Protein Bars Salted Caramel Nut,G,false,1281,https://ecom-su-static-prod.wtrecom.com/images/products/3/LN_757641_BP_3.jpg,https://www.waitrose.com/ecom/products/nature-valley-protein-bars-salted-caramel-nut/757641-506284-506285,Nature Valley Protein Bars Salted Caramel Nut,4x40g,£3.15,£1.97/100g,,Food Cupboard
010319,Jordans Frusli Raisins & Hazelnut Cereal Bars,G,true,1282,https://ecom-su-static-prod.wtrecom.com/images/products/3/LN_010319_BP_3.jpg,https://www.waitrose.com/ecom/products/jordans-frusli-raisins-hazelnut-cereal-bars/010319-5148-5149,Jordans Frusli Raisins & Hazelnut Cereal Bars,6x30g,£1.50,83.3p/100g,save 90p. Was £2.40,Food Cupboard
002291,McVitie's Jaffa Cakes Original Biscuits,G,true,1283,https://ecom-su-static-prod.wtrecom.com/images/products/3/LN_002291_BP_3.jpg,https://www.waitrose.com/ecom/products/mcvities-jaffa-cakes-original-biscuits/002291-718-719,McVitie's Jaffa Cakes Original Biscuits,10s,85p,8.5p each,save 45p. Was £1.30,Food Cupboard
655320,Waitrose Mayonnaise with Olive Oil,G,false,1284,https://ecom-su-static-prod.wtrecom.com/images/products/3/LN_655320_BP_3.jpg,https://www.waitrose.com/ecom/products/waitrose-mayonnaise-with-olive-oil/655320-203276-203277,Waitrose Mayonnaise with Olive Oil,500ml,£2.75,55p/100ml,,Food Cupboard
721077,KP Dry Roasted Peanuts,G,true,1285,https://ecom-su-static-prod.wtrecom.com/images/products/3/LN_721077_BP_3.jpg,https://www.waitrose.com/ecom/products/kp-dry-roasted-peanuts/721077-102474-102475,KP Dry Roasted Peanuts,250g,£3.25,£1.30/100g,Add 2 for £5.50,Food Cupboard
547740,Ben's Original Spicy Mexican Rice,G,true,1286,https://ecom-su-static-prod.wtrecom.com/images/products/3/LN_547740_BP_3.jpg,https://www.waitrose.com/ecom/products/bens-original-spicy-mexican-rice/547740-77441-77442,Ben's Original Spicy Mexican Rice,220g,£1.45,£6.60/kg,Add 2 for £2.50,Food Cupboard
446928,Fruit Bowl Strawberry Peelers,G,false,1287,https://ecom-su-static-prod.wtrecom.com/images/products/3/LN_446928_BP_3.jpg,https://www.waitrose.com/ecom/products/fruit-bowl-strawberry-peelers/446928-666636-666637,Fruit Bowl Strawberry Peelers,5x16g,£2.90,£3.63/100g,,Food Cupboard
553828,Fragata Olives Filled with Anchovy,G,false,1288,https://ecom-su-static-prod.wtrecom.com/images/products/3/LN_553828_BP_3.jpg,https://www.waitrose.com/ecom/products/fragata-olives-filled-with-anchovy/553828-78272-78273,Fragata Olives Filled with Anchovy,drained 150g,£2.35,£1.57/100g,,Food Cupboard
606279,Whole Earth Crunchy Organic Peanut Butter,G,false,1289,https://ecom-su-static-prod.wtrecom.com/images/products/3/LN_606279_BP_3.jpg,https://www.waitrose.com/ecom/products/whole-earth-crunchy-organic-peanut-butter/606279-86009-86010,Whole Earth Crunchy Organic Peanut Butter,340g,£3.80,£1.12/100g,,Food Cupboard
727880,BelVita Breakfast Biscuits Duo Crunch Strawberry & Yogurt 5 Pack,G,true,1290,https://ecom-su-static-prod.wtrecom.com/images/products/3/LN_727880_BP_3.jpg,https://www.waitrose.com/ecom/products/belvita-breakfast-biscuits-duo-crunch-strawberry-yogurt-5-pack/727880-274899-274900,BelVita Breakfast Biscuits Duo Crunch Strawberry & Yogurt 5 Pack,253g,£1.75,69.2p/100g,Save £1.15. Was £2.90,Food Cupboard
077707,Essential Short Cut Spaghetti in Tomato Sauce,G,false,1291,https://ecom-su-static-prod.wtrecom.com/images/products/3/LN_077707_BP_3.jpg,https://www.waitrose.com/ecom/products/essential-short-cut-spaghetti-in-tomato-sauce/077707-39522-39523,Essential Short Cut Spaghetti in Tomato Sauce,410g,50p,£1.22/kg,,Food Cupboard
075852,Sacla' Italia Sun-Dried Tomato Pesto,G,true,1292,https://ecom-su-static-prod.wtrecom.com/images/products/3/LN_075852_BP_3.jpg,https://www.waitrose.com/ecom/products/sacla-italia-sun-dried-tomato-pesto/075852-38492-38493,Sacla' Italia Sun-Dried Tomato Pesto,190g,£2.50,£1.32/100g,save £1.00. Was £3.50,Food Cupboard
585468,McVitie's Rich Tea The Light One Biscuits,G,false,1293,https://ecom-su-static-prod.wtrecom.com/images/products/3/LN_585468_BP_3.jpg,https://www.waitrose.com/ecom/products/mcvities-rich-tea-the-light-one-biscuits/585468-124186-124187,McVitie's Rich Tea The Light One Biscuits,300g,£1.90,63.3p/100g,,Food Cupboard
640624,Dorset Cereals Organic Muesli Cereal,G,false,1294,https://ecom-su-static-prod.wtrecom.com/images/products/3/LN_640624_BP_3.jpg,https://www.waitrose.com/ecom/products/dorset-cereals-organic-muesli-cereal/640624-585603-585604,Dorset Cereals Organic Muesli Cereal,600g,£4.20,70p/100g,,Food Cupboard
829214,Crosta & Mollica Basilico Pasta Sauce,G,false,1295,https://ecom-su-static-prod.wtrecom.com/images/products/3/LN_829214_BP_3.jpg,https://www.waitrose.com/ecom/products/crosta-mollica-basilico-pasta-sauce/829214-785182-785183,Crosta & Mollica Basilico Pasta Sauce,340g,£3.00,88.2p/100g,,Food Cupboard
438046,Old El Paso 6 Gluten Free Tortillas,G,false,1296,https://ecom-su-static-prod.wtrecom.com/images/products/3/LN_438046_BP_3.jpg,https://www.waitrose.com/ecom/products/old-el-paso-6-gluten-free-tortillas/438046-721831-721832,Old El Paso 6 Gluten Free Tortillas,216g,£3.15,£1.46/100g,,Food Cupboard
490191,Mr Organic Italian Organic Chopped Tomatoes,G,false,1297,https://ecom-su-static-prod.wtrecom.com/images/products/3/LN_490191_BP_3.jpg,https://www.waitrose.com/ecom/products/mr-organic-italian-organic-chopped-tomatoes/490191-730658-730659,Mr Organic Italian Organic Chopped Tomatoes,4x400g,£5.80,£3.63/kg,,Food Cupboard
535422,Waitrose Fruit & Nut Mix,G,false,1298,https://ecom-su-static-prod.wtrecom.com/images/products/3/LN_535422_BP_3.jpg,https://www.waitrose.com/ecom/products/waitrose-fruit-nut-mix/535422-491979-491980,Waitrose Fruit & Nut Mix,250g,£3.00,£1.20/100g,,Food Cupboard
436406,Haribo Starmix,G,false,1299,https://ecom-su-static-prod.wtrecom.com/images/products/3/LN_436406_BP_3.jpg,https://www.waitrose.com/ecom/products/haribo-starmix/436406-61404-61405,Haribo Starmix,352g,£3.25,92.3p/100g,,Food Cupboard
841103,Rude Health Bircher Muesli 375g,G,false,1300,https://ecom-su-static-prod.wtrecom.com/images/products/3/LN_841103_BP_3.jpg,https://www.waitrose.com/ecom/products/rude-health-bircher-muesli-375g/841103-742032-742033,Rude Health Bircher Muesli 375g,375g,£3.00,80p/100g,,Food Cupboard
688623,Nairn's Gluten Free Wholegrain Crackers,G,false,1301,https://ecom-su-static-prod.wtrecom.com/images/products/3/LN_688623_BP_3.jpg,https://www.waitrose.com/ecom/products/nairns-gluten-free-wholegrain-crackers/688623-450582-450583,Nairn's Gluten Free Wholegrain Crackers,160g,£2.10,£1.32/100g,,Food Cupboard
698528,Roka Cheese Sticks,G,false,1302,https://ecom-su-static-prod.wtrecom.com/images/products/3/LN_698528_BP_3.jpg,https://www.waitrose.com/ecom/products/roka-cheese-sticks/698528-124232-124233,Roka Cheese Sticks,100g,£2.25,£2.25/100g,,Food Cupboard
059903,Dolmio Pasta Bake Creamy Tomato Sauce,G,true,1303,https://ecom-su-static-prod.wtrecom.com/images/products/3/LN_059903_BP_3.jpg,https://www.waitrose.com/ecom/products/dolmio-pasta-bake-creamy-tomato-sauce/059903-30261-30262,Dolmio Pasta Bake Creamy Tomato Sauce,450g,£2.65,58.9p/100g,Add 2 for £3.50,Food Cupboard
803560,Duchy Organic Crunchy Peanut Butter,G,false,1304,https://ecom-su-static-prod.wtrecom.com/images/products/3/LN_803560_BP_3.jpg,https://www.waitrose.com/ecom/products/duchy-organic-crunchy-peanut-butter/803560-752831-752832,Duchy Organic Crunchy Peanut Butter,340g,£2.50,73.5p/100g,,Food Cupboard
824364,Polo Sugar Free Mints 4 Pack,G,false,1305,https://ecom-su-static-prod.wtrecom.com/images/products/3/LN_824364_BP_3.jpg,https://www.waitrose.com/ecom/products/polo-sugar-free-mints-4-pack/824364-437810-437811,Polo Sugar Free Mints 4 Pack,4x33.4g,£1.85,£1.39/100g,,Food Cupboard
028421,Duchy Organic Balsamic Vinegar,G,false,1306,https://ecom-su-static-prod.wtrecom.com/images/products/3/LN_028421_BP_3.jpg,https://www.waitrose.com/ecom/products/duchy-organic-balsamic-vinegar/028421-13830-13831,Duchy Organic Balsamic Vinegar,250ml,£3.25,£1.30/100ml,,Food Cupboard
751103,Waitrose English Mint Sauce,G,false,1307,https://ecom-su-static-prod.wtrecom.com/images/products/3/LN_751103_BP_3.jpg,https://www.waitrose.com/ecom/products/waitrose-english-mint-sauce/751103-207429-207430,Waitrose English Mint Sauce,195g,£1.40,71.8p/100g,,Food Cupboard
806480,Idahoan Buttery Perfect Mash,G,false,1308,https://ecom-su-static-prod.wtrecom.com/images/products/3/LN_806480_BP_3.jpg,https://www.waitrose.com/ecom/products/idahoan-buttery-perfect-mash/806480-756131-756132,Idahoan Buttery Perfect Mash,109g,£1.55,£14.23/kg,,Food Cupboard
763941,Yo! Aromatic Katsu Curry,G,false,1309,https://ecom-su-static-prod.wtrecom.com/images/products/3/LN_763941_BP_3.jpg,https://www.waitrose.com/ecom/products/yo-aromatic-katsu-curry/763941-703257-703258,Yo! Aromatic Katsu Curry,100g,£1.25,£1.25/100g,,Food Cupboard
806353,Kellogg's All-Bran Original Breakfast Cereal,G,false,1310,https://ecom-su-static-prod.wtrecom.com/images/products/3/LN_806353_BP_3.jpg,https://www.waitrose.com/ecom/products/kelloggs-all-bran-original-breakfast-cereal/806353-723008-723009,Kellogg's All-Bran Original Breakfast Cereal,500g,£2.60,52p/100g,,Food Cupboard
790420,Merchant Gourmet Red Rice & Quinoa,G,true,1311,https://ecom-su-static-prod.wtrecom.com/images/products/3/LN_790420_BP_3.jpg,https://www.waitrose.com/ecom/products/merchant-gourmet-red-rice-quinoa/790420-420469-420470,Merchant Gourmet Red Rice & Quinoa,250g,£1.50,£6/kg,save 60p. Was £2.10,Food Cupboard
795746,Mr Organic Organic Baked Beans,G,true,1312,https://ecom-su-static-prod.wtrecom.com/images/products/3/LN_795746_BP_3.jpg,https://www.waitrose.com/ecom/products/mr-organic-organic-baked-beans/795746-743989-743990,Mr Organic Organic Baked Beans,4x400g,£4.60,£2.88/kg,20% Off. Was £5.80,Food Cupboard
888024,Nature Valley Sweet & Salty Nut and Dark Choc,G,false,1313,https://ecom-su-static-prod.wtrecom.com/images/products/3/LN_888024_BP_3.jpg,https://www.waitrose.com/ecom/products/nature-valley-sweet-salty-nut-and-dark-choc/888024-566815-566816,Nature Valley Sweet & Salty Nut and Dark Choc,4x30g,£2.25,£1.88/100g,,Food Cupboard
546087,Waitrose French Onion & Red Wine Soup,G,false,1314,https://ecom-su-static-prod.wtrecom.com/images/products/3/LN_546087_BP_3.jpg,https://www.waitrose.com/ecom/products/waitrose-french-onion-red-wine-soup/546087-696532-696533,Waitrose French Onion & Red Wine Soup,400g,£1.40,35p/100g,,Food Cupboard
763468,Nairn's On the Go... Fruit & Seed Oatcake 6x3,G,false,1315,https://ecom-su-static-prod.wtrecom.com/images/products/3/LN_763468_BP_3.jpg,https://www.waitrose.com/ecom/products/nairns-on-the-go-fruit-seed-oatcake-6x3/763468-457198-457199,Nairn's On the Go... Fruit & Seed Oatcake 6x3,225g,£1.75,77.8p/100g,,Food Cupboard
007848,Zanae Greek Giant Beans in Tomato Sauce,G,false,1316,https://ecom-su-static-prod.wtrecom.com/images/products/3/LN_007848_BP_3.jpg,https://www.waitrose.com/ecom/products/zanae-greek-giant-beans-in-tomato-sauce/007848-3733-3734,Zanae Greek Giant Beans in Tomato Sauce,280g,£2.00,£7.15/kg,,Food Cupboard
546962,Knorr Gluten Free Rich Beef Stock Pot,G,false,1317,https://ecom-su-static-prod.wtrecom.com/images/products/3/LN_546962_BP_3.jpg,https://www.waitrose.com/ecom/products/knorr-gluten-free-rich-beef-stock-pot/546962-229865-229866,Knorr Gluten Free Rich Beef Stock Pot,4x28g,£2.00,£1.79/100g,,Food Cupboard
044460,Baxters Favourites Chicken Broth,G,false,1318,https://ecom-su-static-prod.wtrecom.com/images/products/3/LN_044460_BP_3.jpg,https://www.waitrose.com/ecom/products/baxters-favourites-chicken-broth/044460-21928-21929,Baxters Favourites Chicken Broth,400g,£2.00,50p/100g,,Food Cupboard
067093,Ambrosia Light Devon Custard,G,false,1319,https://ecom-su-static-prod.wtrecom.com/images/products/3/LN_067093_BP_3.jpg,https://www.waitrose.com/ecom/products/ambrosia-light-devon-custard/067093-33984-33985,Ambrosia Light Devon Custard,4x125g,£2.95,59p/100g,,Food Cupboard
516018,Branston Original Pickle,G,false,1320,https://ecom-su-static-prod.wtrecom.com/images/products/3/LN_516018_BP_3.jpg,https://www.waitrose.com/ecom/products/branston-original-pickle/516018-727151-727152,Branston Original Pickle,720g,£3.15,43.8p/100g,,Food Cupboard
029442,Baxters French Onion Soup,G,false,1321,https://ecom-su-static-prod.wtrecom.com/images/products/3/LN_029442_BP_3.jpg,https://www.waitrose.com/ecom/products/baxters-french-onion-soup/029442-14399-14400,Baxters French Onion Soup,400g,£2.00,50p/100g,,Food Cupboard
607633,Weetabix,G,false,1322,https://ecom-su-static-prod.wtrecom.com/images/products/3/LN_607633_BP_3.jpg,https://www.waitrose.com/ecom/products/weetabix/607633-127607-127608,Weetabix,72s,£8.45,11.7p each,,Food Cupboard
944452,"Merchant Gourmet Mango, Chilli & Lime Microwave Rice",G,true,1323,https://ecom-su-static-prod.wtrecom.com/images/products/3/LN_944452_BP_3.jpg,https://www.waitrose.com/ecom/products/merchant-gourmet-mango-chilli-lime-microwave-rice/944452-826502-826503,"Merchant Gourmet Mango, Chilli & Lime Microwave Rice",250g,£1.50,£6/kg,Introductory Offer.Will be £2.00,Food Cupboard
508329,Meridian Crunchy Peanut Butter,G,true,1324,https://ecom-su-static-prod.wtrecom.com/images/products/3/LN_508329_BP_3.jpg,https://www.waitrose.com/ecom/products/meridian-crunchy-peanut-butter/508329-696815-696816,Meridian Crunchy Peanut Butter,1kg,£6.50,65p/100g,save £1.40. Was £7.90,Food Cupboard
671781,Waitrose Spicy Tomato Salsa,G,false,1325,https://ecom-su-static-prod.wtrecom.com/images/products/3/LN_671781_BP_3.jpg,https://www.waitrose.com/ecom/products/waitrose-spicy-tomato-salsa/671781-767011-767012,Waitrose Spicy Tomato Salsa,200g,£1.25,62.5p/100g,,Food Cupboard
883865,Meridian Crunchy Almond Butter,G,false,1326,https://ecom-su-static-prod.wtrecom.com/images/products/3/LN_883865_BP_3.jpg,https://www.waitrose.com/ecom/products/meridian-crunchy-almond-butter/883865-276147-276148,Meridian Crunchy Almond Butter,170g,£3.15,£1.86/100g,,Food Cupboard
560438,Waitrose Mint Thins,G,false,1327,https://ecom-su-static-prod.wtrecom.com/images/products/3/LN_560438_BP_3.jpg,https://www.waitrose.com/ecom/products/waitrose-mint-thins/560438-673593-673594,Waitrose Mint Thins,150g,£3.50,£2.34/100g,,Food Cupboard
431522,Waitrose Essential No Added Sugar Raisin Wheats,G,false,1328,https://ecom-su-static-prod.wtrecom.com/images/products/3/LN_431522_BP_3.jpg,https://www.waitrose.com/ecom/products/waitrose-essential-no-added-sugar-raisin-wheats/431522-823326-823327,Waitrose Essential No Added Sugar Raisin Wheats,500g,£2.00,40p/100g,,Food Cupboard
026930,Essential Squeezy Brown Sauce,G,false,1329,https://ecom-su-static-prod.wtrecom.com/images/products/3/LN_026930_BP_3.jpg,https://www.waitrose.com/ecom/products/essential-squeezy-brown-sauce/026930-13101-13102,Essential Squeezy Brown Sauce,470g,£1.15,24.5p/100g,,Food Cupboard
019801,Essential Artichoke Hearts in Water,G,false,1330,https://ecom-su-static-prod.wtrecom.com/images/products/3/LN_019801_BP_3.jpg,https://www.waitrose.com/ecom/products/essential-artichoke-hearts-in-water/019801-9642-9643,Essential Artichoke Hearts in Water,drained 240g,£2.40,£10/kg,,Food Cupboard
836584,Princes Sardine & Tomato Paste,G,false,1331,https://ecom-su-static-prod.wtrecom.com/images/products/3/LN_836584_BP_3.jpg,https://www.waitrose.com/ecom/products/princes-sardine-tomato-paste/836584-631627-631628,Princes Sardine & Tomato Paste,75g,95p,£1.27/100g,,Food Cupboard
594473,John West No Drain Tuna Steak Sunflower Oil,G,false,1332,https://ecom-su-static-prod.wtrecom.com/images/products/3/LN_594473_BP_3.jpg,https://www.waitrose.com/ecom/products/john-west-no-drain-tuna-steak-sunflower-oil/594473-631387-631388,John West No Drain Tuna Steak Sunflower Oil,3x60g,£3.60,£2/100g,,Food Cupboard
038022,Waitrose Chopped Tomatoes with Basil,G,false,1333,https://ecom-su-static-prod.wtrecom.com/images/products/3/LN_038022_BP_3.jpg,https://www.waitrose.com/ecom/products/waitrose-chopped-tomatoes-with-basil/038022-18978-18979,Waitrose Chopped Tomatoes with Basil,400g,85p,£2.13/kg,,Food Cupboard
080059,Heinz Organic Tomato Ketchup,G,false,1334,https://ecom-su-static-prod.wtrecom.com/images/products/3/LN_080059_BP_3.jpg,https://www.waitrose.com/ecom/products/heinz-organic-tomato-ketchup/080059-40725-40726,Heinz Organic Tomato Ketchup,580g,£4.30,74.1p/100g,,Food Cupboard
617152,Proper Chips Salt & Vinegar Lentil Chips,G,true,1335,https://ecom-su-static-prod.wtrecom.com/images/products/3/LN_617152_BP_3.jpg,https://www.waitrose.com/ecom/products/proper-chips-salt-vinegar-lentil-chips/617152-780249-780250,Proper Chips Salt & Vinegar Lentil Chips,85g,£1.25,£1.48/100g,save 75p. Was £2.00,Food Cupboard
692384,Essential Light in Colour Olive Oil,G,false,1336,https://ecom-su-static-prod.wtrecom.com/images/products/3/LN_692384_BP_3.jpg,https://www.waitrose.com/ecom/products/essential-light-in-colour-olive-oil/692384-98323-98324,Essential Light in Colour Olive Oil,1litre,£8.00,80p/100ml,,Food Cupboard
807265,MOMA Plain Jumbo Oat Porridge Pot Gluten Free,G,true,1337,https://ecom-su-static-prod.wtrecom.com/images/products/3/LN_807265_BP_3.jpg,https://www.waitrose.com/ecom/products/moma-plain-jumbo-oat-porridge-pot-gluten-free/807265-301831-301832,MOMA Plain Jumbo Oat Porridge Pot Gluten Free,65g,£1.35,£2.08/100g,Add 4 for £4,Food Cupboard
009277,Ben's Original Sauce Chilli Con Carne Med,G,true,1338,https://ecom-su-static-prod.wtrecom.com/images/products/3/LN_009277_BP_3.jpg,https://www.waitrose.com/ecom/products/bens-original-sauce-chilli-con-carne-med/009277-4491-4492,Ben's Original Sauce Chilli Con Carne Med,450g,£2.50,55.6p/100g,Add 2 for £4,Food Cupboard
415088,Waitrose Fruit Pastilles,G,false,1339,https://ecom-su-static-prod.wtrecom.com/images/products/3/LN_415088_BP_3.jpg,https://www.waitrose.com/ecom/products/waitrose-fruit-pastilles/415088-728860-728861,Waitrose Fruit Pastilles,200g,£1.50,75p/100g,,Food Cupboard
019506,Essential Petits Pois in Water,G,false,1340,https://ecom-su-static-prod.wtrecom.com/images/products/3/LN_019506_BP_3.jpg,https://www.waitrose.com/ecom/products/essential-petits-pois-in-water/019506-9433-9434,Essential Petits Pois in Water,drained 140g,55p,£3.93/kg,,Food Cupboard
748740,Waitrose CI Ginger Paste,G,false,1341,https://ecom-su-static-prod.wtrecom.com/images/products/3/LN_748740_BP_3.jpg,https://www.waitrose.com/ecom/products/waitrose-ci-ginger-paste/748740-807621-807622,Waitrose CI Ginger Paste,95g,£1.60,£1.69/100g,,Food Cupboard
758931,Walkers Monster Munch Crisps Roast Beef Multipack Snacks,G,true,1342,https://ecom-su-static-prod.wtrecom.com/images/products/3/LN_758931_BP_3.jpg,https://www.waitrose.com/ecom/products/walkers-monster-munch-crisps-roast-beef-multipack-snacks/758931-107947-107948,Walkers Monster Munch Crisps Roast Beef Multipack Snacks,6x20g,£2.25,£1.88/100g,Add 2 for £3.25,Food Cupboard
403182,Waitrose Mini Shortbread,G,false,1343,https://ecom-su-static-prod.wtrecom.com/images/products/3/LN_403182_BP_3.jpg,https://www.waitrose.com/ecom/products/waitrose-mini-shortbread/403182-408456-408457,Waitrose Mini Shortbread,125g,£1.50,£1.20/100g,,Food Cupboard
574901,Sacla' Classic Basil Pesto Pots,G,false,1344,https://ecom-su-static-prod.wtrecom.com/images/products/3/LN_574901_BP_3.jpg,https://www.waitrose.com/ecom/products/sacla-classic-basil-pesto-pots/574901-600666-600667,Sacla' Classic Basil Pesto Pots,2x45g,£2.10,£2.34/100g,,Food Cupboard
732845,Cooks' Ingredients Ground Ginger,G,true,1345,https://ecom-su-static-prod.wtrecom.com/images/products/3/LN_732845_BP_3.jpg,https://www.waitrose.com/ecom/products/cooks-ingredients-ground-ginger/732845-785082-785083,Cooks' Ingredients Ground Ginger,32g,£1.60,50p/10g,Add 2 for £2.75,Food Cupboard
889010,No.1 Dark Chocolate & Ginger Thins,G,false,1346,https://ecom-su-static-prod.wtrecom.com/images/products/3/LN_889010_BP_3.jpg,https://www.waitrose.com/ecom/products/no1-dark-chocolate-ginger-thins/889010-166873-166874,No.1 Dark Chocolate & Ginger Thins,100g,£2.25,£2.25/100g,,Food Cupboard
686001,Waitrose Hollandaise Sauce,G,false,1347,https://ecom-su-static-prod.wtrecom.com/images/products/3/LN_686001_BP_3.jpg,https://www.waitrose.com/ecom/products/waitrose-hollandaise-sauce/686001-207139-207140,Waitrose Hollandaise Sauce,190g,£1.75,92.1p/100g,,Food Cupboard
034313,Essential Pickled Onions,G,false,1348,https://ecom-su-static-prod.wtrecom.com/images/products/3/LN_034313_BP_3.jpg,https://www.waitrose.com/ecom/products/essential-pickled-onions/034313-17186-17187,Essential Pickled Onions,drained 225g,£1.20,53.3p/100g,,Food Cupboard
860186,Waitrose Super Fine 00 Grade Pasta Flour,G,false,1349,https://ecom-su-static-prod.wtrecom.com/images/products/3/LN_860186_BP_3.jpg,https://www.waitrose.com/ecom/products/waitrose-super-fine-00-grade-pasta-flour/860186-261004-261005,Waitrose Super Fine 00 Grade Pasta Flour,1kg,£1.65,£1.65/kg,,Food Cupboard
543187,Peter's Yard Fig & Spelt Sourdough Crackers,G,false,1350,https://ecom-su-static-prod.wtrecom.com/images/products/3/LN_543187_BP_3.jpg,https://www.waitrose.com/ecom/products/peters-yard-fig-spelt-sourdough-crackers/543187-371368-371369,Peter's Yard Fig & Spelt Sourdough Crackers,100g,£2.65,£2.65/100g,,Food Cupboard
549132,Duchy Organic Highland All Butter Shortbread,G,false,1351,https://ecom-su-static-prod.wtrecom.com/images/products/3/LN_549132_BP_3.jpg,https://www.waitrose.com/ecom/products/duchy-organic-highland-all-butter-shortbread/549132-77659-77660,Duchy Organic Highland All Butter Shortbread,150g,£2.25,£1.50/100g,,Food Cupboard
809649,Bauli Doriano Crackers Sea Salt,G,false,1352,https://ecom-su-static-prod.wtrecom.com/images/products/3/LN_809649_BP_3.jpg,https://www.waitrose.com/ecom/products/bauli-doriano-crackers-sea-salt/809649-311364-311365,Bauli Doriano Crackers Sea Salt,240g,£2.00,83.3p/100g,,Food Cupboard
397208,Snack a Jacks Salt & Vinegar Sharing Rice Cakes,G,false,1353,https://ecom-su-static-prod.wtrecom.com/images/products/3/LN_397208_BP_3.jpg,https://www.waitrose.com/ecom/products/snack-a-jacks-salt-vinegar-sharing-rice-cakes/397208-124104-124105,Snack a Jacks Salt & Vinegar Sharing Rice Cakes,117g,£2.35,£2.01/100g,,Food Cupboard
413782,Cooks' Ingredients Sushi Rice,G,false,1354,https://ecom-su-static-prod.wtrecom.com/images/products/3/LN_413782_BP_3.jpg,https://www.waitrose.com/ecom/products/cooks-ingredients-sushi-rice/413782-58226-58227,Cooks' Ingredients Sushi Rice,500g,£2.35,£4.70/kg,,Food Cupboard
797138,Waitrose Strawberry Meringue Shells,G,false,1355,https://ecom-su-static-prod.wtrecom.com/images/products/3/LN_797138_BP_3.jpg,https://www.waitrose.com/ecom/products/waitrose-strawberry-meringue-shells/797138-693908-693909,Waitrose Strawberry Meringue Shells,8s,£2.50,31.3p each,,Food Cupboard
004440,Waitrose Apricot Preserve,G,false,1356,https://ecom-su-static-prod.wtrecom.com/images/products/3/LN_004440_BP_3.jpg,https://www.waitrose.com/ecom/products/waitrose-apricot-preserve/004440-1859-1860,Waitrose Apricot Preserve,340g,£2.40,70.6p/100g,,Food Cupboard
892903,Urban Fruit Baked Strawberries,G,true,1357,https://ecom-su-static-prod.wtrecom.com/images/products/3/LN_892903_BP_3.jpg,https://www.waitrose.com/ecom/products/urban-fruit-baked-strawberries/892903-271554-271555,Urban Fruit Baked Strawberries,90g,£2.75,£3.06/100g,Add 2 for £4.20,Food Cupboard
006810,Waitrose Blanched Whole Almonds,G,false,1358,https://ecom-su-static-prod.wtrecom.com/images/products/3/LN_006810_BP_3.jpg,https://www.waitrose.com/ecom/products/waitrose-blanched-whole-almonds/006810-3055-3056,Waitrose Blanched Whole Almonds,100g,£1.80,£18/kg,,Food Cupboard
019615,Essential Sliced Carrots in Water,G,false,1359,https://ecom-su-static-prod.wtrecom.com/images/products/3/LN_019615_BP_3.jpg,https://www.waitrose.com/ecom/products/essential-sliced-carrots-in-water/019615-9524-9525,Essential Sliced Carrots in Water,drained 240g,65p,£2.71/kg,,Food Cupboard
385733,Farrington's Mellow Yellow Classic Vinaigrette,G,false,1360,https://ecom-su-static-prod.wtrecom.com/images/products/3/LN_385733_BP_3.jpg,https://www.waitrose.com/ecom/products/farringtons-mellow-yellow-classic-vinaigrette/385733-54255-54256,Farrington's Mellow Yellow Classic Vinaigrette,250ml,£3.45,£1.38/100ml,,Food Cupboard
479896,Rude Health Puffed Oats,G,false,1361,https://ecom-su-static-prod.wtrecom.com/images/products/3/LN_479896_BP_3.jpg,https://www.waitrose.com/ecom/products/rude-health-puffed-oats/479896-67713-67714,Rude Health Puffed Oats,175g,£1.80,£1.03/100g,,Food Cupboard
028934,Lindt Milk Chocolate Hazelnut,G,false,1362,https://ecom-su-static-prod.wtrecom.com/images/products/3/LN_028934_BP_3.jpg,https://www.waitrose.com/ecom/products/lindt-milk-chocolate-hazelnut/028934-14101-14102,Lindt Milk Chocolate Hazelnut,150g,£3.75,£2.50/100g,,Food Cupboard
635165,Nature Valley Crunchy Oats & Dark Chocolate Cereal Bars,G,false,1363,https://ecom-su-static-prod.wtrecom.com/images/products/3/LN_635165_BP_3.jpg,https://www.waitrose.com/ecom/products/nature-valley-crunchy-oats-dark-chocolate-cereal-bars/635165-146650-146651,Nature Valley Crunchy Oats & Dark Chocolate Cereal Bars,5x42g,£2.65,£1.27/100g,,Food Cupboard
526865,Rowse Runny Honey,G,false,1364,https://ecom-su-static-prod.wtrecom.com/images/products/3/LN_526865_BP_3.jpg,https://www.waitrose.com/ecom/products/rowse-runny-honey/526865-716217-716218,Rowse Runny Honey,250g,£2.40,96p/100g,,Food Cupboard
603213,Bear Yo Yos Mango,G,true,1365,https://ecom-su-static-prod.wtrecom.com/images/products/3/LN_603213_BP_3.jpg,https://www.waitrose.com/ecom/products/bear-yo-yos-mango/603213-85573-85574,Bear Yo Yos Mango,5s,£2.00,40p each,save 85p. Was £2.85,Food Cupboard
670096,Cornish Sea Salt Co. Sea Salt Flakes,G,false,1366,https://ecom-su-static-prod.wtrecom.com/images/products/3/LN_670096_BP_3.jpg,https://www.waitrose.com/ecom/products/cornish-sea-salt-co-sea-salt-flakes/670096-336216-336217,Cornish Sea Salt Co. Sea Salt Flakes,150g,£1.95,£13/kg,,Food Cupboard
029120,Heinz Cream of Tomato Soup,G,true,1367,https://ecom-su-static-prod.wtrecom.com/images/products/3/LN_029120_BP_3.jpg,https://www.waitrose.com/ecom/products/heinz-cream-of-tomato-soup/029120-14185-14186,Heinz Cream of Tomato Soup,300g,£1.40,46.7p/100g,Add 2 for £2.50,Food Cupboard
626811,Aspall Raw Organic Apple Cyder Vinegar,G,false,1368,https://ecom-su-static-prod.wtrecom.com/images/products/3/LN_626811_BP_3.jpg,https://www.waitrose.com/ecom/products/aspall-raw-organic-apple-cyder-vinegar/626811-535366-535367,Aspall Raw Organic Apple Cyder Vinegar,500ml,£3.70,74p/100ml,,Food Cupboard
048709,Waitrose Sweet & Refreshing Pea Mint Cup Soup,G,false,1369,https://ecom-su-static-prod.wtrecom.com/images/products/3/LN_048709_BP_3.jpg,https://www.waitrose.com/ecom/products/waitrose-sweet-refreshing-pea-mint-cup-soup/048709-24207-24208,Waitrose Sweet & Refreshing Pea Mint Cup Soup,4x27g,£1.10,£1.02/100g,,Food Cupboard
829531,Walker's Shortbread Highlanders,G,false,1370,https://ecom-su-static-prod.wtrecom.com/images/products/3/LN_829531_BP_3.jpg,https://www.waitrose.com/ecom/products/walkers-shortbread-highlanders/829531-274967-274968,Walker's Shortbread Highlanders,160g,£2.30,£1.44/100g,,Food Cupboard
020929,Essential Summer Fruits in Syrup,G,false,1371,https://ecom-su-static-prod.wtrecom.com/images/products/3/LN_020929_BP_3.jpg,https://www.waitrose.com/ecom/products/essential-summer-fruits-in-syrup/020929-10183-10184,Essential Summer Fruits in Syrup,290g,£1.40,£4.83/kg,,Food Cupboard
015555,Kellogg's Crunchy Nut Honey & Nut Clusters Breakfast Cereal,G,false,1372,https://ecom-su-static-prod.wtrecom.com/images/products/3/LN_015555_BP_3.jpg,https://www.waitrose.com/ecom/products/kelloggs-crunchy-nut-honey-nut-clusters-breakfast-cereal/015555-7475-7476,Kellogg's Crunchy Nut Honey & Nut Clusters Breakfast Cereal,400g,£3.75,93.8p/100g,,Food Cupboard
480765,Encona Thai Sweet Chilli Sauce,G,false,1373,https://ecom-su-static-prod.wtrecom.com/images/products/3/LN_480765_BP_3.jpg,https://www.waitrose.com/ecom/products/encona-thai-sweet-chilli-sauce/480765-506162-506163,Encona Thai Sweet Chilli Sauce,142ml,£1.65,£1.17/100ml,,Food Cupboard
020818,Essential Black Cherries in Light Syrup,G,false,1374,https://ecom-su-static-prod.wtrecom.com/images/products/3/LN_020818_BP_3.jpg,https://www.waitrose.com/ecom/products/essential-black-cherries-in-light-syrup/020818-10131-10132,Essential Black Cherries in Light Syrup,drained 213g,£1.45,£6.81/kg,,Food Cupboard
063771,Colman's White Sauce Mix,G,true,1375,https://ecom-su-static-prod.wtrecom.com/images/products/3/LN_063771_BP_3.jpg,https://www.waitrose.com/ecom/products/colmans-white-sauce-mix/063771-32365-32366,Colman's White Sauce Mix,25g,£1.00,£4/100g,Add 2 for £1.50,Food Cupboard
087038,Ben's Original Boil-In-Bag Long Grain Rice,G,true,1376,https://ecom-su-static-prod.wtrecom.com/images/products/3/LN_087038_BP_3.jpg,https://www.waitrose.com/ecom/products/bens-original-boil-in-bag-long-grain-rice/087038-44472-44473,Ben's Original Boil-In-Bag Long Grain Rice,500g,£2.50,£5/kg,save 80p. Was £3.30,Food Cupboard
015198,Flahavan's Irish Quick Oats Original,G,false,1377,https://ecom-su-static-prod.wtrecom.com/images/products/3/LN_015198_BP_3.jpg,https://www.waitrose.com/ecom/products/flahavans-irish-quick-oats-original/015198-7291-7292,Flahavan's Irish Quick Oats Original,500g,£1.90,38p/100g,,Food Cupboard
019849,Waitrose Greek Kalamata Olives,G,false,1378,https://ecom-su-static-prod.wtrecom.com/images/products/3/LN_019849_BP_3.jpg,https://www.waitrose.com/ecom/products/waitrose-greek-kalamata-olives/019849-9670-9671,Waitrose Greek Kalamata Olives,300g,£3.00,£1.58/100g,,Food Cupboard
461853,Ainsley Harriott Spice Sensation Couscous,G,false,1379,https://ecom-su-static-prod.wtrecom.com/images/products/3/LN_461853_BP_3.jpg,https://www.waitrose.com/ecom/products/ainsley-harriott-spice-sensation-couscous/461853-535166-535167,Ainsley Harriott Spice Sensation Couscous,100g,95p,95p/100g,,Food Cupboard
093173,Nature's Path Gluten Free Mesa Sunrise Cereal Flakes,G,false,1380,https://ecom-su-static-prod.wtrecom.com/images/products/3/LN_093173_BP_3.jpg,https://www.waitrose.com/ecom/products/natures-path-gluten-free-mesa-sunrise-cereal-flakes/093173-47871-47872,Nature's Path Gluten Free Mesa Sunrise Cereal Flakes,355g,£3.65,£1.03/100g,,Food Cupboard
400560,Bold Bean Co Queen Black Beans,G,true,1381,https://ecom-su-static-prod.wtrecom.com/images/products/3/LN_400560_BP_3.jpg,https://www.waitrose.com/ecom/products/bold-bean-co-queen-black-beans/400560-806790-806791,Bold Bean Co Queen Black Beans,700g,£4.00,£8/kg,Add 2 for £6,Food Cupboard
007124,Mars Fun Size Family Favourites,G,false,1382,https://ecom-su-static-prod.wtrecom.com/images/products/3/LN_007124_BP_3.jpg,https://www.waitrose.com/ecom/products/mars-fun-size-family-favourites/007124-3249-3249,Mars Fun Size Family Favourites,358g,£5.45,£1.53/100g,,Food Cupboard
043510,Cooks' Ingredients Cinnamon Sticks,G,false,1383,https://ecom-su-static-prod.wtrecom.com/images/products/3/LN_043510_BP_3.jpg,https://www.waitrose.com/ecom/products/cooks-ingredients-cinnamon-sticks/043510-21454-21455,Cooks' Ingredients Cinnamon Sticks,18g,£1.50,83.3p/10g,,Food Cupboard
029492,Baxters Luxury Lobster Bisque,G,false,1384,https://ecom-su-static-prod.wtrecom.com/images/products/3/LN_029492_BP_3.jpg,https://www.waitrose.com/ecom/products/baxters-luxury-lobster-bisque/029492-14429-14430,Baxters Luxury Lobster Bisque,400g,£2.65,66.3p/100g,,Food Cupboard
850638,Naturya Organic Chia Seeds,G,true,1385,https://ecom-su-static-prod.wtrecom.com/images/products/3/LN_850638_BP_3.jpg,https://www.waitrose.com/ecom/products/naturya-organic-chia-seeds/850638-492218-492219,Naturya Organic Chia Seeds,175g,£3.15,£1.80/100g,25% Off. Was £4.20,Food Cupboard
839826,Waitrose Free From Gluten Stem Ginger Cookies,G,false,1386,https://ecom-su-static-prod.wtrecom.com/images/products/3/LN_839826_BP_3.jpg,https://www.waitrose.com/ecom/products/waitrose-free-from-gluten-stem-ginger-cookies/839826-745545-745546,Waitrose Free From Gluten Stem Ginger Cookies,150g,£2.40,£1.60/100g,,Food Cupboard
796463,Quaker Oat So Simple Apple & Blueberry Porridge Sachets,G,true,1387,https://ecom-su-static-prod.wtrecom.com/images/products/3/LN_796463_BP_3.jpg,https://www.waitrose.com/ecom/products/quaker-oat-so-simple-apple-blueberry-porridge-sachets/796463-113326-113327,Quaker Oat So Simple Apple & Blueberry Porridge Sachets,360g,£3.50,97.2p/100g,Add 2 for £4.50,Food Cupboard
559479,Cooks' Ingredients Onion Granules,G,false,1388,https://ecom-su-static-prod.wtrecom.com/images/products/3/LN_559479_BP_3.jpg,https://www.waitrose.com/ecom/products/cooks-ingredients-onion-granules/559479-784922-784923,Cooks' Ingredients Onion Granules,45g,£1.60,35.6p/10g,,Food Cupboard
885726,Old El Paso Super Soft Large Flour Tortillas,G,false,1389,https://ecom-su-static-prod.wtrecom.com/images/products/3/LN_885726_BP_3.jpg,https://www.waitrose.com/ecom/products/old-el-paso-super-soft-large-flour-tortillas/885726-727925-727926,Old El Paso Super Soft Large Flour Tortillas,350g,£2.25,64.3p/100g,,Food Cupboard
389780,Amoy Straight To Wok Udon Thick Noodles,G,false,1390,https://ecom-su-static-prod.wtrecom.com/images/products/3/LN_389780_BP_3.jpg,https://www.waitrose.com/ecom/products/amoy-straight-to-wok-udon-thick-noodles/389780-174930-174931,Amoy Straight To Wok Udon Thick Noodles,2x150g,£2.25,£7.50/kg,,Food Cupboard
649227,Heinz Seriously Good Mayonnaise,G,true,1391,https://ecom-su-static-prod.wtrecom.com/images/products/3/LN_649227_BP_3.jpg,https://www.waitrose.com/ecom/products/heinz-seriously-good-mayonnaise/649227-826754-826755,Heinz Seriously Good Mayonnaise,540g,£2.50,46.3p/100g,save 50p. Was £3.00,Food Cupboard
589437,Essential Glacé Cherries,G,false,1392,https://ecom-su-static-prod.wtrecom.com/images/products/3/LN_589437_BP_3.jpg,https://www.waitrose.com/ecom/products/essential-glace-cherries/589437-260798-260799,Essential Glacé Cherries,200g,£1.75,£8.75/kg,,Food Cupboard
007602,Essential Malt Vinegar,G,false,1393,https://ecom-su-static-prod.wtrecom.com/images/products/3/LN_007602_BP_3.jpg,https://www.waitrose.com/ecom/products/essential-malt-vinegar/007602-3554-3555,Essential Malt Vinegar,568ml,80p,14.1p/100ml,,Food Cupboard
567934,Ryvita Thins Three Cheese Flatbread Crackers,G,true,1394,https://ecom-su-static-prod.wtrecom.com/images/products/3/LN_567934_BP_3.jpg,https://www.waitrose.com/ecom/products/ryvita-thins-three-cheese-flatbread-crackers/567934-668929-668930,Ryvita Thins Three Cheese Flatbread Crackers,125g,£1.25,£1/100g,save 95p. Was £2.20,Food Cupboard
689626,Pringles Paprika Sharing Crisps,G,true,1395,https://ecom-su-static-prod.wtrecom.com/images/products/3/LN_689626_BP_3.jpg,https://www.waitrose.com/ecom/products/pringles-paprika-sharing-crisps/689626-780259-780260,Pringles Paprika Sharing Crisps,185g,£1.85,£1/100g,save 40p. Was £2.25,Food Cupboard
437479,Epicure Sun-Dried Tomato Purée,G,true,1396,https://ecom-su-static-prod.wtrecom.com/images/products/3/LN_437479_BP_3.jpg,https://www.waitrose.com/ecom/products/epicure-sun-dried-tomato-puree/437479-715048-715049,Epicure Sun-Dried Tomato Purée,90g,£1.20,£13.34/kg,20% Off. Was £1.50,Food Cupboard
028141,Trebor Softmints Peppermint Mints Roll,G,false,1397,https://ecom-su-static-prod.wtrecom.com/images/products/3/LN_028141_BP_3.jpg,https://www.waitrose.com/ecom/products/trebor-softmints-peppermint-mints-roll/028141-13688-13689,Trebor Softmints Peppermint Mints Roll,44.9g,80p,£1.79/100g,,Food Cupboard
029468,Baxters Vegetarian Soup Country Garden,G,false,1398,https://ecom-su-static-prod.wtrecom.com/images/products/3/LN_029468_BP_3.jpg,https://www.waitrose.com/ecom/products/baxters-vegetarian-soup-country-garden/029468-14421-14422,Baxters Vegetarian Soup Country Garden,400g,£2.10,52.5p/100g,,Food Cupboard
091297,Hartley's 10 Cal Jelly Mango & Passionfruit,G,true,1399,https://ecom-su-static-prod.wtrecom.com/images/products/3/LN_091297_BP_3.jpg,https://www.waitrose.com/ecom/products/hartleys-10-cal-jelly-mango-passionfruit/091297-47017-47018,Hartley's 10 Cal Jelly Mango & Passionfruit,175g,60p,34.3p/100g,save 25p. Was 85p,Food Cupboard
406917,Waitrose Cashew Nuts,G,false,1400,https://ecom-su-static-prod.wtrecom.com/images/products/3/LN_406917_BP_3.jpg,https://www.waitrose.com/ecom/products/waitrose-cashew-nuts/406917-491895-491896,Waitrose Cashew Nuts,750g,£10.00,£1.34/100g,,Food Cupboard
066845,Tidman's Natural Rock Salt,G,false,1401,https://ecom-su-static-prod.wtrecom.com/images/products/3/LN_066845_BP_3.jpg,https://www.waitrose.com/ecom/products/tidmans-natural-rock-salt/066845-33854-33855,Tidman's Natural Rock Salt,500g,£1.80,£3.60/kg,,Food Cupboard
627924,"Kit Kat 2 Finger Orange Chocolate Biscuit Bars Multipack, 9 Pack",G,true,1402,https://ecom-su-static-prod.wtrecom.com/images/products/3/LN_627924_BP_3.jpg,https://www.waitrose.com/ecom/products/kit-kat-2-finger-orange-chocolate-biscuit-bars-multipack-9-pack/627924-749957-749958,"Kit Kat 2 Finger Orange Chocolate Biscuit Bars Multipack, 9 Pack",9x20.7g,£1.60,85.9p/100g,20% Off. Was £2.00,Food Cupboard
406207,KP Unsalted Roasted Peanuts,G,true,1403,https://ecom-su-static-prod.wtrecom.com/images/products/3/LN_406207_BP_3.jpg,https://www.waitrose.com/ecom/products/kp-unsalted-roasted-peanuts/406207-579748-579749,KP Unsalted Roasted Peanuts,250g,£3.25,£1.30/100g,Add 2 for £5.50,Food Cupboard
778119,Waitrose CI Garlic Paste,G,false,1404,https://ecom-su-static-prod.wtrecom.com/images/products/3/LN_778119_BP_3.jpg,https://www.waitrose.com/ecom/products/waitrose-ci-garlic-paste/778119-807627-807628,Waitrose CI Garlic Paste,95g,£1.60,£1.69/100g,,Food Cupboard
034605,Heinz Tomato Ketchup,G,false,1405,https://ecom-su-static-prod.wtrecom.com/images/products/3/LN_034605_BP_3.jpg,https://www.waitrose.com/ecom/products/heinz-tomato-ketchup/034605-17397-17398,Heinz Tomato Ketchup,342g,£2.50,73.1p/100g,,Food Cupboard
005102,Dole Fruit in Jelly Peaches in Strawb Jelly,G,false,1406,https://ecom-su-static-prod.wtrecom.com/images/products/3/LN_005102_BP_3.jpg,https://www.waitrose.com/ecom/products/dole-fruit-in-jelly-peaches-in-strawb-jelly/005102-2193-2194,Dole Fruit in Jelly Peaches in Strawb Jelly,4x123g,£2.40,48.8p/100g,,Food Cupboard
708229,Belazu Traditional Genovese Pesto,G,false,1407,https://ecom-su-static-prod.wtrecom.com/images/products/3/LN_708229_BP_3.jpg,https://www.waitrose.com/ecom/products/belazu-traditional-genovese-pesto/708229-704257-704258,Belazu Traditional Genovese Pesto,165g,£3.35,£2.04/100g,,Food Cupboard
548080,Island Bakery Chocolate Gingers,G,false,1408,https://ecom-su-static-prod.wtrecom.com/images/products/3/LN_548080_BP_3.jpg,https://www.waitrose.com/ecom/products/island-bakery-chocolate-gingers/548080-579906-579907,Island Bakery Chocolate Gingers,133g,£3.85,£2.90/100g,,Food Cupboard
782923,Proper Chips Sea Salt Lentil Chips,G,true,1409,https://ecom-su-static-prod.wtrecom.com/images/products/3/LN_782923_BP_3.jpg,https://www.waitrose.com/ecom/products/proper-chips-sea-salt-lentil-chips/782923-804180-804181,Proper Chips Sea Salt Lentil Chips,5x14g,£1.50,£2.15/100g,save 50p. Was £2.00,Food Cupboard
809196,Kettle Sriracha Mayo Potato Chips,G,true,1410,https://ecom-su-static-prod.wtrecom.com/images/products/3/LN_809196_BP_3.jpg,https://www.waitrose.com/ecom/products/kettle-sriracha-mayo-potato-chips/809196-804190-804191,Kettle Sriracha Mayo Potato Chips,125g,£1.50,£1.20/100g,save 90p. Was £2.40,Food Cupboard
584054,Kettle Chips Sea Salt with Crushed Black Peppercorns,G,true,1411,https://ecom-su-static-prod.wtrecom.com/images/products/3/LN_584054_BP_3.jpg,https://www.waitrose.com/ecom/products/kettle-chips-sea-salt-with-crushed-black-peppercorns/584054-810064-810065,Kettle Chips Sea Salt with Crushed Black Peppercorns,130g,£1.50,£1.16/100g,save 90p. Was £2.40,Food Cupboard
879407,Milkybar White Chocolate Giant Buttons Sharing Bag,G,false,1412,https://ecom-su-static-prod.wtrecom.com/images/products/3/LN_879407_BP_3.jpg,https://www.waitrose.com/ecom/products/milkybar-white-chocolate-giant-buttons-sharing-bag/879407-166855-166856,Milkybar White Chocolate Giant Buttons Sharing Bag,94g,£1.85,£1.97/100g,,Food Cupboard
697190,Tilda Wholegrain Basmati Pilau Rice,G,false,1413,https://ecom-su-static-prod.wtrecom.com/images/products/3/LN_697190_BP_3.jpg,https://www.waitrose.com/ecom/products/tilda-wholegrain-basmati-pilau-rice/697190-157109-157110,Tilda Wholegrain Basmati Pilau Rice,250g,£1.65,£6.60/kg,,Food Cupboard
789407,Cooks' Ingredients Garlic Purée,G,false,1414,https://ecom-su-static-prod.wtrecom.com/images/products/3/LN_789407_BP_3.jpg,https://www.waitrose.com/ecom/products/cooks-ingredients-garlic-puree/789407-672935-672936,Cooks' Ingredients Garlic Purée,100g,£2.10,£2.10/100g,,Food Cupboard
532723,Duchy Organic Highland All Butter Shortbread,G,false,1415,https://ecom-su-static-prod.wtrecom.com/images/products/3/LN_532723_BP_3.jpg,https://www.waitrose.com/ecom/products/duchy-organic-highland-all-butter-shortbread/532723-75326-75327,Duchy Organic Highland All Butter Shortbread,160g,£2.25,£1.41/100g,,Food Cupboard
007743,Bisto Gravy Granules,G,false,1416,https://ecom-su-static-prod.wtrecom.com/images/products/3/LN_007743_BP_3.jpg,https://www.waitrose.com/ecom/products/bisto-gravy-granules/007743-3632-3633,Bisto Gravy Granules,190g,£3.00,£1.58/100g,,Food Cupboard
751807,Graze Marmite Crunch,G,false,1417,https://ecom-su-static-prod.wtrecom.com/images/products/3/LN_751807_BP_3.jpg,https://www.waitrose.com/ecom/products/graze-marmite-crunch/751807-758157-758158,Graze Marmite Crunch,100g,£2.65,£2.65/100g,,Food Cupboard
085251,Flahavan's Irish Porridge Oats Original,G,false,1418,https://ecom-su-static-prod.wtrecom.com/images/products/3/LN_085251_BP_3.jpg,https://www.waitrose.com/ecom/products/flahavans-irish-porridge-oats-original/085251-43335-43336,Flahavan's Irish Porridge Oats Original,500g,£1.40,28p/100g,,Food Cupboard
030590,Kellogg's Just Right Breakfast Cereal,G,false,1419,https://ecom-su-static-prod.wtrecom.com/images/products/3/LN_030590_BP_3.jpg,https://www.waitrose.com/ecom/products/kelloggs-just-right-breakfast-cereal/030590-14945-14946,Kellogg's Just Right Breakfast Cereal,500g,£3.70,74p/100g,,Food Cupboard
730342,Knorr Gluten Free Vegetable Stock Pot,G,false,1420,https://ecom-su-static-prod.wtrecom.com/images/products/3/LN_730342_BP_3.jpg,https://www.waitrose.com/ecom/products/knorr-gluten-free-vegetable-stock-pot/730342-103749-103750,Knorr Gluten Free Vegetable Stock Pot,8x28g,£3.20,£1.43/100g,,Food Cupboard
015622,Bahlsen Choco Leibniz Orange Chocolate,G,true,1421,https://ecom-su-static-prod.wtrecom.com/images/products/3/LN_015622_BP_3.jpg,https://www.waitrose.com/ecom/products/bahlsen-choco-leibniz-orange-chocolate/015622-7515-7516,Bahlsen Choco Leibniz Orange Chocolate,111g,£1.25,£1.13/100g,save 75p. Was £2.00,Food Cupboard
372301,Cadbury Twirl Bites Chocolate Bag,G,false,1422,https://ecom-su-static-prod.wtrecom.com/images/products/3/LN_372301_BP_3.jpg,https://www.waitrose.com/ecom/products/cadbury-twirl-bites-chocolate-bag/372301-141462-141463,Cadbury Twirl Bites Chocolate Bag,109g,£1.90,£1.75/100g,,Food Cupboard
633714,Hellmann's Squeezy Light Mayonnaise,G,false,1423,https://ecom-su-static-prod.wtrecom.com/images/products/3/LN_633714_BP_3.jpg,https://www.waitrose.com/ecom/products/hellmanns-squeezy-light-mayonnaise/633714-90001-90002,Hellmann's Squeezy Light Mayonnaise,750ml,£4.25,56.7p/100ml,,Food Cupboard
575462,"Ottolenghi Pomegranate, Rose and Lemon Harissa Paste",G,false,1424,https://ecom-su-static-prod.wtrecom.com/images/products/3/LN_575462_BP_3.jpg,https://www.waitrose.com/ecom/products/ottolenghi-pomegranate-rose-and-lemon-harissa-paste/575462-824802-824803,"Ottolenghi Pomegranate, Rose and Lemon Harissa Paste",170g,£5.00,£2.95/100g,,Food Cupboard
761159,Waitrose Duchy Wholewheat Penne Pasta,G,false,1425,https://ecom-su-static-prod.wtrecom.com/images/products/3/LN_761159_BP_3.jpg,https://www.waitrose.com/ecom/products/waitrose-duchy-wholewheat-penne-pasta/761159-747548-747549,Waitrose Duchy Wholewheat Penne Pasta,500g,£1.90,£3.80/kg,,Food Cupboard
896594,Tiptree 'Tawny' Orange Marmalade,G,false,1426,https://ecom-su-static-prod.wtrecom.com/images/products/3/LN_896594_BP_3.jpg,https://www.waitrose.com/ecom/products/tiptree-tawny-orange-marmalade/896594-801286-801287,Tiptree 'Tawny' Orange Marmalade,340g,£2.80,82.4p/100g,,Food Cupboard
550105,Chloe's Wafer Rolls Hazelnut & Cocoa,G,false,1427,https://ecom-su-static-prod.wtrecom.com/images/products/3/LN_550105_BP_3.jpg,https://www.waitrose.com/ecom/products/chloes-wafer-rolls-hazelnut-cocoa/550105-491989-491990,Chloe's Wafer Rolls Hazelnut & Cocoa,400g,£3.00,75p/100g,,Food Cupboard
744951,nakd. Cocoa Delight Fruit & Nut Bars Multipack,G,false,1428,https://ecom-su-static-prod.wtrecom.com/images/products/3/LN_744951_BP_3.jpg,https://www.waitrose.com/ecom/products/nakd-cocoa-delight-fruit-nut-bars-multipack/744951-134991-134992,nakd. Cocoa Delight Fruit & Nut Bars Multipack,4x35g,£3.15,£2.25/100g,,Food Cupboard
552317,Rowse Dark & Rich Honey,G,true,1429,https://ecom-su-static-prod.wtrecom.com/images/products/3/LN_552317_BP_3.jpg,https://www.waitrose.com/ecom/products/rowse-dark-rich-honey/552317-696859-696860,Rowse Dark & Rich Honey,340g,£2.00,58.8p/100g,save £1.15. Was £3.15,Food Cupboard
065794,Green & Black's Organic Fairtrade Cocoa,G,false,1430,https://ecom-su-static-prod.wtrecom.com/images/products/3/LN_065794_BP_3.jpg,https://www.waitrose.com/ecom/products/green-blacks-organic-fairtrade-cocoa/065794-33340-33341,Green & Black's Organic Fairtrade Cocoa,125g,£3.25,£2.60/100g,,Food Cupboard
066500,Sacla' Italia Sun-Dried Tomato Cook's Paste,G,true,1431,https://ecom-su-static-prod.wtrecom.com/images/products/3/LN_066500_BP_3.jpg,https://www.waitrose.com/ecom/products/sacla-italia-sun-dried-tomato-cooks-paste/066500-33667-33668,Sacla' Italia Sun-Dried Tomato Cook's Paste,190g,£2.50,£1.32/100g,save £1.00. Was £3.50,Food Cupboard
761206,Deliciously Ella Gluten Free & Vegan Cacao Orange Oat Bars,G,false,1432,https://ecom-su-static-prod.wtrecom.com/images/products/3/LN_761206_BP_3.jpg,https://www.waitrose.com/ecom/products/deliciously-ella-gluten-free-vegan-cacao-orange-oat-bars/761206-812525-812526,Deliciously Ella Gluten Free & Vegan Cacao Orange Oat Bars,3x50g,£2.80,£1.87/100g,,Food Cupboard
731177,No.1 Orecchiette,G,false,1433,https://ecom-su-static-prod.wtrecom.com/images/products/3/LN_731177_BP_3.jpg,https://www.waitrose.com/ecom/products/no1-orecchiette/731177-728050-728051,No.1 Orecchiette,500g,£2.75,£5.50/kg,,Food Cupboard
895590,Cooks' Ingredients Thai Green Paste,G,false,1434,https://ecom-su-static-prod.wtrecom.com/images/products/3/LN_895590_BP_3.jpg,https://www.waitrose.com/ecom/products/cooks-ingredients-thai-green-paste/895590-767333-767334,Cooks' Ingredients Thai Green Paste,190g,£2.50,£1.32/100g,,Food Cupboard
602922,Waitrose 8 Dark Chocolate Ginger Biscuits,G,false,1435,https://ecom-su-static-prod.wtrecom.com/images/products/3/LN_602922_BP_3.jpg,https://www.waitrose.com/ecom/products/waitrose-8-dark-chocolate-ginger-biscuits/602922-229151-229152,Waitrose 8 Dark Chocolate Ginger Biscuits,180g,£2.55,£1.42/100g,,Food Cupboard
034654,Essential Seafood Sauce,G,false,1436,https://ecom-su-static-prod.wtrecom.com/images/products/3/LN_034654_BP_3.jpg,https://www.waitrose.com/ecom/products/essential-seafood-sauce/034654-17449-17450,Essential Seafood Sauce,285g,£1.15,40.4p/100g,,Food Cupboard
598034,Ready Brek Original Smooth Porridge Oats,G,false,1437,https://ecom-su-static-prod.wtrecom.com/images/products/3/LN_598034_BP_3.jpg,https://www.waitrose.com/ecom/products/ready-brek-original-smooth-porridge-oats/598034-181463-181464,Ready Brek Original Smooth Porridge Oats,450g,£2.30,51.1p/100g,,Food Cupboard
421675,Kingfisher Bamboo Shoots in Water,G,false,1438,https://ecom-su-static-prod.wtrecom.com/images/products/3/LN_421675_BP_3.jpg,https://www.waitrose.com/ecom/products/kingfisher-bamboo-shoots-in-water/421675-59324-59325,Kingfisher Bamboo Shoots in Water,drained 120g,£1.10,£9.17/kg,,Food Cupboard
007622,Grey Poupon Wholegrain Mustard,G,true,1439,https://ecom-su-static-prod.wtrecom.com/images/products/3/LN_007622_BP_3.jpg,https://www.waitrose.com/ecom/products/grey-poupon-wholegrain-mustard/007622-3568-3569,Grey Poupon Wholegrain Mustard,210g,£1.95,92.9p/100g,25% Off. Was £2.65,Food Cupboard
019855,Essential Chopped Mushrooms in Water,G,false,1440,https://ecom-su-static-prod.wtrecom.com/images/products/3/LN_019855_BP_3.jpg,https://www.waitrose.com/ecom/products/essential-chopped-mushrooms-in-water/019855-427086-9677,Essential Chopped Mushrooms in Water,drained 156g,£1.10,£7.06/kg,,Food Cupboard
805082,Bonne Maman Apricot Intense Jam,G,true,1441,https://ecom-su-static-prod.wtrecom.com/images/products/3/LN_805082_BP_3.jpg,https://www.waitrose.com/ecom/products/bonne-maman-apricot-intense-jam/805082-691232-691233,Bonne Maman Apricot Intense Jam,335g,£3.00,89.6p/100g,save 80p. Was £3.80,Food Cupboard
095202,Dolmio Lasagne Original Tomato Sauce,G,true,1442,https://ecom-su-static-prod.wtrecom.com/images/products/3/LN_095202_BP_3.jpg,https://www.waitrose.com/ecom/products/dolmio-lasagne-original-tomato-sauce/095202-48797-48798,Dolmio Lasagne Original Tomato Sauce,450g,£2.65,58.9p/100g,Add 2 for £3.50,Food Cupboard
011075,Jacob's Twiglets,G,true,1443,https://ecom-su-static-prod.wtrecom.com/images/products/3/LN_011075_BP_3.jpg,https://www.waitrose.com/ecom/products/jacobs-twiglets/011075-5490-5491,Jacob's Twiglets,150g,£2.00,£1.34/100g,save 85p. Was £2.85,Food Cupboard
099352,Pizza Express House Light Dressing,G,false,1444,https://ecom-su-static-prod.wtrecom.com/images/products/3/LN_099352_BP_3.jpg,https://www.waitrose.com/ecom/products/pizza-express-house-light-dressing/099352-50682-50683,Pizza Express House Light Dressing,235ml,£2.65,£1.13/100ml,,Food Cupboard
094628,Gaea Kalamata Extra Virgin Olive Oil,G,true,1445,https://ecom-su-static-prod.wtrecom.com/images/products/3/LN_094628_BP_3.jpg,https://www.waitrose.com/ecom/products/gaea-kalamata-extra-virgin-olive-oil/094628-48522-48523,Gaea Kalamata Extra Virgin Olive Oil,500ml,£9.60,£1.92/100ml,20% Off. Was £12.00,Food Cupboard
822881,Eat Natural Gluten Free Maple Syrup Pecans Peanuts Bars,G,true,1446,https://ecom-su-static-prod.wtrecom.com/images/products/3/LN_822881_BP_3.jpg,https://www.waitrose.com/ecom/products/eat-natural-gluten-free-maple-syrup-pecans-peanuts-bars/822881-580254-580255,Eat Natural Gluten Free Maple Syrup Pecans Peanuts Bars,3x40g,£2.00,£1.67/100g,save 50p. Was £2.50,Food Cupboard
070117,Walker's Classic Shortbread Collection,G,false,1447,https://ecom-su-static-prod.wtrecom.com/images/products/3/LN_070117_BP_3.jpg,https://www.waitrose.com/ecom/products/walkers-classic-shortbread-collection/070117-35518-35519,Walker's Classic Shortbread Collection,250g,£3.50,£1.40/100g,,Food Cupboard
720873,Waitrose Cherry Tomato & Basil Pasta Sauce,G,false,1448,https://ecom-su-static-prod.wtrecom.com/images/products/3/LN_720873_BP_3.jpg,https://www.waitrose.com/ecom/products/waitrose-cherry-tomato-basil-pasta-sauce/720873-704269-704270,Waitrose Cherry Tomato & Basil Pasta Sauce,350g,£2.15,61.4p/100g,,Food Cupboard
515749,Cooks' Ingredients Ground Black Pepper,G,false,1449,https://ecom-su-static-prod.wtrecom.com/images/products/3/LN_515749_BP_3.jpg,https://www.waitrose.com/ecom/products/cooks-ingredients-ground-black-pepper/515749-784880-784881,Cooks' Ingredients Ground Black Pepper,44g,£1.60,36.4p/10g,,Food Cupboard
415374,Essential BBQ Sauce,G,false,1450,https://ecom-su-static-prod.wtrecom.com/images/products/3/LN_415374_BP_3.jpg,https://www.waitrose.com/ecom/products/essential-bbq-sauce/415374-804404-804405,Essential BBQ Sauce,470g,£1.30,27.7p/100g,,Food Cupboard
775733,Taylor & Colledge Vanilla Bean Paste,G,false,1451,https://ecom-su-static-prod.wtrecom.com/images/products/3/LN_775733_BP_3.jpg,https://www.waitrose.com/ecom/products/taylor-colledge-vanilla-bean-paste/775733-110331-110332,Taylor & Colledge Vanilla Bean Paste,65g,£4.95,£7.62/100g,,Food Cupboard
017535,De Cecco Gnocchi di Patate,G,false,1452,https://ecom-su-static-prod.wtrecom.com/images/products/3/LN_017535_BP_3.jpg,https://www.waitrose.com/ecom/products/de-cecco-gnocchi-di-patate/017535-8522-8523,De Cecco Gnocchi di Patate,500g,£2.65,£5.30/kg,,Food Cupboard
760587,Duchy Organic Cocoa Powder,G,false,1453,https://ecom-su-static-prod.wtrecom.com/images/products/3/LN_760587_BP_3.jpg,https://www.waitrose.com/ecom/products/duchy-organic-cocoa-powder/760587-757749-757750,Duchy Organic Cocoa Powder,180g,£3.50,£1.95/100g,,Food Cupboard
530203,Wonderful Natural Almonds,G,true,1454,https://ecom-su-static-prod.wtrecom.com/images/products/3/LN_530203_BP_3.jpg,https://www.waitrose.com/ecom/products/wonderful-natural-almonds/530203-491973-491974,Wonderful Natural Almonds,140g,£2.50,£1.79/100g,save 80p. Was £3.30,Food Cupboard
846092,Waitrose Stem Ginger Preserve,G,false,1455,https://ecom-su-static-prod.wtrecom.com/images/products/3/LN_846092_BP_3.jpg,https://www.waitrose.com/ecom/products/waitrose-stem-ginger-preserve/846092-168788-168789,Waitrose Stem Ginger Preserve,340g,£2.40,70.6p/100g,,Food Cupboard
505005,BelVita Breakfast Biscuits Milk & Cereals 5 Pack,G,false,1456,https://ecom-su-static-prod.wtrecom.com/images/products/3/LN_505005_BP_3.jpg,https://www.waitrose.com/ecom/products/belvita-breakfast-biscuits-milk-cereals-5-pack/505005-71316-71317,BelVita Breakfast Biscuits Milk & Cereals 5 Pack,5x45g,£1.25,55.6p/100g,,Food Cupboard
034182,Filippo Berio Extra Virgin Olive Oil,G,false,1457,https://ecom-su-static-prod.wtrecom.com/images/products/3/LN_034182_BP_3.jpg,https://www.waitrose.com/ecom/products/filippo-berio-extra-virgin-olive-oil/034182-17121-17122,Filippo Berio Extra Virgin Olive Oil,500ml,£10.15,£2.03/100ml,,Food Cupboard
051800,Essential Spaghetti Rings,G,false,1458,https://ecom-su-static-prod.wtrecom.com/images/products/3/LN_051800_BP_3.jpg,https://www.waitrose.com/ecom/products/essential-spaghetti-rings/051800-25782-25783,Essential Spaghetti Rings,410g,50p,£1.22/kg,,Food Cupboard
848418,Pip & Nut Crunchy Peanut Butter,G,true,1459,https://ecom-su-static-prod.wtrecom.com/images/products/3/LN_848418_BP_3.jpg,https://www.waitrose.com/ecom/products/pip-nut-crunchy-peanut-butter/848418-785996-785997,Pip & Nut Crunchy Peanut Butter,1kg,£6.00,£6/kg,save £1.10. Was £7.10,Food Cupboard
577605,Waitrose Hoisin Sauce,G,false,1460,https://ecom-su-static-prod.wtrecom.com/images/products/3/LN_577605_BP_3.jpg,https://www.waitrose.com/ecom/products/waitrose-hoisin-sauce/577605-784732-784733,Waitrose Hoisin Sauce,240g,£2.50,£1.05/100g,,Food Cupboard
458221,Waitrose Tikka Masala Paste,G,false,1461,https://ecom-su-static-prod.wtrecom.com/images/products/3/LN_458221_BP_3.jpg,https://www.waitrose.com/ecom/products/waitrose-tikka-masala-paste/458221-766787-766788,Waitrose Tikka Masala Paste,180g,£2.00,£1.12/100g,,Food Cupboard
884432,Waitrose Indulgent Chocolate Collection,G,true,1462,https://ecom-su-static-prod.wtrecom.com/images/products/3/LN_884432_BP_3.jpg,https://www.waitrose.com/ecom/products/waitrose-indulgent-chocolate-collection/884432-759282-759283,Waitrose Indulgent Chocolate Collection,159g,£5.20,£3.28/100g,20% Off. Was £6.50,Food Cupboard
560062,Waitrose Duchy Four Bean Salad In Water,G,false,1463,https://ecom-su-static-prod.wtrecom.com/images/products/3/LN_560062_BP_3.jpg,https://www.waitrose.com/ecom/products/waitrose-duchy-four-bean-salad-in-water/560062-747674-747675,Waitrose Duchy Four Bean Salad In Water,drained 252g,£1.15,£4.57/kg,,Food Cupboard
793302,Monty Bojangles Choccy Scoffy Dusted Truffles,G,true,1464,https://ecom-su-static-prod.wtrecom.com/images/products/3/LN_793302_BP_3.jpg,https://www.waitrose.com/ecom/products/monty-bojangles-choccy-scoffy-dusted-truffles/793302-112855-112856,Monty Bojangles Choccy Scoffy Dusted Truffles,135g,£3.15,£2.34/100g,save 80p. Was £3.95,Food Cupboard
001359,Essential Porridge Oats with Wheatbran,G,false,1465,https://ecom-su-static-prod.wtrecom.com/images/products/3/LN_001359_BP_3.jpg,https://www.waitrose.com/ecom/products/essential-porridge-oats-with-wheatbran/001359-244-245,Essential Porridge Oats with Wheatbran,1kg,£1.40,14p/100g,,Food Cupboard
658373,Waitrose Egg Lasagne Sheets,G,false,1466,https://ecom-su-static-prod.wtrecom.com/images/products/3/LN_658373_BP_3.jpg,https://www.waitrose.com/ecom/products/waitrose-egg-lasagne-sheets/658373-728038-728039,Waitrose Egg Lasagne Sheets,375g,£1.75,£4.67/kg,,Food Cupboard
484859,Crosta & Mollica Crostini With Oregano,G,false,1467,https://ecom-su-static-prod.wtrecom.com/images/products/3/LN_484859_BP_3.jpg,https://www.waitrose.com/ecom/products/crosta-mollica-crostini-with-oregano/484859-311152-311153,Crosta & Mollica Crostini With Oregano,150g,£2.10,£1.40/100g,,Food Cupboard
463221,nakd. Protein Cocoa Hazelnut Multipack,G,false,1468,https://ecom-su-static-prod.wtrecom.com/images/products/3/LN_463221_BP_3.jpg,https://www.waitrose.com/ecom/products/nakd-protein-cocoa-hazelnut-multipack/463221-808037-808038,nakd. Protein Cocoa Hazelnut Multipack,3x45g,£3.15,£2.34/100g,,Food Cupboard
827166,Cooks' Ingredients Chinese Rice Vinegar,G,false,1469,https://ecom-su-static-prod.wtrecom.com/images/products/3/LN_827166_BP_3.jpg,https://www.waitrose.com/ecom/products/cooks-ingredients-chinese-rice-vinegar/827166-767203-767204,Cooks' Ingredients Chinese Rice Vinegar,150ml,£2.50,£1.67/100ml,,Food Cupboard
662477,John West Wild Red Salmon Skinless & Boneless,G,false,1470,https://ecom-su-static-prod.wtrecom.com/images/products/3/LN_662477_BP_3.jpg,https://www.waitrose.com/ecom/products/john-west-wild-red-salmon-skinless-boneless/662477-94046-94047,John West Wild Red Salmon Skinless & Boneless,170g,£5.00,£2.95/100g,,Food Cupboard
019510,Essential Petits Pois with Baby Carrots,G,false,1471,https://ecom-su-static-prod.wtrecom.com/images/products/3/LN_019510_BP_3.jpg,https://www.waitrose.com/ecom/products/essential-petits-pois-with-baby-carrots/019510-9437-9438,Essential Petits Pois with Baby Carrots,drained 265g,£1.65,£6.23/kg,,Food Cupboard
400484,John West MSC Tuna Chunks in Sunflower Oil,G,true,1472,https://ecom-su-static-prod.wtrecom.com/images/products/3/LN_400484_BP_3.jpg,https://www.waitrose.com/ecom/products/john-west-msc-tuna-chunks-in-sunflower-oil/400484-723609-723610,John West MSC Tuna Chunks in Sunflower Oil,drained 4x95g,£4.00,£1.06/100g,save £2.00. Was £6.00,Food Cupboard
690199,Waitrose Tomato Chutney,G,false,1473,https://ecom-su-static-prod.wtrecom.com/images/products/3/LN_690199_BP_3.jpg,https://www.waitrose.com/ecom/products/waitrose-tomato-chutney/690199-654219-654220,Waitrose Tomato Chutney,315g,£2.50,79.4p/100g,,Food Cupboard
771720,Arden & Amici Almond Cantuccini,G,false,1474,https://ecom-su-static-prod.wtrecom.com/images/products/3/LN_771720_BP_3.jpg,https://www.waitrose.com/ecom/products/arden-amici-almond-cantuccini/771720-146849-146850,Arden & Amici Almond Cantuccini,180g,£3.15,£1.75/100g,,Food Cupboard
815952,Nairn's Marmite & Cheese Oatcakes,G,false,1475,https://ecom-su-static-prod.wtrecom.com/images/products/3/LN_815952_BP_3.jpg,https://www.waitrose.com/ecom/products/nairns-marmite-cheese-oatcakes/815952-813788-813789,Nairn's Marmite & Cheese Oatcakes,200g,£2.10,£1.05/100g,,Food Cupboard
524911,Bonne Maman Milk Chocolate Shortbread,G,false,1476,https://ecom-su-static-prod.wtrecom.com/images/products/3/LN_524911_BP_3.jpg,https://www.waitrose.com/ecom/products/bonne-maman-milk-chocolate-shortbread/524911-777326-777327,Bonne Maman Milk Chocolate Shortbread,160g,£2.25,£1.41/100g,,Food Cupboard
527595,Popchips Thai Sweet Chilli,G,true,1477,https://ecom-su-static-prod.wtrecom.com/images/products/3/LN_527595_BP_3.jpg,https://www.waitrose.com/ecom/products/popchips-thai-sweet-chilli/527595-230823-230824,Popchips Thai Sweet Chilli,85g,£1.50,£1.77/100g,save 75p. Was £2.25,Food Cupboard
668020,Cooks' Ingredients White Miso Paste,G,false,1478,https://ecom-su-static-prod.wtrecom.com/images/products/3/LN_668020_BP_3.jpg,https://www.waitrose.com/ecom/products/cooks-ingredients-white-miso-paste/668020-672715-672716,Cooks' Ingredients White Miso Paste,100g,£2.00,£2/100g,,Food Cupboard
006850,Waitrose Dried Apricots,G,false,1479,https://ecom-su-static-prod.wtrecom.com/images/products/3/LN_006850_BP_3.jpg,https://www.waitrose.com/ecom/products/waitrose-dried-apricots/006850-3095-3096,Waitrose Dried Apricots,250g,£2.75,£11/kg,,Food Cupboard
410524,Homepride Plain Flour,G,true,1480,https://ecom-su-static-prod.wtrecom.com/images/products/3/LN_410524_BP_3.jpg,https://www.waitrose.com/ecom/products/homepride-plain-flour/410524-818239-818240,Homepride Plain Flour,1.5Kg,£1.50,£1/kg,25% Off. Was £2.00,Food Cupboard
005809,Ambrosia Light Rice Pudding,G,true,1481,https://ecom-su-static-prod.wtrecom.com/images/products/3/LN_005809_BP_3.jpg,https://www.waitrose.com/ecom/products/ambrosia-light-rice-pudding/005809-2526-2527,Ambrosia Light Rice Pudding,400g,£1.95,48.8p/100g,Add 2 for £2.50,Food Cupboard
714410,Pip & Nut Smooth Almond Butter,G,false,1482,https://ecom-su-static-prod.wtrecom.com/images/products/3/LN_714410_BP_3.jpg,https://www.waitrose.com/ecom/products/pip-nut-smooth-almond-butter/714410-785974-785975,Pip & Nut Smooth Almond Butter,170g,£3.50,£2.06/100g,,Food Cupboard
034389,Snack A Jacks Chocolate Chip Sharing Rice Cakes,G,false,1483,https://ecom-su-static-prod.wtrecom.com/images/products/3/LN_034389_BP_3.jpg,https://www.waitrose.com/ecom/products/snack-a-jacks-chocolate-chip-sharing-rice-cakes/034389-17255-17256,Snack A Jacks Chocolate Chip Sharing Rice Cakes,180g,£2.35,£1.31/100g,,Food Cupboard
588926,Cooks' Ingredients Ketjap Manis,G,false,1484,https://ecom-su-static-prod.wtrecom.com/images/products/3/LN_588926_BP_3.jpg,https://www.waitrose.com/ecom/products/cooks-ingredients-ketjap-manis/588926-672549-672550,Cooks' Ingredients Ketjap Manis,200ml,£1.35,67.5p/100ml,,Food Cupboard
010213,Bahlsen Ohne Gleichen Dark Praline Wafer,G,false,1485,https://ecom-su-static-prod.wtrecom.com/images/products/3/LN_010213_BP_3.jpg,https://www.waitrose.com/ecom/products/bahlsen-ohne-gleichen-dark-praline-wafer/010213-5088-5089,Bahlsen Ohne Gleichen Dark Praline Wafer,125g,£2.00,£1.60/100g,,Food Cupboard
028707,Cooks' Ingredients Stem Ginger in Syrup,G,false,1486,https://ecom-su-static-prod.wtrecom.com/images/products/3/LN_028707_BP_3.jpg,https://www.waitrose.com/ecom/products/cooks-ingredients-stem-ginger-in-syrup/028707-13996-13997,Cooks' Ingredients Stem Ginger in Syrup,drained 190g,£3.25,£17.11/kg,,Food Cupboard
743880,Stockan's Orkney Oatcakes Thin,G,false,1487,https://ecom-su-static-prod.wtrecom.com/images/products/3/LN_743880_BP_3.jpg,https://www.waitrose.com/ecom/products/stockans-orkney-oatcakes-thin/743880-105754-105755,Stockan's Orkney Oatcakes Thin,100g,70p,70p/100g,,Food Cupboard
015548,Hengstenberg Sauerkraut,G,false,1488,https://ecom-su-static-prod.wtrecom.com/images/products/3/LN_015548_BP_3.jpg,https://www.waitrose.com/ecom/products/hengstenberg-sauerkraut/015548-7473-7474,Hengstenberg Sauerkraut,drained 650g,£2.00,£3.08/kg,,Food Cupboard
700414,Sharwood's Medium Egg Noodles,G,true,1489,https://ecom-su-static-prod.wtrecom.com/images/products/3/LN_700414_BP_3.jpg,https://www.waitrose.com/ecom/products/sharwoods-medium-egg-noodles/700414-813736-813737,Sharwood's Medium Egg Noodles,226g,£1.60,£7.08/kg,save £1.05. Was £2.65,Food Cupboard
652333,Loacker Napolitaner,G,false,1490,https://ecom-su-static-prod.wtrecom.com/images/products/3/LN_652333_BP_3.jpg,https://www.waitrose.com/ecom/products/loacker-napolitaner/652333-381264-381265,Loacker Napolitaner,90g,£1.20,£1.34/100g,,Food Cupboard
475991,Heinz Classic Barbecue Sauce,G,true,1491,https://ecom-su-static-prod.wtrecom.com/images/products/3/LN_475991_BP_3.jpg,https://www.waitrose.com/ecom/products/heinz-classic-barbecue-sauce/475991-187369-187370,Heinz Classic Barbecue Sauce,480g,£2.50,52.1p/100g,save 50p. Was £3.00,Food Cupboard
885502,Off the Eaten Path Sea Salt Bean Sticks,G,true,1492,https://ecom-su-static-prod.wtrecom.com/images/products/3/LN_885502_BP_3.jpg,https://www.waitrose.com/ecom/products/off-the-eaten-path-sea-salt-bean-sticks/885502-727923-727924,Off the Eaten Path Sea Salt Bean Sticks,100g,£1.75,£1.75/100g,save 90p. Was £2.65,Food Cupboard
427754,Waitrose Free From Gluten Butter Shortbread,G,false,1493,https://ecom-su-static-prod.wtrecom.com/images/products/3/LN_427754_BP_3.jpg,https://www.waitrose.com/ecom/products/waitrose-free-from-gluten-butter-shortbread/427754-744865-744866,Waitrose Free From Gluten Butter Shortbread,150g,£2.45,£1.64/100g,,Food Cupboard
013412,Snack a Jacks Caramel Sharing Rice Cakes,G,false,1494,https://ecom-su-static-prod.wtrecom.com/images/products/3/LN_013412_BP_3.jpg,https://www.waitrose.com/ecom/products/snack-a-jacks-caramel-sharing-rice-cakes/013412-6525-6526,Snack a Jacks Caramel Sharing Rice Cakes,159g,£2.35,£1.48/100g,,Food Cupboard
001075,Kellogg's Bran Flakes Breakfast Cereal,G,false,1495,https://ecom-su-static-prod.wtrecom.com/images/products/3/LN_001075_BP_3.jpg,https://www.waitrose.com/ecom/products/kelloggs-bran-flakes-breakfast-cereal/001075-53-54,Kellogg's Bran Flakes Breakfast Cereal,375g,£2.60,69.3p/100g,,Food Cupboard
867527,Cooks' Ingredients Basil,G,true,1496,https://ecom-su-static-prod.wtrecom.com/images/products/3/LN_867527_BP_3.jpg,https://www.waitrose.com/ecom/products/cooks-ingredients-basil/867527-785256-785257,Cooks' Ingredients Basil,16g,£1.60,£1/10g,Add 2 for £2.75,Food Cupboard
849795,Lindt Lindor 70% Cocoa Extra Dark Truffles,G,false,1497,https://ecom-su-static-prod.wtrecom.com/images/products/3/LN_849795_BP_3.jpg,https://www.waitrose.com/ecom/products/lindt-lindor-70-cocoa-extra-dark-truffles/849795-816400-816401,Lindt Lindor 70% Cocoa Extra Dark Truffles,200g,£6.30,£3.15/100g,,Food Cupboard
862313,Wrigleys Extra Spearmint,G,false,1498,https://ecom-su-static-prod.wtrecom.com/images/products/3/LN_862313_BP_3.jpg,https://www.waitrose.com/ecom/products/wrigleys-extra-spearmint/862313-706769-706770,Wrigleys Extra Spearmint,5x14g,£3.15,£4.50/100g,,Food Cupboard
848091,Waitrose Sweet Chilli Garlic Stir Fry Sauce,G,false,1499,https://ecom-su-static-prod.wtrecom.com/images/products/3/LN_848091_BP_3.jpg,https://www.waitrose.com/ecom/products/waitrose-sweet-chilli-garlic-stir-fry-sauce/848091-767247-767248,Waitrose Sweet Chilli Garlic Stir Fry Sauce,120g,75p,62.5p/100g,,Food Cupboard
050041,Cadbury Dairy Milk Caramel Chocolate Bar,G,false,1500,https://ecom-su-static-prod.wtrecom.com/images/products/3/LN_050041_BP_3.jpg,https://www.waitrose.com/ecom/products/cadbury-dairy-milk-caramel-chocolate-bar/050041-24897-24898,Cadbury Dairy Milk Caramel Chocolate Bar,180g,£2.50,£1.39/100g,,Food Cupboard
538838,Belazu Judion White Butter Beans,G,false,1501,https://ecom-su-static-prod.wtrecom.com/images/products/3/LN_538838_BP_3.jpg,https://www.waitrose.com/ecom/products/belazu-judion-white-butter-beans/538838-818490-818491,Belazu Judion White Butter Beans,360g,£2.75,£7.64/kg,,Food Cupboard
606219,Frylight Olive Oil Spray,G,false,1502,https://ecom-su-static-prod.wtrecom.com/images/products/3/LN_606219_BP_3.jpg,https://www.waitrose.com/ecom/products/frylight-olive-oil-spray/606219-85993-85994,Frylight Olive Oil Spray,190ml,£2.90,£1.53/100ml,,Food Cupboard
475895,Amoy Dark Soy Sauce,G,true,1503,https://ecom-su-static-prod.wtrecom.com/images/products/3/LN_475895_BP_3.jpg,https://www.waitrose.com/ecom/products/amoy-dark-soy-sauce/475895-67151-67152,Amoy Dark Soy Sauce,150ml,£1.50,£1/100ml,save 60p. Was £2.10,Food Cupboard
615042,Nature's Finest Mango in Juice,G,true,1504,https://ecom-su-static-prod.wtrecom.com/images/products/3/LN_615042_BP_3.jpg,https://www.waitrose.com/ecom/products/natures-finest-mango-in-juice/615042-87251-87252,Nature's Finest Mango in Juice,drained 210g,£1.70,£8.10/kg,save 20p. Was £1.90,Food Cupboard
088890,Waitrose Macadamia Nuts,G,false,1505,https://ecom-su-static-prod.wtrecom.com/images/products/3/LN_088890_BP_3.jpg,https://www.waitrose.com/ecom/products/waitrose-macadamia-nuts/088890-45689-45690,Waitrose Macadamia Nuts,150g,£4.50,£30/kg,,Food Cupboard
779992,Heinz Tomato Ketchup 50% Less Salt & Sugar,G,false,1506,https://ecom-su-static-prod.wtrecom.com/images/products/3/LN_779992_BP_3.jpg,https://www.waitrose.com/ecom/products/heinz-tomato-ketchup-50-less-salt-sugar/779992-769214-769215,Heinz Tomato Ketchup 50% Less Salt & Sugar,665g,£3.90,58.6p/100g,,Food Cupboard
649987,nakd. Bakewell Tart Fruit & Nut Bars Multipack,G,false,1507,https://ecom-su-static-prod.wtrecom.com/images/products/3/LN_649987_BP_3.jpg,https://www.waitrose.com/ecom/products/nakd-bakewell-tart-fruit-nut-bars-multipack/649987-437708-437709,nakd. Bakewell Tart Fruit & Nut Bars Multipack,4x35g,£3.15,£2.25/100g,,Food Cupboard
080848,De Cecco Cavatappi,G,false,1508,https://ecom-su-static-prod.wtrecom.com/images/products/3/LN_080848_BP_3.jpg,https://www.waitrose.com/ecom/products/de-cecco-cavatappi/080848-41137-41138,De Cecco Cavatappi,500g,£2.00,£4/kg,,Food Cupboard
035128,Nestlé Carnation Condensed Milk,G,false,1509,https://ecom-su-static-prod.wtrecom.com/images/products/3/LN_035128_BP_3.jpg,https://www.waitrose.com/ecom/products/nestle-carnation-condensed-milk/035128-17701-17702,Nestlé Carnation Condensed Milk,397g,£2.25,56.7p/100g,,Food Cupboard
002664,Fox's Viennese Milk Chocolate,G,false,1510,https://ecom-su-static-prod.wtrecom.com/images/products/3/LN_002664_BP_3.jpg,https://www.waitrose.com/ecom/products/foxs-viennese-milk-chocolate/002664-928-929,Fox's Viennese Milk Chocolate,120g,£1.85,£1.55/100g,,Food Cupboard
412223,Marigold Gluten Free & Vegan Engevita Yeast Flakes,G,false,1511,https://ecom-su-static-prod.wtrecom.com/images/products/3/LN_412223_BP_3.jpg,https://www.waitrose.com/ecom/products/marigold-gluten-free-vegan-engevita-yeast-flakes/412223-653909-653910,Marigold Gluten Free & Vegan Engevita Yeast Flakes,100g,£4.20,£4.20/100g,,Food Cupboard
852297,KP Dry Roasted Peanuts,G,false,1512,https://ecom-su-static-prod.wtrecom.com/images/products/3/LN_852297_BP_3.jpg,https://www.waitrose.com/ecom/products/kp-dry-roasted-peanuts/852297-666776-666777,KP Dry Roasted Peanuts,415g,£4.50,£1.09/100g,,Food Cupboard
891769,Waitrose Raisin Nut & Cranberry,G,false,1513,https://ecom-su-static-prod.wtrecom.com/images/products/3/LN_891769_BP_3.jpg,https://www.waitrose.com/ecom/products/waitrose-raisin-nut-cranberry/891769-492250-492251,Waitrose Raisin Nut & Cranberry,400g,£6.00,£1.50/100g,,Food Cupboard
019177,Heinz Spaghetti & Sausages,G,true,1514,https://ecom-su-static-prod.wtrecom.com/images/products/3/LN_019177_BP_3.jpg,https://www.waitrose.com/ecom/products/heinz-spaghetti-sausages/019177-9293-9294,Heinz Spaghetti & Sausages,400g,£2.00,£5/kg,Add 3 for £4.50,Food Cupboard
819629,Deliciously Ella Vegan Chocolate Orange Almonds,G,false,1515,https://ecom-su-static-prod.wtrecom.com/images/products/3/LN_819629_BP_3.jpg,https://www.waitrose.com/ecom/products/deliciously-ella-vegan-chocolate-orange-almonds/819629-735932-735933,Deliciously Ella Vegan Chocolate Orange Almonds,81g,£2.90,£3.59/100g,,Food Cupboard
850916,Princes Salmon Paste,G,false,1516,https://ecom-su-static-prod.wtrecom.com/images/products/3/LN_850916_BP_3.jpg,https://www.waitrose.com/ecom/products/princes-salmon-paste/850916-793050-793051,Princes Salmon Paste,75g,95p,£1.27/100g,,Food Cupboard
002158,Ryvita Crackerbread Original Crackers 200g,G,false,1517,https://ecom-su-static-prod.wtrecom.com/images/products/3/LN_002158_BP_3.jpg,https://www.waitrose.com/ecom/products/ryvita-crackerbread-original-crackers-200g/002158-620-621,Ryvita Crackerbread Original Crackers 200g,200g,£1.70,85p/100g,,Food Cupboard
439800,Whole Earth Smooth Peanut Butter,G,false,1518,https://ecom-su-static-prod.wtrecom.com/images/products/3/LN_439800_BP_3.jpg,https://www.waitrose.com/ecom/products/whole-earth-smooth-peanut-butter/439800-518848-518849,Whole Earth Smooth Peanut Butter,454g,£4.75,£1.05/100g,,Food Cupboard
732259,Rowse Light & Mild Honey,G,true,1519,https://ecom-su-static-prod.wtrecom.com/images/products/3/LN_732259_BP_3.jpg,https://www.waitrose.com/ecom/products/rowse-light-mild-honey/732259-104037-104038,Rowse Light & Mild Honey,340g,£2.00,58.8p/100g,save £1.15. Was £3.15,Food Cupboard
632480,Duchy Organic Stem Ginger Shortbread,G,false,1520,https://ecom-su-static-prod.wtrecom.com/images/products/3/LN_632480_BP_3.jpg,https://www.waitrose.com/ecom/products/duchy-organic-stem-ginger-shortbread/632480-89827-89828,Duchy Organic Stem Ginger Shortbread,150g,£2.25,£1.50/100g,,Food Cupboard
814496,Cadbury Picnic Chocolate Bar Single,G,false,1521,https://ecom-su-static-prod.wtrecom.com/images/products/3/LN_814496_BP_3.jpg,https://www.waitrose.com/ecom/products/cadbury-picnic-chocolate-bar-single/814496-236334-236335,Cadbury Picnic Chocolate Bar Single,48g,90p,£1.86/100g,,Food Cupboard
569493,"Waitrose Nuts, Fruit & Seeds",G,true,1522,https://ecom-su-static-prod.wtrecom.com/images/products/3/LN_569493_BP_3.jpg,https://www.waitrose.com/ecom/products/waitrose-nuts-fruit-seeds/569493-480889-480890,"Waitrose Nuts, Fruit & Seeds",60g,£1.00,£1.67/100g,"£5 Food to Go Meal Deal: Add 1 Main, 1 Snack and 1 Drink",Food Cupboard
004689,Waitrose Lemon Curd,G,false,1523,https://ecom-su-static-prod.wtrecom.com/images/products/3/LN_004689_BP_3.jpg,https://www.waitrose.com/ecom/products/waitrose-lemon-curd/004689-2011-2012,Waitrose Lemon Curd,325g,£2.00,61.5p/100g,,Food Cupboard
519289,Kellogg's Coco Pops Chocolate Breakfast Cereal,G,true,1524,https://ecom-su-static-prod.wtrecom.com/images/products/3/LN_519289_BP_3.jpg,https://www.waitrose.com/ecom/products/kelloggs-coco-pops-chocolate-breakfast-cereal/519289-127475-127476,Kellogg's Coco Pops Chocolate Breakfast Cereal,420g,£2.75,65.5p/100g,save £1.20. Was £3.95,Food Cupboard
707409,BEAR Alphabites Coco Cereal,G,true,1525,https://ecom-su-static-prod.wtrecom.com/images/products/3/LN_707409_BP_3.jpg,https://www.waitrose.com/ecom/products/bear-alphabites-coco-cereal/707409-284263-284264,BEAR Alphabites Coco Cereal,350g,£2.00,57.1p/100g,save 95p. Was £2.95,Food Cupboard
017521,Loyd Grossman Puttanesca Pasta Sauce,G,true,1526,https://ecom-su-static-prod.wtrecom.com/images/products/3/LN_017521_BP_3.jpg,https://www.waitrose.com/ecom/products/loyd-grossman-puttanesca-pasta-sauce/017521-8510-8511,Loyd Grossman Puttanesca Pasta Sauce,350g,£1.75,50p/100g,save £1.25. Was £3.00,Food Cupboard
006823,Waitrose Walnut Halves,G,false,1527,https://ecom-su-static-prod.wtrecom.com/images/products/3/LN_006823_BP_3.jpg,https://www.waitrose.com/ecom/products/waitrose-walnut-halves/006823-3071-3072,Waitrose Walnut Halves,100g,£2.00,£20/kg,,Food Cupboard
547854,Merchant Gourmet Beluga Lentils,G,true,1528,https://ecom-su-static-prod.wtrecom.com/images/products/3/LN_547854_BP_3.jpg,https://www.waitrose.com/ecom/products/merchant-gourmet-beluga-lentils/547854-77467-77468,Merchant Gourmet Beluga Lentils,250g,£1.50,£6/kg,save 60p. Was £2.10,Food Cupboard
680876,Proper Corn Salted Popcorn Microwavable,G,false,1529,https://ecom-su-static-prod.wtrecom.com/images/products/3/LN_680876_BP_3.jpg,https://www.waitrose.com/ecom/products/proper-corn-salted-popcorn-microwavable/680876-719662-719663,Proper Corn Salted Popcorn Microwavable,3x70g,£2.50,£1.20/100g,,Food Cupboard
780789,Mary Berry's Light Salad Dressing,G,false,1530,https://ecom-su-static-prod.wtrecom.com/images/products/3/LN_780789_BP_3.jpg,https://www.waitrose.com/ecom/products/mary-berrys-light-salad-dressing/780789-140578-140579,Mary Berry's Light Salad Dressing,235ml,£3.80,£1.62/100ml,,Food Cupboard
011817,Pot Noodle Standard Beef & Tomato,G,false,1531,https://ecom-su-static-prod.wtrecom.com/images/products/3/LN_011817_BP_3.jpg,https://www.waitrose.com/ecom/products/pot-noodle-standard-beef-tomato/011817-5857-5858,Pot Noodle Standard Beef & Tomato,90g,£1.20,£1.34/100g,,Food Cupboard
404187,Jordans Natural Muesli Breakfast Cereal,G,true,1532,https://ecom-su-static-prod.wtrecom.com/images/products/3/LN_404187_BP_3.jpg,https://www.waitrose.com/ecom/products/jordans-natural-muesli-breakfast-cereal/404187-56885-56886,Jordans Natural Muesli Breakfast Cereal,1kg,£3.00,30p/100g,70% Off. Was £4.00,Food Cupboard
742141,Bisto Powder Original,G,false,1533,https://ecom-su-static-prod.wtrecom.com/images/products/3/LN_742141_BP_3.jpg,https://www.waitrose.com/ecom/products/bisto-powder-original/742141-805815-805816,Bisto Powder Original,200g,£3.00,£1.50/100g,,Food Cupboard
687401,Knorr Gluten Free Chicken Stock Cubes,G,false,1534,https://ecom-su-static-prod.wtrecom.com/images/products/3/LN_687401_BP_3.jpg,https://www.waitrose.com/ecom/products/knorr-gluten-free-chicken-stock-cubes/687401-628020-628021,Knorr Gluten Free Chicken Stock Cubes,200g,£3.50,£1.75/100g,,Food Cupboard
653525,Waitrose Milk Chocolate Smothered Honeycomb,G,false,1535,https://ecom-su-static-prod.wtrecom.com/images/products/3/LN_653525_BP_3.jpg,https://www.waitrose.com/ecom/products/waitrose-milk-chocolate-smothered-honeycomb/653525-662824-662825,Waitrose Milk Chocolate Smothered Honeycomb,100g,£3.00,£3/100g,,Food Cupboard
479559,Dino's Famous The Brooklyn Big Dog,G,true,1536,https://ecom-su-static-prod.wtrecom.com/images/products/3/LN_479559_BP_3.jpg,https://www.waitrose.com/ecom/products/dinos-famous-the-brooklyn-big-dog/479559-758462-758463,Dino's Famous The Brooklyn Big Dog,drained 720g,£4.95,£6.88/kg,save 55p. Was £5.50,Food Cupboard
624246,Terry's Chocolate Orange Minis,G,false,1537,https://ecom-su-static-prod.wtrecom.com/images/products/3/LN_624246_BP_3.jpg,https://www.waitrose.com/ecom/products/terrys-chocolate-orange-minis/624246-405338-405339,Terry's Chocolate Orange Minis,125g,£1.75,£1.40/100g,,Food Cupboard
579538,Cooks' Ingredients Fennel Seeds,G,false,1538,https://ecom-su-static-prod.wtrecom.com/images/products/3/LN_579538_BP_3.jpg,https://www.waitrose.com/ecom/products/cooks-ingredients-fennel-seeds/579538-784942-784943,Cooks' Ingredients Fennel Seeds,33g,£1.60,48.5p/10g,,Food Cupboard
007819,Oxo Chicken Stock Cubes 12s,G,false,1539,https://ecom-su-static-prod.wtrecom.com/images/products/3/LN_007819_BP_3.jpg,https://www.waitrose.com/ecom/products/oxo-chicken-stock-cubes-12s/007819-3707-3708,Oxo Chicken Stock Cubes 12s,71g,£2.50,£3.53/100g,,Food Cupboard
469377,Cooks' Ingredients Cayenne Pepper,G,false,1540,https://ecom-su-static-prod.wtrecom.com/images/products/3/LN_469377_BP_3.jpg,https://www.waitrose.com/ecom/products/cooks-ingredients-cayenne-pepper/469377-784842-784843,Cooks' Ingredients Cayenne Pepper,40g,£1.60,40p/10g,,Food Cupboard
713094,BEAR Giant Yoyo Strawberry & Mango,G,true,1541,https://ecom-su-static-prod.wtrecom.com/images/products/3/LN_713094_BP_3.jpg,https://www.waitrose.com/ecom/products/bear-giant-yoyo-strawberry-mango/713094-728406-728407,BEAR Giant Yoyo Strawberry & Mango,5s,£2.00,40p each,save 85p. Was £2.85,Food Cupboard
570811,Hellmann's Chunky Burger Sauce,G,true,1542,https://ecom-su-static-prod.wtrecom.com/images/products/3/LN_570811_BP_3.jpg,https://www.waitrose.com/ecom/products/hellmanns-chunky-burger-sauce/570811-506206-506207,Hellmann's Chunky Burger Sauce,258g,£2.00,77.5p/100g,save 80p. Was £2.80,Food Cupboard
472455,Clearspring Organic Brown Rice Udon Noodles,G,true,1543,https://ecom-su-static-prod.wtrecom.com/images/products/3/LN_472455_BP_3.jpg,https://www.waitrose.com/ecom/products/clearspring-organic-brown-rice-udon-noodles/472455-323041-323042,Clearspring Organic Brown Rice Udon Noodles,200g,£2.60,£1.30/100g,20% Off. Was £3.25,Food Cupboard
055532,Waitrose Pearl Barley,G,false,1544,https://ecom-su-static-prod.wtrecom.com/images/products/3/LN_055532_BP_3.jpg,https://www.waitrose.com/ecom/products/waitrose-pearl-barley/055532-27877-27878,Waitrose Pearl Barley,500g,£1.00,£2/kg,,Food Cupboard
408389,Waitrose Beef Consommé Soup,G,false,1545,https://ecom-su-static-prod.wtrecom.com/images/products/3/LN_408389_BP_3.jpg,https://www.waitrose.com/ecom/products/waitrose-beef-consomme-soup/408389-696458-696459,Waitrose Beef Consommé Soup,400g,£1.40,35p/100g,,Food Cupboard
008001,Tate & Lyle Fairtrade White Sugar Cubes,G,false,1546,https://ecom-su-static-prod.wtrecom.com/images/products/3/LN_008001_BP_3.jpg,https://www.waitrose.com/ecom/products/tate-lyle-fairtrade-white-sugar-cubes/008001-3801-3802,Tate & Lyle Fairtrade White Sugar Cubes,500g,£1.45,£2.90/kg,,Food Cupboard
715716,Dorset Cereals Chocolate Cherry Granola,G,false,1547,https://ecom-su-static-prod.wtrecom.com/images/products/3/LN_715716_BP_3.jpg,https://www.waitrose.com/ecom/products/dorset-cereals-chocolate-cherry-granola/715716-808080-808081,Dorset Cereals Chocolate Cherry Granola,450g,£3.75,83.3p/100g,,Food Cupboard
536265,Waitrose Milk Chocolate with Hazelnut Praline,G,false,1548,https://ecom-su-static-prod.wtrecom.com/images/products/3/LN_536265_BP_3.jpg,https://www.waitrose.com/ecom/products/waitrose-milk-chocolate-with-hazelnut-praline/536265-708551-708552,Waitrose Milk Chocolate with Hazelnut Praline,90g,£2.00,£2.23/100g,,Food Cupboard
838422,Deliciously Ella Gluten Free & Vegan Cacao & Almond,G,true,1549,https://ecom-su-static-prod.wtrecom.com/images/products/3/LN_838422_BP_3.jpg,https://www.waitrose.com/ecom/products/deliciously-ella-gluten-free-vegan-cacao-almond/838422-524293-524294,Deliciously Ella Gluten Free & Vegan Cacao & Almond,40g,£1.00,£2.50/100g,save 85p. Was £1.85,Food Cupboard
741391,Sharwood's Thai Crackers,G,true,1550,https://ecom-su-static-prod.wtrecom.com/images/products/3/LN_741391_BP_3.jpg,https://www.waitrose.com/ecom/products/sharwoods-thai-crackers/741391-140508-140509,Sharwood's Thai Crackers,60g,£1.60,£2.67/100g,save 50p. Was £2.10,Food Cupboard
026533,Crisp 'N Dry Rapeseed Oil,G,false,1551,https://ecom-su-static-prod.wtrecom.com/images/products/3/LN_026533_BP_3.jpg,https://www.waitrose.com/ecom/products/crisp-n-dry-rapeseed-oil/026533-12923-12924,Crisp 'N Dry Rapeseed Oil,1litre,£3.25,32.5p/100ml,,Food Cupboard
034484,Waitrose Stuffed Green Olives/Anchovy,G,true,1552,https://ecom-su-static-prod.wtrecom.com/images/products/3/LN_034484_BP_3.jpg,https://www.waitrose.com/ecom/products/waitrose-stuffed-green-olives-anchovy/034484-17317-17318,Waitrose Stuffed Green Olives/Anchovy,drained 85g,£1.60,£1.89/100g,20% Off. Was £2.00,Food Cupboard
632620,Waitrose Tikka Masala Sauce,G,false,1553,https://ecom-su-static-prod.wtrecom.com/images/products/3/LN_632620_BP_3.jpg,https://www.waitrose.com/ecom/products/waitrose-tikka-masala-sauce/632620-776991-776992,Waitrose Tikka Masala Sauce,450g,£1.50,33.3p/100g,,Food Cupboard
572273,Quaker Oat So Simple Sultanas & Raisins Porridge Sachets,G,true,1554,https://ecom-su-static-prod.wtrecom.com/images/products/3/LN_572273_BP_3.jpg,https://www.waitrose.com/ecom/products/quaker-oat-so-simple-sultanas-raisins-porridge-sachets/572273-81079-81080,Quaker Oat So Simple Sultanas & Raisins Porridge Sachets,385g,£3.50,90.9p/100g,Add 2 for £4.50,Food Cupboard
765801,Waitrose Arrabbiata Pasta Sauce,G,false,1555,https://ecom-su-static-prod.wtrecom.com/images/products/3/LN_765801_BP_3.jpg,https://www.waitrose.com/ecom/products/waitrose-arrabbiata-pasta-sauce/765801-704315-704316,Waitrose Arrabbiata Pasta Sauce,350g,£2.15,61.4p/100g,,Food Cupboard
505094,John West No Drain Tuna Chunks Sunflower Oil,G,true,1556,https://ecom-su-static-prod.wtrecom.com/images/products/3/LN_505094_BP_3.jpg,https://www.waitrose.com/ecom/products/john-west-no-drain-tuna-chunks-sunflower-oil/505094-806802-806803,John West No Drain Tuna Chunks Sunflower Oil,3x110g,£3.50,£1.07/100g,save £1.75. Was £5.25,Food Cupboard
483497,Waitrose Tomato & Basil Soup,G,false,1557,https://ecom-su-static-prod.wtrecom.com/images/products/3/LN_483497_BP_3.jpg,https://www.waitrose.com/ecom/products/waitrose-tomato-basil-soup/483497-696498-696499,Waitrose Tomato & Basil Soup,400g,£1.10,27.5p/100g,,Food Cupboard
038106,Sharwood's Garlic & Coriander Poppadoms,G,false,1558,https://ecom-su-static-prod.wtrecom.com/images/products/3/LN_038106_BP_3.jpg,https://www.waitrose.com/ecom/products/sharwoods-garlic-coriander-poppadoms/038106-19028-19029,Sharwood's Garlic & Coriander Poppadoms,8s,£2.35,29.4p each,,Food Cupboard
753404,Bart Creamed Coconut,G,false,1559,https://ecom-su-static-prod.wtrecom.com/images/products/3/LN_753404_BP_3.jpg,https://www.waitrose.com/ecom/products/bart-creamed-coconut/753404-140526-140527,Bart Creamed Coconut,200g,£1.65,82.5p/100g,,Food Cupboard
838824,"Peter's Yard Rye, Charcoal Sourdough Crackers",G,false,1560,https://ecom-su-static-prod.wtrecom.com/images/products/3/LN_838824_BP_3.jpg,https://www.waitrose.com/ecom/products/peters-yard-rye-charcoal-sourdough-crackers/838824-669117-669118,"Peter's Yard Rye, Charcoal Sourdough Crackers",90g,£2.65,£2.95/100g,,Food Cupboard
695954,Cadbury Dairy Milk Chocolate Bar,G,true,1561,https://ecom-su-static-prod.wtrecom.com/images/products/3/LN_695954_BP_3.jpg,https://www.waitrose.com/ecom/products/cadbury-dairy-milk-chocolate-bar/695954-151880-151881,Cadbury Dairy Milk Chocolate Bar,110g,£1.50,£1.37/100g,save 25p. Was £1.75,Food Cupboard
715166,Kellogg's Krave Milk Chocolate Breakfast Cereal,G,true,1562,https://ecom-su-static-prod.wtrecom.com/images/products/3/LN_715166_BP_3.jpg,https://www.waitrose.com/ecom/products/kelloggs-krave-milk-chocolate-breakfast-cereal/715166-772644-772645,Kellogg's Krave Milk Chocolate Breakfast Cereal,410g,£2.75,67.1p/100g,save 70p. Was £3.45,Food Cupboard
851574,Waitrose Free From Gluten Triple Choc Cookies,G,false,1563,https://ecom-su-static-prod.wtrecom.com/images/products/3/LN_851574_BP_3.jpg,https://www.waitrose.com/ecom/products/waitrose-free-from-gluten-triple-choc-cookies/851574-745573-745574,Waitrose Free From Gluten Triple Choc Cookies,150g,£2.85,£1.90/100g,,Food Cupboard
882955,Heinz Tomato Ketchup No Added Sugar & Salt,G,true,1564,https://ecom-su-static-prod.wtrecom.com/images/products/3/LN_882955_BP_3.jpg,https://www.waitrose.com/ecom/products/heinz-tomato-ketchup-no-added-sugar-salt/882955-663310-663311,Heinz Tomato Ketchup No Added Sugar & Salt,425g,£2.50,58.8p/100g,save 50p. Was £3.00,Food Cupboard
878157,Nielsen-Massey Vanilla Extract,G,true,1565,https://ecom-su-static-prod.wtrecom.com/images/products/3/LN_878157_BP_3.jpg,https://www.waitrose.com/ecom/products/nielsen-massey-vanilla-extract/878157-654491-654492,Nielsen-Massey Vanilla Extract,60ml,£5.60,£9.34/100ml,20% Off. Was £7.00,Food Cupboard
737090,Bounce Gluten Free Millionaire Protein Ball,G,false,1566,https://ecom-su-static-prod.wtrecom.com/images/products/3/LN_737090_BP_3.jpg,https://www.waitrose.com/ecom/products/bounce-gluten-free-millionaire-protein-ball/737090-750629-750630,Bounce Gluten Free Millionaire Protein Ball,40g,£2.20,£5.50/100g,,Food Cupboard
424351,Lizis Low Sugar Maple & Pecan Granola,G,true,1567,https://ecom-su-static-prod.wtrecom.com/images/products/3/LN_424351_BP_3.jpg,https://www.waitrose.com/ecom/products/lizis-low-sugar-maple-pecan-granola/424351-693607-693608,Lizis Low Sugar Maple & Pecan Granola,450g,£2.65,58.9p/100g,Save 1/3. Was £4.20,Food Cupboard
898011,Waitrose Jelly Cherries,G,false,1568,https://ecom-su-static-prod.wtrecom.com/images/products/3/LN_898011_BP_3.jpg,https://www.waitrose.com/ecom/products/waitrose-jelly-cherries/898011-731529-731530,Waitrose Jelly Cherries,65g,65p,£1/100g,,Food Cupboard
890232,Doves Farm Ginger Oat Biscuits,G,false,1569,https://ecom-su-static-prod.wtrecom.com/images/products/3/LN_890232_BP_3.jpg,https://www.waitrose.com/ecom/products/doves-farm-ginger-oat-biscuits/890232-211021-211022,Doves Farm Ginger Oat Biscuits,200g,£2.00,£1/100g,,Food Cupboard
572468,Heinz Cream of Chicken & Mushroom Soup,G,true,1570,https://ecom-su-static-prod.wtrecom.com/images/products/3/LN_572468_BP_3.jpg,https://www.waitrose.com/ecom/products/heinz-cream-of-chicken-mushroom-soup/572468-148737-148738,Heinz Cream of Chicken & Mushroom Soup,400g,£1.75,43.8p/100g,Add 3 for £4.50,Food Cupboard
575959,Duchy Organic Blackcurrant Preserve Extra Jam,G,false,1571,https://ecom-su-static-prod.wtrecom.com/images/products/3/LN_575959_BP_3.jpg,https://www.waitrose.com/ecom/products/duchy-organic-blackcurrant-preserve-extra-jam/575959-81612-81613,Duchy Organic Blackcurrant Preserve Extra Jam,340g,£2.80,82.4p/100g,,Food Cupboard
808244,Heinz Peppa Pig Pasta Shapes,G,true,1572,https://ecom-su-static-prod.wtrecom.com/images/products/3/LN_808244_BP_3.jpg,https://www.waitrose.com/ecom/products/heinz-peppa-pig-pasta-shapes/808244-727699-727700,Heinz Peppa Pig Pasta Shapes,205g,90p,£4.40/kg,Add 2 for £1.50,Food Cupboard
821530,Maldon Sea Salt Flakes,G,false,1573,https://ecom-su-static-prod.wtrecom.com/images/products/3/LN_821530_BP_3.jpg,https://www.waitrose.com/ecom/products/maldon-sea-salt-flakes/821530-230027-230028,Maldon Sea Salt Flakes,125g,£1.55,£12.40/kg,,Food Cupboard
857411,Waitrose Dried Mango,G,false,1574,https://ecom-su-static-prod.wtrecom.com/images/products/3/LN_857411_BP_3.jpg,https://www.waitrose.com/ecom/products/waitrose-dried-mango/857411-755149-755150,Waitrose Dried Mango,150g,£3.95,£2.64/100g,,Food Cupboard
837689,Nairn's Gluten Free Rosemary Flatbreads,G,false,1575,https://ecom-su-static-prod.wtrecom.com/images/products/3/LN_837689_BP_3.jpg,https://www.waitrose.com/ecom/products/nairns-gluten-free-rosemary-flatbreads/837689-663174-663175,Nairn's Gluten Free Rosemary Flatbreads,150g,£2.10,£1.40/100g,,Food Cupboard
038051,Waitrose Hazelnuts,G,false,1576,https://ecom-su-static-prod.wtrecom.com/images/products/3/LN_038051_BP_3.jpg,https://www.waitrose.com/ecom/products/waitrose-hazelnuts/038051-18996-18997,Waitrose Hazelnuts,150g,£3.25,£2.17/100g,,Food Cupboard
797060,Ambrosia Deluxe Custard Vanilla,G,false,1577,https://ecom-su-static-prod.wtrecom.com/images/products/3/LN_797060_BP_3.jpg,https://www.waitrose.com/ecom/products/ambrosia-deluxe-custard-vanilla/797060-790761-790762,Ambrosia Deluxe Custard Vanilla,2x120g,£1.60,66.7p/100g,,Food Cupboard
755610,Rowse Greek Honey,G,false,1578,https://ecom-su-static-prod.wtrecom.com/images/products/3/LN_755610_BP_3.jpg,https://www.waitrose.com/ecom/products/rowse-greek-honey/755610-443004-443005,Rowse Greek Honey,250g,£3.95,£1.58/100g,,Food Cupboard
850176,Parmentier Sardines in Oil and Chilli,G,false,1579,https://ecom-su-static-prod.wtrecom.com/images/products/3/LN_850176_BP_3.jpg,https://www.waitrose.com/ecom/products/parmentier-sardines-in-oil-and-chilli/850176-288136-288137,Parmentier Sardines in Oil and Chilli,drained 95g,£2.00,£2.11/100g,,Food Cupboard
430193,Waitrose Rice & Wheat Flakes & Red Fruit,G,false,1580,https://ecom-su-static-prod.wtrecom.com/images/products/3/LN_430193_BP_3.jpg,https://www.waitrose.com/ecom/products/waitrose-rice-wheat-flakes-red-fruit/430193-793367-793368,Waitrose Rice & Wheat Flakes & Red Fruit,375g,£2.00,53.3p/100g,,Food Cupboard
040392,Alpen The Original Swiss Style Muesli,G,true,1581,https://ecom-su-static-prod.wtrecom.com/images/products/3/LN_040392_BP_3.jpg,https://www.waitrose.com/ecom/products/alpen-the-original-swiss-style-muesli/040392-19973-19974,Alpen The Original Swiss Style Muesli,1.1kg,£3.75,34.1p/100g,save 85p. Was £4.60,Food Cupboard
560069,Crosta & Mollica Linguette Classic,G,false,1582,https://ecom-su-static-prod.wtrecom.com/images/products/3/LN_560069_BP_3.jpg,https://www.waitrose.com/ecom/products/crosta-mollica-linguette-classic/560069-79305-79306,Crosta & Mollica Linguette Classic,150g,£2.50,£1.67/100g,,Food Cupboard
645944,Cooks' Ingredients Ground White Pepper,G,true,1583,https://ecom-su-static-prod.wtrecom.com/images/products/3/LN_645944_BP_3.jpg,https://www.waitrose.com/ecom/products/cooks-ingredients-ground-white-pepper/645944-785006-785007,Cooks' Ingredients Ground White Pepper,46g,£1.60,34.8p/10g,Add 2 for £2.75,Food Cupboard
524359,Ambrosia Rice Pudding,G,false,1584,https://ecom-su-static-prod.wtrecom.com/images/products/3/LN_524359_BP_3.jpg,https://www.waitrose.com/ecom/products/ambrosia-rice-pudding/524359-168546-168547,Ambrosia Rice Pudding,150g,95p,63.3p/100g,,Food Cupboard
414170,Heinz Big Soup Beef & Vegetable,G,true,1585,https://ecom-su-static-prod.wtrecom.com/images/products/3/LN_414170_BP_3.jpg,https://www.waitrose.com/ecom/products/heinz-big-soup-beef-vegetable/414170-726927-726928,Heinz Big Soup Beef & Vegetable,400g,£2.00,50p/100g,Add 3 for £4.50,Food Cupboard
867393,Walkers Sensations Mango & Chilli Chutney Sharing Poppadoms,G,true,1586,https://ecom-su-static-prod.wtrecom.com/images/products/3/LN_867393_BP_3.jpg,https://www.waitrose.com/ecom/products/walkers-sensations-mango-chilli-chutney-sharing-poppadoms/867393-618255-618256,Walkers Sensations Mango & Chilli Chutney Sharing Poppadoms,82.5g,£1.50,£1.82/100g,save £1.00. Was £2.50,Food Cupboard
471665,Princes Corned Beef Reduced Salt,G,false,1587,https://ecom-su-static-prod.wtrecom.com/images/products/3/LN_471665_BP_3.jpg,https://www.waitrose.com/ecom/products/princes-corned-beef-reduced-salt/471665-66505-66506,Princes Corned Beef Reduced Salt,340g,£3.70,£1.09/100g,,Food Cupboard
819759,Meridian Crunchy Peanut Butter,G,false,1588,https://ecom-su-static-prod.wtrecom.com/images/products/3/LN_819759_BP_3.jpg,https://www.waitrose.com/ecom/products/meridian-crunchy-peanut-butter/819759-464680-464681,Meridian Crunchy Peanut Butter,280g,£2.95,£1.06/100g,,Food Cupboard
540576,Waitrose Lentils,G,false,1589,https://ecom-su-static-prod.wtrecom.com/images/products/3/LN_540576_BP_3.jpg,https://www.waitrose.com/ecom/products/waitrose-lentils/540576-780069-780070,Waitrose Lentils,500g,£1.55,£3.10/kg,,Food Cupboard
815695,Mr Organic Italian Organic Ketchup,G,false,1590,https://ecom-su-static-prod.wtrecom.com/images/products/3/LN_815695_BP_3.jpg,https://www.waitrose.com/ecom/products/mr-organic-italian-organic-ketchup/815695-580236-580237,Mr Organic Italian Organic Ketchup,480g,£3.50,72.9p/100g,,Food Cupboard
569109,Cooks' Ingredients Tamarind Paste,G,false,1591,https://ecom-su-static-prod.wtrecom.com/images/products/3/LN_569109_BP_3.jpg,https://www.waitrose.com/ecom/products/cooks-ingredients-tamarind-paste/569109-80590-80591,Cooks' Ingredients Tamarind Paste,100g,£2.00,£2/100g,,Food Cupboard
844564,Green Giant No Added Salt Sweetcorn,G,false,1592,https://ecom-su-static-prod.wtrecom.com/images/products/3/LN_844564_BP_3.jpg,https://www.waitrose.com/ecom/products/green-giant-no-added-salt-sweetcorn/844564-175452-175453,Green Giant No Added Salt Sweetcorn,drained 4x165g,£3.50,£5.31/kg,,Food Cupboard
007812,Knorr Gluten Free Chicken Stock Cubes,G,false,1593,https://ecom-su-static-prod.wtrecom.com/images/products/3/LN_007812_BP_3.jpg,https://www.waitrose.com/ecom/products/knorr-gluten-free-chicken-stock-cubes/007812-3699-3700,Knorr Gluten Free Chicken Stock Cubes,80g,£2.05,£2.57/100g,,Food Cupboard
507758,Linwoods Flaxseed Almonds Brazil & Q10,G,false,1594,https://ecom-su-static-prod.wtrecom.com/images/products/3/LN_507758_BP_3.jpg,https://www.waitrose.com/ecom/products/linwoods-flaxseed-almonds-brazil-q10/507758-71746-71747,Linwoods Flaxseed Almonds Brazil & Q10,360g,£6.60,£1.84/100g,,Food Cupboard
007653,Colman's Original English Mustard,G,false,1595,https://ecom-su-static-prod.wtrecom.com/images/products/3/LN_007653_BP_3.jpg,https://www.waitrose.com/ecom/products/colmans-original-english-mustard/007653-3586-3587,Colman's Original English Mustard,100g,£1.80,£1.80/100g,,Food Cupboard
484383,Hartley's 10 Cal Jelly Strawberry,G,true,1596,https://ecom-su-static-prod.wtrecom.com/images/products/3/LN_484383_BP_3.jpg,https://www.waitrose.com/ecom/products/hartleys-10-cal-jelly-strawberry/484383-413745-413746,Hartley's 10 Cal Jelly Strawberry,175g,60p,34.3p/100g,save 25p. Was 85p,Food Cupboard
552933,Kellogg's Coco Pops Chocolate Breakfast Cereal,G,false,1597,https://ecom-su-static-prod.wtrecom.com/images/products/3/LN_552933_BP_3.jpg,https://www.waitrose.com/ecom/products/kelloggs-coco-pops-chocolate-breakfast-cereal/552933-127539-127540,Kellogg's Coco Pops Chocolate Breakfast Cereal,650g,£4.75,73.1p/100g,,Food Cupboard
856278,Waitrose Black Bean Stir Fry Sauce,G,false,1598,https://ecom-su-static-prod.wtrecom.com/images/products/3/LN_856278_BP_3.jpg,https://www.waitrose.com/ecom/products/waitrose-black-bean-stir-fry-sauce/856278-767273-767274,Waitrose Black Bean Stir Fry Sauce,120g,75p,62.5p/100g,,Food Cupboard
578805,Freee By Doves Farm GF Self Raising Flour,G,false,1599,https://ecom-su-static-prod.wtrecom.com/images/products/3/LN_578805_BP_3.jpg,https://www.waitrose.com/ecom/products/freee-by-doves-farm-gf-self-raising-flour/578805-81990-81991,Freee By Doves Farm GF Self Raising Flour,1kg,£2.00,£2/kg,,Food Cupboard
582929,Gourmet Selection with Herbs,G,false,1600,https://ecom-su-static-prod.wtrecom.com/images/products/3/LN_582929_BP_3.jpg,https://www.waitrose.com/ecom/products/gourmet-selection-with-herbs/582929-805767-805768,Gourmet Selection with Herbs,530g,£3.55,£1.19/100g,,Food Cupboard
429906,Duchy Organic Stem Ginger Biscuits in Dark Chocolate,G,false,1601,https://ecom-su-static-prod.wtrecom.com/images/products/3/LN_429906_BP_3.jpg,https://www.waitrose.com/ecom/products/duchy-organic-stem-ginger-biscuits-in-dark-chocolate/429906-60485-60486,Duchy Organic Stem Ginger Biscuits in Dark Chocolate,100g,£3.00,£3/100g,,Food Cupboard
017472,Baxters Chef Selections Cream of Asparagus,G,false,1602,https://ecom-su-static-prod.wtrecom.com/images/products/3/LN_017472_BP_3.jpg,https://www.waitrose.com/ecom/products/baxters-chef-selections-cream-of-asparagus/017472-8474-8475,Baxters Chef Selections Cream of Asparagus,400g,£2.65,66.3p/100g,,Food Cupboard
034681,Amoy Light Soy Sauce,G,true,1603,https://ecom-su-static-prod.wtrecom.com/images/products/3/LN_034681_BP_3.jpg,https://www.waitrose.com/ecom/products/amoy-light-soy-sauce/034681-17467-17468,Amoy Light Soy Sauce,150ml,£1.50,£1/100ml,save 60p. Was £2.10,Food Cupboard
688706,Sharwood's Korma Curry Sauce,G,false,1604,https://ecom-su-static-prod.wtrecom.com/images/products/3/LN_688706_BP_3.jpg,https://www.waitrose.com/ecom/products/sharwoods-korma-curry-sauce/688706-140410-140411,Sharwood's Korma Curry Sauce,420g,£2.50,59.5p/100g,,Food Cupboard
496523,Ritter Sport Dark Whole Hazelnuts,G,false,1605,https://ecom-su-static-prod.wtrecom.com/images/products/3/LN_496523_BP_3.jpg,https://www.waitrose.com/ecom/products/ritter-sport-dark-whole-hazelnuts/496523-731579-731580,Ritter Sport Dark Whole Hazelnuts,100g,£1.85,£1.85/100g,,Food Cupboard
411298,Cadbury Darkmilk Original Chocolate Bar,G,true,1606,https://ecom-su-static-prod.wtrecom.com/images/products/3/LN_411298_BP_3.jpg,https://www.waitrose.com/ecom/products/cadbury-darkmilk-original-chocolate-bar/411298-688864-688865,Cadbury Darkmilk Original Chocolate Bar,90g,£1.50,£1.67/100g,save 25p. Was £1.75,Food Cupboard
462351,Toblerone Milk Chocolate Bar,G,false,1607,https://ecom-su-static-prod.wtrecom.com/images/products/3/LN_462351_BP_3.jpg,https://www.waitrose.com/ecom/products/toblerone-milk-chocolate-bar/462351-134871-134872,Toblerone Milk Chocolate Bar,360g,£5.80,£1.62/100g,,Food Cupboard
034585,Cardini's Original Caesar Dressing,G,false,1608,https://ecom-su-static-prod.wtrecom.com/images/products/3/LN_034585_BP_3.jpg,https://www.waitrose.com/ecom/products/cardinis-original-caesar-dressing/034585-17387-17388,Cardini's Original Caesar Dressing,350ml,£3.10,88.6p/100ml,,Food Cupboard
024012,Weetos Choco Hoops,G,false,1609,https://ecom-su-static-prod.wtrecom.com/images/products/3/LN_024012_BP_3.jpg,https://www.waitrose.com/ecom/products/weetos-choco-hoops/024012-11644-11645,Weetos Choco Hoops,420g,£3.45,82.1p/100g,,Food Cupboard
519709,Doritos Hot Salsa Sharing Dip,G,true,1610,https://ecom-su-static-prod.wtrecom.com/images/products/3/LN_519709_BP_3.jpg,https://www.waitrose.com/ecom/products/doritos-hot-salsa-sharing-dip/519709-306834-306835,Doritos Hot Salsa Sharing Dip,300g,£1.75,58.3p/100g,save 75p. Was £2.50,Food Cupboard
785405,Nissin Soba Yakitori Chicken Cup Noodles,G,true,1611,https://ecom-su-static-prod.wtrecom.com/images/products/3/LN_785405_BP_3.jpg,https://www.waitrose.com/ecom/products/nissin-soba-yakitori-chicken-cup-noodles/785405-696626-696627,Nissin Soba Yakitori Chicken Cup Noodles,89g,£1.60,£1.80/100g,20% Off. Was £2.00,Food Cupboard
845194,Lotus Biscoff Sandwich Biscoff Cream,G,false,1612,https://ecom-su-static-prod.wtrecom.com/images/products/3/LN_845194_BP_3.jpg,https://www.waitrose.com/ecom/products/lotus-biscoff-sandwich-biscoff-cream/845194-823102-823103,Lotus Biscoff Sandwich Biscoff Cream,150g,£1.80,£1.20/100g,,Food Cupboard
759403,Waitrose Seeded Wholemeal Bread Flour,G,false,1613,https://ecom-su-static-prod.wtrecom.com/images/products/3/LN_759403_BP_3.jpg,https://www.waitrose.com/ecom/products/waitrose-seeded-wholemeal-bread-flour/759403-762494-762495,Waitrose Seeded Wholemeal Bread Flour,1.5Kg,£2.40,£1.60/kg,,Food Cupboard
891133,KIND Protein Dark Chocolate Nut,G,true,1614,https://ecom-su-static-prod.wtrecom.com/images/products/3/LN_891133_BP_3.jpg,https://www.waitrose.com/ecom/products/kind-protein-dark-chocolate-nut/891133-772704-772705,KIND Protein Dark Chocolate Nut,3x42g,£3.00,£2.39/100g,save 75p. Was £3.75,Food Cupboard
830777,Bonne Maman Hazelnut Chocolate Spread,G,true,1615,https://ecom-su-static-prod.wtrecom.com/images/products/3/LN_830777_BP_3.jpg,https://www.waitrose.com/ecom/products/bonne-maman-hazelnut-chocolate-spread/830777-771293-771294,Bonne Maman Hazelnut Chocolate Spread,250g,£2.00,80p/100g,save £1.00. Was £3.00,Food Cupboard
445304,Bonne Maman Blackcurrant Conserve,G,false,1616,https://ecom-su-static-prod.wtrecom.com/images/products/3/LN_445304_BP_3.jpg,https://www.waitrose.com/ecom/products/bonne-maman-blackcurrant-conserve/445304-62686-62687,Bonne Maman Blackcurrant Conserve,370g,£3.50,94.6p/100g,,Food Cupboard
694519,Duchy Organic Tomato & Basil Pasta Sauce,G,false,1617,https://ecom-su-static-prod.wtrecom.com/images/products/3/LN_694519_BP_3.jpg,https://www.waitrose.com/ecom/products/duchy-organic-tomato-basil-pasta-sauce/694519-704245-704246,Duchy Organic Tomato & Basil Pasta Sauce,290g,£2.65,91.4p/100g,,Food Cupboard
809759,Tilda White & Brown Basmati Rice,G,false,1618,https://ecom-su-static-prod.wtrecom.com/images/products/3/LN_809759_BP_3.jpg,https://www.waitrose.com/ecom/products/tilda-white-brown-basmati-rice/809759-149823-149824,Tilda White & Brown Basmati Rice,250g,£1.65,£6.60/kg,,Food Cupboard
423329,Waitrose Popcorn Maize,G,false,1619,https://ecom-su-static-prod.wtrecom.com/images/products/3/LN_423329_BP_3.jpg,https://www.waitrose.com/ecom/products/waitrose-popcorn-maize/423329-491905-491906,Waitrose Popcorn Maize,500g,£1.95,39p/100g,,Food Cupboard
042156,Seabrook Sea Salted Crisps,G,false,1620,https://ecom-su-static-prod.wtrecom.com/images/products/3/LN_042156_BP_3.jpg,https://www.waitrose.com/ecom/products/seabrook-sea-salted-crisps/042156-20876-20877,Seabrook Sea Salted Crisps,6x25g,£1.50,£1/100g,,Food Cupboard
599584,Proper Chips Sweet Sriracha Chilli Lentil,G,true,1621,https://ecom-su-static-prod.wtrecom.com/images/products/3/LN_599584_BP_3.jpg,https://www.waitrose.com/ecom/products/proper-chips-sweet-sriracha-chilli-lentil/599584-780245-780246,Proper Chips Sweet Sriracha Chilli Lentil,85g,£1.25,£1.48/100g,save 75p. Was £2.00,Food Cupboard
474467,Meridian Smooth Peanut Butter,G,false,1622,https://ecom-su-static-prod.wtrecom.com/images/products/3/LN_474467_BP_3.jpg,https://www.waitrose.com/ecom/products/meridian-smooth-peanut-butter/474467-746361-746362,Meridian Smooth Peanut Butter,470g,£4.20,89.4p/100g,,Food Cupboard
008216,Tate & Lyle Fairtrade Jam Sugar,G,false,1623,https://ecom-su-static-prod.wtrecom.com/images/products/3/LN_008216_BP_3.jpg,https://www.waitrose.com/ecom/products/tate-lyle-fairtrade-jam-sugar/008216-3907-3908,Tate & Lyle Fairtrade Jam Sugar,1kg,£2.80,£2.80/kg,,Food Cupboard
006744,Essential Mixed Fruit,G,false,1624,https://ecom-su-static-prod.wtrecom.com/images/products/3/LN_006744_BP_3.jpg,https://www.waitrose.com/ecom/products/essential-mixed-fruit/006744-3011-3012,Essential Mixed Fruit,500g,£1.75,£3.50/kg,,Food Cupboard
578794,Waitrose Green Lentils,G,false,1625,https://ecom-su-static-prod.wtrecom.com/images/products/3/LN_578794_BP_3.jpg,https://www.waitrose.com/ecom/products/waitrose-green-lentils/578794-780081-780082,Waitrose Green Lentils,500g,£1.75,£3.50/kg,,Food Cupboard
999167,Merchant Gourmet Coconut & Lime Leaf Wholegrain Rice,G,true,1626,https://ecom-su-static-prod.wtrecom.com/images/products/3/LN_999167_BP_3.jpg,https://www.waitrose.com/ecom/products/merchant-gourmet-coconut-lime-leaf-wholegrain-rice/999167-826842-826843,Merchant Gourmet Coconut & Lime Leaf Wholegrain Rice,250g,£1.50,£6/kg,Introductory Offer.Will be £2.00,Food Cupboard
760899,Ortiz Yellowfin Tuna in Olive Oil,G,false,1627,https://ecom-su-static-prod.wtrecom.com/images/products/3/LN_760899_BP_3.jpg,https://www.waitrose.com/ecom/products/ortiz-yellowfin-tuna-in-olive-oil/760899-793156-793157,Ortiz Yellowfin Tuna in Olive Oil,112g,£4.50,£4.02/100g,,Food Cupboard
665048,Olivado Organic FT Extra Virgin Avocado Oil,G,false,1628,https://ecom-su-static-prod.wtrecom.com/images/products/3/LN_665048_BP_3.jpg,https://www.waitrose.com/ecom/products/olivado-organic-ft-extra-virgin-avocado-oil/665048-133034-133035,Olivado Organic FT Extra Virgin Avocado Oil,250ml,£5.40,£2.16/100ml,,Food Cupboard
075833,Olio del Castello Extra Virgin Olive Oil,G,false,1629,https://ecom-su-static-prod.wtrecom.com/images/products/3/LN_075833_BP_3.jpg,https://www.waitrose.com/ecom/products/olio-del-castello-extra-virgin-olive-oil/075833-38488-38489,Olio del Castello Extra Virgin Olive Oil,1litre,£14.25,£1.43/100ml,,Food Cupboard
554993,Nature's Finest Tropical Fruit Salad Pots,G,false,1630,https://ecom-su-static-prod.wtrecom.com/images/products/3/LN_554993_BP_3.jpg,https://www.waitrose.com/ecom/products/natures-finest-tropical-fruit-salad-pots/554993-511800-511801,Nature's Finest Tropical Fruit Salad Pots,4x113g,£2.50,£5.54/kg,,Food Cupboard
002652,Bauli Amaretti,G,false,1631,https://ecom-su-static-prod.wtrecom.com/images/products/3/LN_002652_BP_3.jpg,https://www.waitrose.com/ecom/products/bauli-amaretti/002652-920-921,Bauli Amaretti,250g,£3.15,£1.26/100g,,Food Cupboard
020306,Lindt Excellence Chilli Dark,G,true,1632,https://ecom-su-static-prod.wtrecom.com/images/products/3/LN_020306_BP_3.jpg,https://www.waitrose.com/ecom/products/lindt-excellence-chilli-dark/020306-9873-9874,Lindt Excellence Chilli Dark,100g,£2.15,£2.15/100g,save 60p. Was £2.75,Food Cupboard
888942,LOVE CORN Sea Salt,G,false,1633,https://ecom-su-static-prod.wtrecom.com/images/products/3/LN_888942_BP_3.jpg,https://www.waitrose.com/ecom/products/love-corn-sea-salt/888942-694924-694925,LOVE CORN Sea Salt,115g,£2.30,£2/100g,,Food Cupboard
448767,Bio&Me Super Seedy & Nutty Granola,G,false,1634,https://ecom-su-static-prod.wtrecom.com/images/products/3/LN_448767_BP_3.jpg,https://www.waitrose.com/ecom/products/biome-super-seedy-nutty-granola/448767-713127-713128,Bio&Me Super Seedy & Nutty Granola,360g,£4.15,£1.16/100g,,Food Cupboard
073648,Green Giant Hearts Of Palm Whole,G,false,1635,https://ecom-su-static-prod.wtrecom.com/images/products/3/LN_073648_BP_3.jpg,https://www.waitrose.com/ecom/products/green-giant-hearts-of-palm-whole/073648-37358-37359,Green Giant Hearts Of Palm Whole,drained 220g,£2.70,£12.28/kg,,Food Cupboard
895262,FUEL 10K Chocolate Granola,G,false,1636,https://ecom-su-static-prod.wtrecom.com/images/products/3/LN_895262_BP_3.jpg,https://www.waitrose.com/ecom/products/fuel-10k-chocolate-granola/895262-803434-803435,FUEL 10K Chocolate Granola,400g,£3.25,81.3p/100g,,Food Cupboard
615626,Ryvita Crispbread Sesame Crackers 250g,G,false,1637,https://ecom-su-static-prod.wtrecom.com/images/products/3/LN_615626_BP_3.jpg,https://www.waitrose.com/ecom/products/ryvita-crispbread-sesame-crackers-250g/615626-824137-824138,Ryvita Crispbread Sesame Crackers 250g,250g,£1.70,68p/100g,,Food Cupboard
028438,Hartley's Sugar Free Jelly Crystals Raspberry,G,false,1638,https://ecom-su-static-prod.wtrecom.com/images/products/3/LN_028438_BP_3.jpg,https://www.waitrose.com/ecom/products/hartleys-sugar-free-jelly-crystals-raspberry/028438-13844-13845,Hartley's Sugar Free Jelly Crystals Raspberry,23g,£1.25,£5.44/100g,,Food Cupboard
002350,Jacob's Choice Grain Multigrain Crackers,G,false,1639,https://ecom-su-static-prod.wtrecom.com/images/products/3/LN_002350_BP_3.jpg,https://www.waitrose.com/ecom/products/jacobs-choice-grain-multigrain-crackers/002350-750-751,Jacob's Choice Grain Multigrain Crackers,200g,£1.80,90p/100g,,Food Cupboard
728530,Sharwood's Tikka Masala Curry Sauce,G,false,1640,https://ecom-su-static-prod.wtrecom.com/images/products/3/LN_728530_BP_3.jpg,https://www.waitrose.com/ecom/products/sharwoods-tikka-masala-curry-sauce/728530-140476-140477,Sharwood's Tikka Masala Curry Sauce,420g,£2.50,59.5p/100g,,Food Cupboard
642619,Waitrose Tomato & Mascarpone Pasta Sauce,G,false,1641,https://ecom-su-static-prod.wtrecom.com/images/products/3/LN_642619_BP_3.jpg,https://www.waitrose.com/ecom/products/waitrose-tomato-mascarpone-pasta-sauce/642619-704193-704194,Waitrose Tomato & Mascarpone Pasta Sauce,350g,£2.15,61.4p/100g,,Food Cupboard
007933,Saxa Table Salt,G,false,1642,https://ecom-su-static-prod.wtrecom.com/images/products/3/LN_007933_BP_3.jpg,https://www.waitrose.com/ecom/products/saxa-table-salt/007933-3773-3774,Saxa Table Salt,750g,£1.95,£2.60/kg,,Food Cupboard
711235,Crosta & Mollica Grissini Classic,G,false,1643,https://ecom-su-static-prod.wtrecom.com/images/products/3/LN_711235_BP_3.jpg,https://www.waitrose.com/ecom/products/crosta-mollica-grissini-classic/711235-101039-101040,Crosta & Mollica Grissini Classic,140g,£2.10,£1.50/100g,,Food Cupboard
795236,Lindt Choco Wafer Milk Choc & Hazelnut,G,false,1644,https://ecom-su-static-prod.wtrecom.com/images/products/3/LN_795236_BP_3.jpg,https://www.waitrose.com/ecom/products/lindt-choco-wafer-milk-choc-hazelnut/795236-810100-810101,Lindt Choco Wafer Milk Choc & Hazelnut,135g,£5.50,£4.08/100g,,Food Cupboard
429795,Crosta & Mollica Linguette Rosemary,G,false,1645,https://ecom-su-static-prod.wtrecom.com/images/products/3/LN_429795_BP_3.jpg,https://www.waitrose.com/ecom/products/crosta-mollica-linguette-rosemary/429795-60461-60462,Crosta & Mollica Linguette Rosemary,150g,£2.50,£1.67/100g,,Food Cupboard
842128,Cooks' Ingredients Pomegranate Molasses,G,false,1646,https://ecom-su-static-prod.wtrecom.com/images/products/3/LN_842128_BP_3.jpg,https://www.waitrose.com/ecom/products/cooks-ingredients-pomegranate-molasses/842128-312443-312444,Cooks' Ingredients Pomegranate Molasses,210g,£3.60,£1.72/100g,,Food Cupboard
605104,Waitrose Roasted Cashews,G,false,1647,https://ecom-su-static-prod.wtrecom.com/images/products/3/LN_605104_BP_3.jpg,https://www.waitrose.com/ecom/products/waitrose-roasted-cashews/605104-782795-782796,Waitrose Roasted Cashews,150g,£2.50,£1.67/100g,,Food Cupboard
585279,Lindt Lindor Milk Chocolate,G,true,1648,https://ecom-su-static-prod.wtrecom.com/images/products/3/LN_585279_BP_3.jpg,https://www.waitrose.com/ecom/products/lindt-lindor-milk-chocolate/585279-236244-236245,Lindt Lindor Milk Chocolate,38g,£1.00,£2.64/100g,"£5 Food to Go Meal Deal: Add 1 Main, 1 Snack and 1 Drink",Food Cupboard
479395,Walkers Less Salt Mild Cheese & Onion Multipack Crisps,G,true,1649,https://ecom-su-static-prod.wtrecom.com/images/products/3/LN_479395_BP_3.jpg,https://www.waitrose.com/ecom/products/walkers-less-salt-mild-cheese-onion-multipack-crisps/479395-780231-780232,Walkers Less Salt Mild Cheese & Onion Multipack Crisps,6x25g,£2.25,£1.50/100g,Add 2 for £3.25,Food Cupboard
776558,McVities White Chocolate Digestive Biscuits,G,true,1650,https://ecom-su-static-prod.wtrecom.com/images/products/3/LN_776558_BP_3.jpg,https://www.waitrose.com/ecom/products/mcvities-white-chocolate-digestive-biscuits/776558-808017-808018,McVities White Chocolate Digestive Biscuits,232g,£1.50,64.7p/100g,save 50p. Was £2.00,Food Cupboard
623629,Heinz Tomato & Basil Pasta Sauce,G,true,1651,https://ecom-su-static-prod.wtrecom.com/images/products/3/LN_623629_BP_3.jpg,https://www.waitrose.com/ecom/products/heinz-tomato-basil-pasta-sauce/623629-802584-802585,Heinz Tomato & Basil Pasta Sauce,350g,£1.50,42.9p/100g,save £1.00. Was £2.50,Food Cupboard
695362,Waitrose Golden Syrup Porridge Pot,G,false,1652,https://ecom-su-static-prod.wtrecom.com/images/products/3/LN_695362_BP_3.jpg,https://www.waitrose.com/ecom/products/waitrose-golden-syrup-porridge-pot/695362-479552-479553,Waitrose Golden Syrup Porridge Pot,70g,75p,£1.08/100g,,Food Cupboard
890831,Waitrose Roasted Peanuts,G,false,1653,https://ecom-su-static-prod.wtrecom.com/images/products/3/LN_890831_BP_3.jpg,https://www.waitrose.com/ecom/products/waitrose-roasted-peanuts/890831-782828-782829,Waitrose Roasted Peanuts,250g,£2.25,90p/100g,,Food Cupboard
013168,Amoy Straight To Wok Medium Noodles,G,false,1654,https://ecom-su-static-prod.wtrecom.com/images/products/3/LN_013168_BP_3.jpg,https://www.waitrose.com/ecom/products/amoy-straight-to-wok-medium-noodles/013168-6403-6404,Amoy Straight To Wok Medium Noodles,2x150g,£2.25,£7.50/kg,,Food Cupboard
031234,Waitrose Chive & Onion Twists,G,false,1655,https://ecom-su-static-prod.wtrecom.com/images/products/3/LN_031234_BP_3.jpg,https://www.waitrose.com/ecom/products/waitrose-chive-onion-twists/031234-15237-15238,Waitrose Chive & Onion Twists,125g,£1.75,£1.40/100g,,Food Cupboard
842358,Heinz Baked Beans No Added Sugar 6 Pack,G,true,1656,https://ecom-su-static-prod.wtrecom.com/images/products/3/LN_842358_BP_3.jpg,https://www.waitrose.com/ecom/products/heinz-baked-beans-no-added-sugar-6-pack/842358-800748-800749,Heinz Baked Beans No Added Sugar 6 Pack,6x415g,£5.50,£2.21/kg,Add 2 for £9,Food Cupboard
019531,Essential Cut Green Beans in Water,G,false,1657,https://ecom-su-static-prod.wtrecom.com/images/products/3/LN_019531_BP_3.jpg,https://www.waitrose.com/ecom/products/essential-cut-green-beans-in-water/019531-9463-9464,Essential Cut Green Beans in Water,drained 205g,£1.20,£5.86/kg,,Food Cupboard
405048,Cooks' Ingredients Mirin Rice Wine,G,false,1658,https://ecom-su-static-prod.wtrecom.com/images/products/3/LN_405048_BP_3.jpg,https://www.waitrose.com/ecom/products/cooks-ingredients-mirin-rice-wine/405048-766721-766722,Cooks' Ingredients Mirin Rice Wine,150ml,£2.75,£1.84/100ml,,Food Cupboard
416591,Heinz Classic Pea & Ham Soup,G,true,1659,https://ecom-su-static-prod.wtrecom.com/images/products/3/LN_416591_BP_3.jpg,https://www.waitrose.com/ecom/products/heinz-classic-pea-ham-soup/416591-58591-58592,Heinz Classic Pea & Ham Soup,400g,£1.75,43.8p/100g,Add 3 for £4.50,Food Cupboard
898811,Pip & Nut Smooth Almond Butter,G,true,1660,https://ecom-su-static-prod.wtrecom.com/images/products/3/LN_898811_BP_3.jpg,https://www.waitrose.com/ecom/products/pip-nut-smooth-almond-butter/898811-813480-813481,Pip & Nut Smooth Almond Butter,425g,£6.50,£1.53/100g,save £1.00. Was £7.50,Food Cupboard
094706,Nature Valley Crunchy Canadian Maple Syrup,G,false,1661,https://ecom-su-static-prod.wtrecom.com/images/products/3/LN_094706_BP_3.jpg,https://www.waitrose.com/ecom/products/nature-valley-crunchy-canadian-maple-syrup/094706-48572-48573,Nature Valley Crunchy Canadian Maple Syrup,5x42g,£2.65,£1.27/100g,,Food Cupboard
625376,Kingfisher Jumbo Crab Meat in Brine,G,false,1662,https://ecom-su-static-prod.wtrecom.com/images/products/3/LN_625376_BP_3.jpg,https://www.waitrose.com/ecom/products/kingfisher-jumbo-crab-meat-in-brine/625376-88737-88738,Kingfisher Jumbo Crab Meat in Brine,drained 105g,£4.00,£3.81/100g,,Food Cupboard
713883,Sacla' Fiery Chilli Pesto,G,true,1663,https://ecom-su-static-prod.wtrecom.com/images/products/3/LN_713883_BP_3.jpg,https://www.waitrose.com/ecom/products/sacla-fiery-chilli-pesto/713883-762110-762111,Sacla' Fiery Chilli Pesto,190g,£2.50,£1.32/100g,save £1.00. Was £3.50,Food Cupboard
583317,Ryvita Crackerbread Wholegrain Crackers,G,false,1664,https://ecom-su-static-prod.wtrecom.com/images/products/3/LN_583317_BP_3.jpg,https://www.waitrose.com/ecom/products/ryvita-crackerbread-wholegrain-crackers/583317-82693-82694,Ryvita Crackerbread Wholegrain Crackers,125g,£1.70,£1.36/100g,,Food Cupboard
876649,Duchy Organic Ground Cinnamon,G,false,1665,https://ecom-su-static-prod.wtrecom.com/images/products/3/LN_876649_BP_3.jpg,https://www.waitrose.com/ecom/products/duchy-organic-ground-cinnamon/876649-785272-785273,Duchy Organic Ground Cinnamon,33g,£1.95,59.1p/10g,,Food Cupboard
847976,Cooks' Ingredients Mild Chilli Powder,G,true,1666,https://ecom-su-static-prod.wtrecom.com/images/products/3/LN_847976_BP_3.jpg,https://www.waitrose.com/ecom/products/cooks-ingredients-mild-chilli-powder/847976-785216-785217,Cooks' Ingredients Mild Chilli Powder,40g,£1.60,40p/10g,Add 2 for £2.75,Food Cupboard
006722,Waitrose Cape Raisins,G,false,1667,https://ecom-su-static-prod.wtrecom.com/images/products/3/LN_006722_BP_3.jpg,https://www.waitrose.com/ecom/products/waitrose-cape-raisins/006722-2993-2994,Waitrose Cape Raisins,500g,£3.50,£7/kg,,Food Cupboard
778373,Waitrose 8 Belgian White Chocolate Cookies,G,false,1668,https://ecom-su-static-prod.wtrecom.com/images/products/3/LN_778373_BP_3.jpg,https://www.waitrose.com/ecom/products/waitrose-8-belgian-white-chocolate-cookies/778373-229351-229352,Waitrose 8 Belgian White Chocolate Cookies,200g,£2.30,£1.15/100g,,Food Cupboard
573086,MOMA Golden Syrup Jumbo Oat Porridge Pot Gluten Free,G,true,1669,https://ecom-su-static-prod.wtrecom.com/images/products/3/LN_573086_BP_3.jpg,https://www.waitrose.com/ecom/products/moma-golden-syrup-jumbo-oat-porridge-pot-gluten-free/573086-300861-300862,MOMA Golden Syrup Jumbo Oat Porridge Pot Gluten Free,70g,£1.35,£1.93/100g,Add 4 for £4,Food Cupboard
029450,Baxters Scotch Broth,G,false,1670,https://ecom-su-static-prod.wtrecom.com/images/products/3/LN_029450_BP_3.jpg,https://www.waitrose.com/ecom/products/baxters-scotch-broth/029450-14405-14406,Baxters Scotch Broth,400g,£2.00,50p/100g,,Food Cupboard
795920,Cooks' Ingredients Rosemary,G,true,1671,https://ecom-su-static-prod.wtrecom.com/images/products/3/LN_795920_BP_3.jpg,https://www.waitrose.com/ecom/products/cooks-ingredients-rosemary/795920-785132-785133,Cooks' Ingredients Rosemary,22g,£1.60,72.7p/10g,Add 2 for £2.75,Food Cupboard
411691,Waitrose Free From Gluten Muesli,G,false,1672,https://ecom-su-static-prod.wtrecom.com/images/products/3/LN_411691_BP_3.jpg,https://www.waitrose.com/ecom/products/waitrose-free-from-gluten-muesli/411691-174476-174477,Waitrose Free From Gluten Muesli,500g,£3.75,75p/100g,,Food Cupboard
817839,Lotus Biscoff Smooth Spread,G,true,1673,https://ecom-su-static-prod.wtrecom.com/images/products/3/LN_817839_BP_3.jpg,https://www.waitrose.com/ecom/products/lotus-biscoff-smooth-spread/817839-231163-231164,Lotus Biscoff Smooth Spread,400g,£2.60,65p/100g,save 60p. Was £3.20,Food Cupboard
739955,Cadbury Bournville Giant Buttons Chocolate Bag,G,false,1674,https://ecom-su-static-prod.wtrecom.com/images/products/3/LN_739955_BP_3.jpg,https://www.waitrose.com/ecom/products/cadbury-bournville-giant-buttons-chocolate-bag/739955-689476-689477,Cadbury Bournville Giant Buttons Chocolate Bag,110g,£1.90,£1.73/100g,,Food Cupboard
782991,Squashies Drumstick Original,G,false,1675,https://ecom-su-static-prod.wtrecom.com/images/products/3/LN_782991_BP_3.jpg,https://www.waitrose.com/ecom/products/squashies-drumstick-original/782991-744659-744660,Squashies Drumstick Original,140g,£1.40,£1/100g,,Food Cupboard
098140,Delouis Fils Mayonnaise,G,false,1676,https://ecom-su-static-prod.wtrecom.com/images/products/3/LN_098140_BP_3.jpg,https://www.waitrose.com/ecom/products/delouis-fils-mayonnaise/098140-50051-50052,Delouis Fils Mayonnaise,250g,£3.30,£1.32/100g,,Food Cupboard
512970,Graze Sticky Toffee Oat Boosts,G,false,1677,https://ecom-su-static-prod.wtrecom.com/images/products/3/LN_512970_BP_3.jpg,https://www.waitrose.com/ecom/products/graze-sticky-toffee-oat-boosts/512970-801806-801807,Graze Sticky Toffee Oat Boosts,4x30g,£2.90,£2.42/100g,,Food Cupboard
523926,Waitrose Scottish Shortbread Selection,G,false,1678,https://ecom-su-static-prod.wtrecom.com/images/products/3/LN_523926_BP_3.jpg,https://www.waitrose.com/ecom/products/waitrose-scottish-shortbread-selection/523926-146459-146459,Waitrose Scottish Shortbread Selection,450g,£5.00,£1.12/100g,,Food Cupboard
753388,Waitrose Carrot & Coriander Soup,G,false,1679,https://ecom-su-static-prod.wtrecom.com/images/products/3/LN_753388_BP_3.jpg,https://www.waitrose.com/ecom/products/waitrose-carrot-coriander-soup/753388-696606-696607,Waitrose Carrot & Coriander Soup,400g,£1.10,27.5p/100g,,Food Cupboard
423260,Tilda Caribbean Rice & Peas,G,true,1680,https://ecom-su-static-prod.wtrecom.com/images/products/3/LN_423260_BP_3.jpg,https://www.waitrose.com/ecom/products/tilda-caribbean-rice-peas/423260-668837-668838,Tilda Caribbean Rice & Peas,250g,£1.00,£4/kg,save 85p. Was £1.85,Food Cupboard
708898,Fox's Viennese Milk Chocolate Dipped Fingers,G,false,1681,https://ecom-su-static-prod.wtrecom.com/images/products/3/LN_708898_BP_3.jpg,https://www.waitrose.com/ecom/products/foxs-viennese-milk-chocolate-dipped-fingers/708898-566579-566580,Fox's Viennese Milk Chocolate Dipped Fingers,105g,£2.10,£2/100g,,Food Cupboard
757184,Duchy Organic Smooth Peanut Butter,G,false,1682,https://ecom-su-static-prod.wtrecom.com/images/products/3/LN_757184_BP_3.jpg,https://www.waitrose.com/ecom/products/duchy-organic-smooth-peanut-butter/757184-752827-752828,Duchy Organic Smooth Peanut Butter,340g,£2.50,73.5p/100g,,Food Cupboard
481968,Waitrose Sardine All'Olio,G,false,1683,https://ecom-su-static-prod.wtrecom.com/images/products/3/LN_481968_BP_3.jpg,https://www.waitrose.com/ecom/products/waitrose-sardine-allolio/481968-747382-747383,Waitrose Sardine All'Olio,drained 84g,£1.50,£1.79/100g,,Food Cupboard
873393,Nature Valley Crunchy Dipped Milk Chocolate,G,false,1684,https://ecom-su-static-prod.wtrecom.com/images/products/3/LN_873393_BP_3.jpg,https://www.waitrose.com/ecom/products/nature-valley-crunchy-dipped-milk-chocolate/873393-786448-786449,Nature Valley Crunchy Dipped Milk Chocolate,8x20g,£3.15,£1.97/100g,,Food Cupboard
529848,Kingfisher Oriental Coconut Milk,G,false,1685,https://ecom-su-static-prod.wtrecom.com/images/products/3/LN_529848_BP_3.jpg,https://www.waitrose.com/ecom/products/kingfisher-oriental-coconut-milk/529848-766856-766857,Kingfisher Oriental Coconut Milk,200ml,£1.25,62.5p/100ml,,Food Cupboard
090428,Duchy Organic Whole Grain Rice,G,false,1686,https://ecom-su-static-prod.wtrecom.com/images/products/3/LN_090428_BP_3.jpg,https://www.waitrose.com/ecom/products/duchy-organic-whole-grain-rice/090428-46577-46578,Duchy Organic Whole Grain Rice,500g,£2.35,£4.70/kg,,Food Cupboard
825588,Nature's Finest Diced Peach in Juice,G,false,1687,https://ecom-su-static-prod.wtrecom.com/images/products/3/LN_825588_BP_3.jpg,https://www.waitrose.com/ecom/products/natures-finest-diced-peach-in-juice/825588-511964-511965,Nature's Finest Diced Peach in Juice,4x120g,£2.50,£5.21/kg,,Food Cupboard
007189,Essential Cider Vinegar,G,false,1688,https://ecom-su-static-prod.wtrecom.com/images/products/3/LN_007189_BP_3.jpg,https://www.waitrose.com/ecom/products/essential-cider-vinegar/007189-3307-3308,Essential Cider Vinegar,500ml,£2.20,44p/100ml,,Food Cupboard
831655,Cooks' Ingredients Teriyaki Sauce,G,false,1689,https://ecom-su-static-prod.wtrecom.com/images/products/3/LN_831655_BP_3.jpg,https://www.waitrose.com/ecom/products/cooks-ingredients-teriyaki-sauce/831655-767213-767214,Cooks' Ingredients Teriyaki Sauce,150ml,£2.00,£1.34/100ml,,Food Cupboard
895684,Lu Le Petit Citron Lemon Soft Bakes,G,false,1690,https://ecom-su-static-prod.wtrecom.com/images/products/3/LN_895684_BP_3.jpg,https://www.waitrose.com/ecom/products/lu-le-petit-citron-lemon-soft-bakes/895684-804282-804283,Lu Le Petit Citron Lemon Soft Bakes,140g,£1.80,£1.29/100g,,Food Cupboard
772819,Urban Fruit No Added Sugar Baked Pineapple,G,true,1691,https://ecom-su-static-prod.wtrecom.com/images/products/3/LN_772819_BP_3.jpg,https://www.waitrose.com/ecom/products/urban-fruit-no-added-sugar-baked-pineapple/772819-271452-271453,Urban Fruit No Added Sugar Baked Pineapple,100g,£2.75,£2.75/100g,Add 2 for £4.20,Food Cupboard
081451,Waitrose Green Olives Garlic Purée,G,true,1692,https://ecom-su-static-prod.wtrecom.com/images/products/3/LN_081451_BP_3.jpg,https://www.waitrose.com/ecom/products/waitrose-green-olives-garlic-puree/081451-41442-41443,Waitrose Green Olives Garlic Purée,drained 85g,£1.00,£1.18/100g,save 30p. Was £1.30,Food Cupboard
744665,Tim Tam Chewy Caramel Biscuits,G,false,1693,https://ecom-su-static-prod.wtrecom.com/images/products/3/LN_744665_BP_3.jpg,https://www.waitrose.com/ecom/products/tim-tam-chewy-caramel-biscuits/744665-823076-823077,Tim Tam Chewy Caramel Biscuits,175g,£2.50,£1.43/100g,,Food Cupboard
869931,Nissin Soba Classic Cup Noodles,G,true,1694,https://ecom-su-static-prod.wtrecom.com/images/products/3/LN_869931_BP_3.jpg,https://www.waitrose.com/ecom/products/nissin-soba-classic-cup-noodles/869931-696682-696683,Nissin Soba Classic Cup Noodles,90g,£1.60,£1.78/100g,20% Off. Was £2.00,Food Cupboard
823741,ManiLife Deep Roast Crunchy Peanut Butter,G,true,1695,https://ecom-su-static-prod.wtrecom.com/images/products/3/LN_823741_BP_3.jpg,https://www.waitrose.com/ecom/products/manilife-deep-roast-crunchy-peanut-butter/823741-697208-697209,ManiLife Deep Roast Crunchy Peanut Butter,275g,£3.00,£1.10/100g,save £1.00. Was £4.00,Food Cupboard
087725,Crespo Pitted Dry Black Olives,G,false,1696,https://ecom-su-static-prod.wtrecom.com/images/products/3/LN_087725_BP_3.jpg,https://www.waitrose.com/ecom/products/crespo-pitted-dry-black-olives/087725-44860-44861,Crespo Pitted Dry Black Olives,110g,£2.80,£2.55/100g,,Food Cupboard
730705,Paxo Sage & Onion Stuffing Mix,G,false,1697,https://ecom-su-static-prod.wtrecom.com/images/products/3/LN_730705_BP_3.jpg,https://www.waitrose.com/ecom/products/paxo-sage-onion-stuffing-mix/730705-711240-711241,Paxo Sage & Onion Stuffing Mix,340g,£3.50,£10.30/kg,,Food Cupboard
449437,Tilda Mushroom Basmati Rice,G,true,1698,https://ecom-su-static-prod.wtrecom.com/images/products/3/LN_449437_BP_3.jpg,https://www.waitrose.com/ecom/products/tilda-mushroom-basmati-rice/449437-63306-63307,Tilda Mushroom Basmati Rice,250g,£1.00,£4/kg,save 85p. Was £1.85,Food Cupboard
845674,Forest Feast Dark Chocolate Sour Cherries,G,false,1699,https://ecom-su-static-prod.wtrecom.com/images/products/3/LN_845674_BP_3.jpg,https://www.waitrose.com/ecom/products/forest-feast-dark-chocolate-sour-cherries/845674-759232-759233,Forest Feast Dark Chocolate Sour Cherries,120g,£3.85,£3.21/100g,,Food Cupboard
557070,Manomasa Pineapple & Habanero Chilli,G,false,1700,https://ecom-su-static-prod.wtrecom.com/images/products/3/LN_557070_BP_3.jpg,https://www.waitrose.com/ecom/products/manomasa-pineapple-habanero-chilli/557070-803867-803868,Manomasa Pineapple & Habanero Chilli,140g,£2.30,£1.65/100g,,Food Cupboard
061170,"Dorset Cereals Fruit,Nut & Seed Muesli Cereal",G,false,1701,https://ecom-su-static-prod.wtrecom.com/images/products/3/LN_061170_BP_3.jpg,https://www.waitrose.com/ecom/products/dorset-cereals-fruit-nut-seed-muesli-cereal/061170-30942-30943,"Dorset Cereals Fruit,Nut & Seed Muesli Cereal",600g,£4.20,70p/100g,,Food Cupboard
721936,Cooks' Ingredients Blush Himalayan Salt,G,false,1702,https://ecom-su-static-prod.wtrecom.com/images/products/3/LN_721936_BP_3.jpg,https://www.waitrose.com/ecom/products/cooks-ingredients-blush-himalayan-salt/721936-672813-672814,Cooks' Ingredients Blush Himalayan Salt,95g,£3.00,£31.58/kg,,Food Cupboard
019619,Essential Baby Carrots in Water,G,false,1703,https://ecom-su-static-prod.wtrecom.com/images/products/3/LN_019619_BP_3.jpg,https://www.waitrose.com/ecom/products/essential-baby-carrots-in-water/019619-9526-9527,Essential Baby Carrots in Water,drained 265g,85p,£3.21/kg,,Food Cupboard
518142,Waitrose Bircher Muesli,G,false,1704,https://ecom-su-static-prod.wtrecom.com/images/products/3/LN_518142_BP_3.jpg,https://www.waitrose.com/ecom/products/waitrose-bircher-muesli/518142-136333-136334,Waitrose Bircher Muesli,750g,£4.00,53.3p/100g,,Food Cupboard
890642,nakd. Salted Caramel Fruit & Nut Bars Multipack,G,false,1705,https://ecom-su-static-prod.wtrecom.com/images/products/3/LN_890642_BP_3.jpg,https://www.waitrose.com/ecom/products/nakd-salted-caramel-fruit-nut-bars-multipack/890642-684489-684490,nakd. Salted Caramel Fruit & Nut Bars Multipack,4x35g,£3.15,£2.25/100g,,Food Cupboard
029467,Baxters Vegetarian Soup Carrot & Butterbean,G,false,1706,https://ecom-su-static-prod.wtrecom.com/images/products/3/LN_029467_BP_3.jpg,https://www.waitrose.com/ecom/products/baxters-vegetarian-soup-carrot-butterbean/029467-14419-14420,Baxters Vegetarian Soup Carrot & Butterbean,400g,£2.10,52.5p/100g,,Food Cupboard
492189,Bomba! Tomato Purée,G,false,1707,https://ecom-su-static-prod.wtrecom.com/images/products/3/LN_492189_BP_3.jpg,https://www.waitrose.com/ecom/products/bomba-tomato-puree/492189-255512-255513,Bomba! Tomato Purée,200g,£2.20,£11/kg,,Food Cupboard
802277,Belazu Beldi Preserved Lemons,G,false,1708,https://ecom-su-static-prod.wtrecom.com/images/products/3/LN_802277_BP_3.jpg,https://www.waitrose.com/ecom/products/belazu-beldi-preserved-lemons/802277-281003-281004,Belazu Beldi Preserved Lemons,360g,£3.25,£1.63/100g,,Food Cupboard
422425,Jordans Crunchy Oat Tropical Fruits Granola,G,false,1709,https://ecom-su-static-prod.wtrecom.com/images/products/3/LN_422425_BP_3.jpg,https://www.waitrose.com/ecom/products/jordans-crunchy-oat-tropical-fruits-granola/422425-59412-59413,Jordans Crunchy Oat Tropical Fruits Granola,750g,£3.80,50.7p/100g,,Food Cupboard
572271,itsu Yoghurt Rice Cakes,G,false,1710,https://ecom-su-static-prod.wtrecom.com/images/products/3/LN_572271_BP_3.jpg,https://www.waitrose.com/ecom/products/itsu-yoghurt-rice-cakes/572271-579942-579943,itsu Yoghurt Rice Cakes,100g,£2.00,£2/100g,,Food Cupboard
421084,Marmite Yeast Extract Reduced Salt Spread,G,false,1711,https://ecom-su-static-prod.wtrecom.com/images/products/3/LN_421084_BP_3.jpg,https://www.waitrose.com/ecom/products/marmite-yeast-extract-reduced-salt-spread/421084-662424-662425,Marmite Yeast Extract Reduced Salt Spread,250g,£3.35,£1.34/100g,,Food Cupboard
844065,ManiLife Original Roast Crunchy Peanut Butter,G,true,1712,https://ecom-su-static-prod.wtrecom.com/images/products/3/LN_844065_BP_3.jpg,https://www.waitrose.com/ecom/products/manilife-original-roast-crunchy-peanut-butter/844065-697258-697259,ManiLife Original Roast Crunchy Peanut Butter,275g,£3.00,£1.10/100g,save £1.00. Was £4.00,Food Cupboard
605429,Cooks' Ingredients Parsley,G,false,1713,https://ecom-su-static-prod.wtrecom.com/images/products/3/LN_605429_BP_3.jpg,https://www.waitrose.com/ecom/products/cooks-ingredients-parsley/605429-784968-784969,Cooks' Ingredients Parsley,10g,£1.60,£1.60/10g,,Food Cupboard
068280,Doves Farm Quick Yeast,G,false,1714,https://ecom-su-static-prod.wtrecom.com/images/products/3/LN_068280_BP_3.jpg,https://www.waitrose.com/ecom/products/doves-farm-quick-yeast/068280-34661-34662,Doves Farm Quick Yeast,125g,£1.80,£14.40/kg,,Food Cupboard
064481,Freee Farm Free From Gluten Plain White Flour,G,false,1715,https://ecom-su-static-prod.wtrecom.com/images/products/3/LN_064481_BP_3.jpg,https://www.waitrose.com/ecom/products/freee-farm-free-from-gluten-plain-white-flour/064481-32732-32733,Freee Farm Free From Gluten Plain White Flour,1kg,£2.00,£2/kg,,Food Cupboard
061889,Essential Semolina,G,false,1716,https://ecom-su-static-prod.wtrecom.com/images/products/3/LN_061889_BP_3.jpg,https://www.waitrose.com/ecom/products/essential-semolina/061889-31369-31370,Essential Semolina,500g,£1.50,£3/kg,,Food Cupboard
017456,Waitrose Basmati Aromatic Rice,G,false,1717,https://ecom-su-static-prod.wtrecom.com/images/products/3/LN_017456_BP_3.jpg,https://www.waitrose.com/ecom/products/waitrose-basmati-aromatic-rice/017456-8458-8459,Waitrose Basmati Aromatic Rice,1kg,£3.75,£3.75/kg,,Food Cupboard
494695,Plants By Deliciously Ella Green Basil Vegan Pesto With Tofu,G,true,1718,https://ecom-su-static-prod.wtrecom.com/images/products/3/LN_494695_BP_3.jpg,https://www.waitrose.com/ecom/products/plants-by-deliciously-ella-green-basil-vegan-pesto-with-tofu/494695-802533-802534,Plants By Deliciously Ella Green Basil Vegan Pesto With Tofu,180g,£2.40,£1.34/100g,20% Off. Was £3.00,Food Cupboard
785853,Essential Squeezy Mayonnaise,G,false,1719,https://ecom-su-static-prod.wtrecom.com/images/products/3/LN_785853_BP_3.jpg,https://www.waitrose.com/ecom/products/essential-squeezy-mayonnaise/785853-203310-203311,Essential Squeezy Mayonnaise,500ml,£1.40,,,Food Cupboard
462830,Waitrose Creamy Parsnip Soup,G,false,1720,https://ecom-su-static-prod.wtrecom.com/images/products/3/LN_462830_BP_3.jpg,https://www.waitrose.com/ecom/products/waitrose-creamy-parsnip-soup/462830-696486-696487,Waitrose Creamy Parsnip Soup,400g,£1.10,27.5p/100g,,Food Cupboard
413573,Waitrose Essential Dry Roast Peanuts,G,false,1721,https://ecom-su-static-prod.wtrecom.com/images/products/3/LN_413573_BP_3.jpg,https://www.waitrose.com/ecom/products/waitrose-essential-dry-roast-peanuts/413573-782777-782778,Waitrose Essential Dry Roast Peanuts,200g,£1.20,60p/100g,,Food Cupboard
019835,Green Giant Sweetcorn,G,false,1722,https://ecom-su-static-prod.wtrecom.com/images/products/3/LN_019835_BP_3.jpg,https://www.waitrose.com/ecom/products/green-giant-sweetcorn/019835-9664-9665,Green Giant Sweetcorn,drained 285g,£1.30,£4.57/kg,,Food Cupboard
595862,Lindt Lindor Milk,G,false,1723,https://ecom-su-static-prod.wtrecom.com/images/products/3/LN_595862_BP_3.jpg,https://www.waitrose.com/ecom/products/lindt-lindor-milk/595862-131984-131985,Lindt Lindor Milk,100g,£2.50,£2.50/100g,,Food Cupboard
863815,John West Sardines in Olive Oil,G,false,1724,https://ecom-su-static-prod.wtrecom.com/images/products/3/LN_863815_BP_3.jpg,https://www.waitrose.com/ecom/products/john-west-sardines-in-olive-oil/863815-150017-150018,John West Sardines in Olive Oil,drained 90g,£1.25,£1.39/100g,,Food Cupboard
761031,Fullgreen Riced Cauliflower & Broccoli,G,true,1725,https://ecom-su-static-prod.wtrecom.com/images/products/3/LN_761031_BP_3.jpg,https://www.waitrose.com/ecom/products/fullgreen-riced-cauliflower-broccoli/761031-805819-805820,Fullgreen Riced Cauliflower & Broccoli,200g,£2.10,£1.05/100g,Add 2 for £3,Food Cupboard
799397,No.1 Dominican Republic Dark Chocolate 65%,G,false,1726,https://ecom-su-static-prod.wtrecom.com/images/products/3/LN_799397_BP_3.jpg,https://www.waitrose.com/ecom/products/no1-dominican-republic-dark-chocolate-65/799397-706942-706943,No.1 Dominican Republic Dark Chocolate 65%,100g,£2.25,£2.25/100g,,Food Cupboard
574132,HP Brown Sauce Large Bottle,G,false,1727,https://ecom-su-static-prod.wtrecom.com/images/products/3/LN_574132_BP_3.jpg,https://www.waitrose.com/ecom/products/hp-brown-sauce-large-bottle/574132-343140-343141,HP Brown Sauce Large Bottle,600g,£4.10,68.3p/100g,,Food Cupboard
834917,Doves Farm Bicarbonate of Soda,G,true,1728,https://ecom-su-static-prod.wtrecom.com/images/products/3/LN_834917_BP_3.jpg,https://www.waitrose.com/ecom/products/doves-farm-bicarbonate-of-soda/834917-806402-806403,Doves Farm Bicarbonate of Soda,200g,£1.25,£6.25/kg,25% Off. Was £1.70,Food Cupboard
004314,Wilkin & Sons Ltd Tiptree Strawberry Conserve,G,false,1729,https://ecom-su-static-prod.wtrecom.com/images/products/3/LN_004314_BP_3.jpg,https://www.waitrose.com/ecom/products/wilkin-sons-ltd-tiptree-strawberry-conserve/004314-1767-1768,Wilkin & Sons Ltd Tiptree Strawberry Conserve,340g,£3.50,£1.03/100g,,Food Cupboard
678406,Mutti San Marzano Tomatoes,G,false,1730,https://ecom-su-static-prod.wtrecom.com/images/products/3/LN_678406_BP_3.jpg,https://www.waitrose.com/ecom/products/mutti-san-marzano-tomatoes/678406-730776-730777,Mutti San Marzano Tomatoes,drained 260g,£3.25,£12.50/kg,,Food Cupboard
034504,Heinz Salad Cream Original,G,false,1731,https://ecom-su-static-prod.wtrecom.com/images/products/3/LN_034504_BP_3.jpg,https://www.waitrose.com/ecom/products/heinz-salad-cream-original/034504-17331-17332,Heinz Salad Cream Original,285g,£2.30,80.7p/100g,,Food Cupboard
038533,"Waitrose Brown Basmati, Red Camargue & Rice",G,false,1732,https://ecom-su-static-prod.wtrecom.com/images/products/3/LN_038533_BP_3.jpg,https://www.waitrose.com/ecom/products/waitrose-brown-basmati-red-camargue-rice/038533-19195-19196,"Waitrose Brown Basmati, Red Camargue & Rice",500g,£2.40,£4.80/kg,,Food Cupboard
761069,"Kit Kat 2 Finger Dark Mint Chocolate Biscuit Bars Multipack, 9 Pack",G,true,1733,https://ecom-su-static-prod.wtrecom.com/images/products/3/LN_761069_BP_3.jpg,https://www.waitrose.com/ecom/products/kit-kat-2-finger-dark-mint-chocolate-biscuit-bars-multipack-9-pack/761069-511924-511925,"Kit Kat 2 Finger Dark Mint Chocolate Biscuit Bars Multipack, 9 Pack",9x20.7g,£1.60,85.9p/100g,20% Off. Was £2.00,Food Cupboard
657784,Kallo 8 Beef Stock Cubes,G,false,1734,https://ecom-su-static-prod.wtrecom.com/images/products/3/LN_657784_BP_3.jpg,https://www.waitrose.com/ecom/products/kallo-8-beef-stock-cubes/657784-305049-305050,Kallo 8 Beef Stock Cubes,88g,£2.00,£2.28/100g,,Food Cupboard
761056,Fox's Fabulous Triple Chocolate Cookies,G,true,1735,https://ecom-su-static-prod.wtrecom.com/images/products/3/LN_761056_BP_3.jpg,https://www.waitrose.com/ecom/products/foxs-fabulous-triple-chocolate-cookies/761056-437758-437759,Fox's Fabulous Triple Chocolate Cookies,180g,£1.25,69.4p/100g,save 85p. Was £2.10,Food Cupboard
496765,Cooks' Ingredients Italian Seasoning,G,false,1736,https://ecom-su-static-prod.wtrecom.com/images/products/3/LN_496765_BP_3.jpg,https://www.waitrose.com/ecom/products/cooks-ingredients-italian-seasoning/496765-807579-807580,Cooks' Ingredients Italian Seasoning,30g,£1.70,56.7p/10g,,Food Cupboard
418794,Belazu Tahini,G,false,1737,https://ecom-su-static-prod.wtrecom.com/images/products/3/LN_418794_BP_3.jpg,https://www.waitrose.com/ecom/products/belazu-tahini/418794-702433-702434,Belazu Tahini,500g,£6.95,£1.39/100g,,Food Cupboard
035124,Nestlé Carnation Light Evaporated Milk,G,false,1738,https://ecom-su-static-prod.wtrecom.com/images/products/3/LN_035124_BP_3.jpg,https://www.waitrose.com/ecom/products/nestle-carnation-light-evaporated-milk/035124-17699-17700,Nestlé Carnation Light Evaporated Milk,410g,£1.75,42.7p/100g,,Food Cupboard
850210,Duchy Organic Whole Halkidiki Olives,G,true,1739,https://ecom-su-static-prod.wtrecom.com/images/products/3/LN_850210_BP_3.jpg,https://www.waitrose.com/ecom/products/duchy-organic-whole-halkidiki-olives/850210-747666-747667,Duchy Organic Whole Halkidiki Olives,drained 165g,£2.40,£1.46/100g,25% Off. Was £3.25,Food Cupboard
894322,Walkers Wotsits Giants Crisps Really Cheesy Sharing Snacks,G,true,1740,https://ecom-su-static-prod.wtrecom.com/images/products/3/LN_894322_BP_3.jpg,https://www.waitrose.com/ecom/products/walkers-wotsits-giants-crisps-really-cheesy-sharing-snacks/894322-728642-728643,Walkers Wotsits Giants Crisps Really Cheesy Sharing Snacks,130g,£1.50,£1.16/100g,save £1.00. Was £2.50,Food Cupboard
745040,Waitrose Whole American Cranberries,G,false,1741,https://ecom-su-static-prod.wtrecom.com/images/products/3/LN_745040_BP_3.jpg,https://www.waitrose.com/ecom/products/waitrose-whole-american-cranberries/745040-331429-331430,Waitrose Whole American Cranberries,200g,£4.00,£20/kg,,Food Cupboard
731446,TREK Salted Caramel Protein Flapjacks Multipack,G,false,1742,https://ecom-su-static-prod.wtrecom.com/images/products/3/LN_731446_BP_3.jpg,https://www.waitrose.com/ecom/products/trek-salted-caramel-protein-flapjacks-multipack/731446-723992-723993,TREK Salted Caramel Protein Flapjacks Multipack,3x50g,£3.00,£2/100g,,Food Cupboard
537053,Waitrose Pennoni Rigati,G,false,1743,https://ecom-su-static-prod.wtrecom.com/images/products/3/LN_537053_BP_3.jpg,https://www.waitrose.com/ecom/products/waitrose-pennoni-rigati/537053-728024-728025,Waitrose Pennoni Rigati,500g,£1.75,£3.50/kg,,Food Cupboard
019709,Waitrose Chopped Tomatoes with Chopped Herbs,G,false,1744,https://ecom-su-static-prod.wtrecom.com/images/products/3/LN_019709_BP_3.jpg,https://www.waitrose.com/ecom/products/waitrose-chopped-tomatoes-with-chopped-herbs/019709-9579-9580,Waitrose Chopped Tomatoes with Chopped Herbs,400g,85p,£2.13/kg,,Food Cupboard
014364,Kellogg's Fruit 'n Fibre Breakfast Cereal,G,false,1745,https://ecom-su-static-prod.wtrecom.com/images/products/3/LN_014364_BP_3.jpg,https://www.waitrose.com/ecom/products/kelloggs-fruit-n-fibre-breakfast-cereal/014364-6898-6899,Kellogg's Fruit 'n Fibre Breakfast Cereal,375g,£2.35,62.7p/100g,,Food Cupboard
881136,BelVita Breakfast Biscuits Golden Oats 5 Pack,G,false,1746,https://ecom-su-static-prod.wtrecom.com/images/products/3/LN_881136_BP_3.jpg,https://www.waitrose.com/ecom/products/belvita-breakfast-biscuits-golden-oats-5-pack/881136-229649-229650,BelVita Breakfast Biscuits Golden Oats 5 Pack,5x45g,£1.25,55.6p/100g,,Food Cupboard
558191,Ritter Sport Whole Hazelnuts,G,false,1747,https://ecom-su-static-prod.wtrecom.com/images/products/3/LN_558191_BP_3.jpg,https://www.waitrose.com/ecom/products/ritter-sport-whole-hazelnuts/558191-589209-589210,Ritter Sport Whole Hazelnuts,100g,£1.85,£1.85/100g,,Food Cupboard
849800,Prewett's Gluten Free Cookies Chocolate + Ginger,G,false,1748,https://ecom-su-static-prod.wtrecom.com/images/products/3/LN_849800_BP_3.jpg,https://www.waitrose.com/ecom/products/prewetts-gluten-free-cookies-chocolate-ginger/849800-450765-450766,Prewett's Gluten Free Cookies Chocolate + Ginger,150g,£3.10,£2.07/100g,,Food Cupboard
517388,Tilda Kids Sunshine Vegetable Rice,G,false,1749,https://ecom-su-static-prod.wtrecom.com/images/products/3/LN_517388_BP_3.jpg,https://www.waitrose.com/ecom/products/tilda-kids-sunshine-vegetable-rice/517388-187391-187392,Tilda Kids Sunshine Vegetable Rice,125g,£1.30,£10.40/kg,,Food Cupboard
734651,Gran Luchito Burrito Wraps,G,false,1750,https://ecom-su-static-prod.wtrecom.com/images/products/3/LN_734651_BP_3.jpg,https://www.waitrose.com/ecom/products/gran-luchito-burrito-wraps/734651-767083-767084,Gran Luchito Burrito Wraps,360g,£2.00,55.6p/100g,,Food Cupboard
861242,Hellmann's Squeezy Real Mayonnaise,G,false,1751,https://ecom-su-static-prod.wtrecom.com/images/products/3/LN_861242_BP_3.jpg,https://www.waitrose.com/ecom/products/hellmanns-squeezy-real-mayonnaise/861242-343692-343693,Hellmann's Squeezy Real Mayonnaise,250ml,£2.15,86p/100ml,,Food Cupboard
431761,Cadbury Dairy Milk Caramel Nibbles Chocolate Bag,G,false,1752,https://ecom-su-static-prod.wtrecom.com/images/products/3/LN_431761_BP_3.jpg,https://www.waitrose.com/ecom/products/cadbury-dairy-milk-caramel-nibbles-chocolate-bag/431761-60731-60732,Cadbury Dairy Milk Caramel Nibbles Chocolate Bag,120g,£1.90,£1.59/100g,,Food Cupboard
781343,Waitrose Toasted Rice and Wheat Flakes,G,false,1753,https://ecom-su-static-prod.wtrecom.com/images/products/3/LN_781343_BP_3.jpg,https://www.waitrose.com/ecom/products/waitrose-toasted-rice-and-wheat-flakes/781343-793574-793575,Waitrose Toasted Rice and Wheat Flakes,500g,£2.00,40p/100g,,Food Cupboard
614354,The Groovy Food Co. Extra Virgin Coconut Oil,G,false,1754,https://ecom-su-static-prod.wtrecom.com/images/products/3/LN_614354_BP_3.jpg,https://www.waitrose.com/ecom/products/the-groovy-food-co-extra-virgin-coconut-oil/614354-211696-211697,The Groovy Food Co. Extra Virgin Coconut Oil,283ml,£4.40,£1.56/100ml,,Food Cupboard
542999,Duchy Organic Spanish Extra Virgin Olive Oil,G,false,1755,https://ecom-su-static-prod.wtrecom.com/images/products/3/LN_542999_BP_3.jpg,https://www.waitrose.com/ecom/products/duchy-organic-spanish-extra-virgin-olive-oil/542999-747422-747423,Duchy Organic Spanish Extra Virgin Olive Oil,500ml,£7.95,£1.59/100ml,,Food Cupboard
093262,Blue Dragon Original Sweet Chilli Sauce,G,false,1756,https://ecom-su-static-prod.wtrecom.com/images/products/3/LN_093262_BP_3.jpg,https://www.waitrose.com/ecom/products/blue-dragon-original-sweet-chilli-sauce/093262-47912-47913,Blue Dragon Original Sweet Chilli Sauce,315g,£3.10,98.4p/100g,,Food Cupboard
538249,Cadbury Dairy Milk Jelly Popping Candy Chocolate Bar,G,false,1757,https://ecom-su-static-prod.wtrecom.com/images/products/3/LN_538249_BP_3.jpg,https://www.waitrose.com/ecom/products/cadbury-dairy-milk-jelly-popping-candy-chocolate-bar/538249-274779-274780,Cadbury Dairy Milk Jelly Popping Candy Chocolate Bar,160g,£2.50,£1.57/100g,,Food Cupboard
833171,Spoon Granola Cinnamon + Pecan,G,true,1758,https://ecom-su-static-prod.wtrecom.com/images/products/3/LN_833171_BP_3.jpg,https://www.waitrose.com/ecom/products/spoon-granola-cinnamon-pecan/833171-566725-566726,Spoon Granola Cinnamon + Pecan,400g,£3.35,83.8p/100g,25% Off. Was £4.50,Food Cupboard
651711,No.1 Milk Chocolate with Feuilletine & Salt,G,false,1759,https://ecom-su-static-prod.wtrecom.com/images/products/3/LN_651711_BP_3.jpg,https://www.waitrose.com/ecom/products/no1-milk-chocolate-with-feuilletine-salt/651711-706934-706935,No.1 Milk Chocolate with Feuilletine & Salt,100g,£2.25,£2.25/100g,,Food Cupboard
462380,McCoy's Ridge Cut Cheddar & Onion,G,true,1760,https://ecom-su-static-prod.wtrecom.com/images/products/3/LN_462380_BP_3.jpg,https://www.waitrose.com/ecom/products/mccoys-ridge-cut-cheddar-onion/462380-162402-162403,McCoy's Ridge Cut Cheddar & Onion,6x25g,£1.75,£1.17/100g,save 60p. Was £2.35,Food Cupboard
683861,Flora Sunflower Oil,G,false,1761,https://ecom-su-static-prod.wtrecom.com/images/products/3/LN_683861_BP_3.jpg,https://www.waitrose.com/ecom/products/flora-sunflower-oil/683861-771909-771910,Flora Sunflower Oil,2litre,£6.75,33.8p/100ml,,Food Cupboard
794247,Waitrose Multigrain Red Berries Porridge Pot,G,false,1762,https://ecom-su-static-prod.wtrecom.com/images/products/3/LN_794247_BP_3.jpg,https://www.waitrose.com/ecom/products/waitrose-multigrain-red-berries-porridge-pot/794247-479605-479606,Waitrose Multigrain Red Berries Porridge Pot,70g,75p,£1.08/100g,,Food Cupboard
420305,Angel Delight Butterscotch Flavour,G,false,1763,https://ecom-su-static-prod.wtrecom.com/images/products/3/LN_420305_BP_3.jpg,https://www.waitrose.com/ecom/products/angel-delight-butterscotch-flavour/420305-535118-535119,Angel Delight Butterscotch Flavour,59g,95p,£1.62/100g,,Food Cupboard
460688,Waitrose Orange Truffle Filled Chocolate,G,false,1764,https://ecom-su-static-prod.wtrecom.com/images/products/3/LN_460688_BP_3.jpg,https://www.waitrose.com/ecom/products/waitrose-orange-truffle-filled-chocolate/460688-759010-759011,Waitrose Orange Truffle Filled Chocolate,90g,£2.00,£2.23/100g,,Food Cupboard
002233,Waitrose Love Life Red Camargue & Wild Rice,G,false,1765,https://ecom-su-static-prod.wtrecom.com/images/products/3/LN_002233_BP_3.jpg,https://www.waitrose.com/ecom/products/waitrose-love-life-red-camargue-wild-rice/002233-688-689,Waitrose Love Life Red Camargue & Wild Rice,500g,£2.40,£4.80/kg,,Food Cupboard
403014,Cadbury Dairy Milk Fruit & Nut Chocolate Bar,G,true,1766,https://ecom-su-static-prod.wtrecom.com/images/products/3/LN_403014_BP_3.jpg,https://www.waitrose.com/ecom/products/cadbury-dairy-milk-fruit-nut-chocolate-bar/403014-151727-151728,Cadbury Dairy Milk Fruit & Nut Chocolate Bar,110g,£1.50,£1.37/100g,save 25p. Was £1.75,Food Cupboard
811721,Waitrose Berry Granola,G,false,1767,https://ecom-su-static-prod.wtrecom.com/images/products/3/LN_811721_BP_3.jpg,https://www.waitrose.com/ecom/products/waitrose-berry-granola/811721-772666-772667,Waitrose Berry Granola,1Kg,£2.85,28.5p/100g,,Food Cupboard
671189,The Paleo Foods Co Grain-Free Pecan & Almond,G,true,1768,https://ecom-su-static-prod.wtrecom.com/images/products/3/LN_671189_BP_3.jpg,https://www.waitrose.com/ecom/products/the-paleo-foods-co-grain-free-pecan-almond/671189-442946-442947,The Paleo Foods Co Grain-Free Pecan & Almond,285g,£3.60,£1.27/100g,20% Off. Was £4.50,Food Cupboard
019112,Heinz Spaghetti in Tomato Sauce,G,true,1769,https://ecom-su-static-prod.wtrecom.com/images/products/3/LN_019112_BP_3.jpg,https://www.waitrose.com/ecom/products/heinz-spaghetti-in-tomato-sauce/019112-9235-9236,Heinz Spaghetti in Tomato Sauce,400g,£1.25,£3.13/kg,Add 2 for £1.75,Food Cupboard
424592,Cooks' Ingredients White Chocolate Chips,G,false,1770,https://ecom-su-static-prod.wtrecom.com/images/products/3/LN_424592_BP_3.jpg,https://www.waitrose.com/ecom/products/cooks-ingredients-white-chocolate-chips/424592-672237-672238,Cooks' Ingredients White Chocolate Chips,100g,£1.50,£1.50/100g,,Food Cupboard
020980,Bonne Maman Cherry Compote,G,true,1771,https://ecom-su-static-prod.wtrecom.com/images/products/3/LN_020980_BP_3.jpg,https://www.waitrose.com/ecom/products/bonne-maman-cherry-compote/020980-10207-10208,Bonne Maman Cherry Compote,600g,£3.40,56.7p/100g,save £1.30. Was £4.70,Food Cupboard
500998,Kellogg's Frosties Breakfast Cereal Large Pack,G,false,1772,https://ecom-su-static-prod.wtrecom.com/images/products/3/LN_500998_BP_3.jpg,https://www.waitrose.com/ecom/products/kelloggs-frosties-breakfast-cereal-large-pack/500998-722826-722827,Kellogg's Frosties Breakfast Cereal Large Pack,925g,£4.75,£5.14/kg,,Food Cupboard
829287,Nairn's Gluten Free Oat & Ginger Biscuit Breaks,G,false,1773,https://ecom-su-static-prod.wtrecom.com/images/products/3/LN_829287_BP_3.jpg,https://www.waitrose.com/ecom/products/nairns-gluten-free-oat-ginger-biscuit-breaks/829287-450726-450727,Nairn's Gluten Free Oat & Ginger Biscuit Breaks,160g,£2.10,£1.32/100g,,Food Cupboard
010212,Bahlsen Ohne Gleichen Milk Praline Wafer,G,false,1774,https://ecom-su-static-prod.wtrecom.com/images/products/3/LN_010212_BP_3.jpg,https://www.waitrose.com/ecom/products/bahlsen-ohne-gleichen-milk-praline-wafer/010212-5086-5087,Bahlsen Ohne Gleichen Milk Praline Wafer,125g,£2.00,£1.60/100g,,Food Cupboard
002363,Jacob's TUC Cheese Sandwich Snack Crackers,G,false,1775,https://ecom-su-static-prod.wtrecom.com/images/products/3/LN_002363_BP_3.jpg,https://www.waitrose.com/ecom/products/jacobs-tuc-cheese-sandwich-snack-crackers/002363-764-765,Jacob's TUC Cheese Sandwich Snack Crackers,150g,£1.80,£1.20/100g,,Food Cupboard
782926,Fruit Bowl Juicy Yogurt Raisins,G,true,1776,https://ecom-su-static-prod.wtrecom.com/images/products/3/LN_782926_BP_3.jpg,https://www.waitrose.com/ecom/products/fruit-bowl-juicy-yogurt-raisins/782926-666736-666737,Fruit Bowl Juicy Yogurt Raisins,5x21g,£1.75,£1.67/100g,save 60p. Was £2.35,Food Cupboard
681889,ManiLife Deep Roast Smooth Peanut Butter,G,true,1777,https://ecom-su-static-prod.wtrecom.com/images/products/3/LN_681889_BP_3.jpg,https://www.waitrose.com/ecom/products/manilife-deep-roast-smooth-peanut-butter/681889-696997-696998,ManiLife Deep Roast Smooth Peanut Butter,275g,£3.00,£1.10/100g,save £1.00. Was £4.00,Food Cupboard
450636,Heinz Chicken Cup Soup,G,true,1778,https://ecom-su-static-prod.wtrecom.com/images/products/3/LN_450636_BP_3.jpg,https://www.waitrose.com/ecom/products/heinz-chicken-cup-soup/450636-361637-361638,Heinz Chicken Cup Soup,4x17g,£1.50,£2.21/100g,Add 3 for £4,Food Cupboard
826074,Essential MSC Tuna Chunks in Brine,G,false,1779,https://ecom-su-static-prod.wtrecom.com/images/products/3/LN_826074_BP_3.jpg,https://www.waitrose.com/ecom/products/essential-msc-tuna-chunks-in-brine/826074-728774-728775,Essential MSC Tuna Chunks in Brine,drained 112g,£1.25,£1.12/100g,,Food Cupboard
829028,Tracklements Fresh Chilli Jam,G,true,1780,https://ecom-su-static-prod.wtrecom.com/images/products/3/LN_829028_BP_3.jpg,https://www.waitrose.com/ecom/products/tracklements-fresh-chilli-jam/829028-633610-633611,Tracklements Fresh Chilli Jam,210g,£3.10,£1.48/100g,20% Off. Was £3.90,Food Cupboard
567627,itsu Milk Chocolate Rice Cakes,G,false,1781,https://ecom-su-static-prod.wtrecom.com/images/products/3/LN_567627_BP_3.jpg,https://www.waitrose.com/ecom/products/itsu-milk-chocolate-rice-cakes/567627-311201-311202,itsu Milk Chocolate Rice Cakes,100g,£2.00,£2/100g,,Food Cupboard
832994,Waitrose Chicken Consommé Soup,G,false,1782,https://ecom-su-static-prod.wtrecom.com/images/products/3/LN_832994_BP_3.jpg,https://www.waitrose.com/ecom/products/waitrose-chicken-consomme-soup/832994-696664-696665,Waitrose Chicken Consommé Soup,400g,£1.40,35p/100g,,Food Cupboard
405727,Duchy Organic Original Oaten Biscuits,G,false,1783,https://ecom-su-static-prod.wtrecom.com/images/products/3/LN_405727_BP_3.jpg,https://www.waitrose.com/ecom/products/duchy-organic-original-oaten-biscuits/405727-57091-57092,Duchy Organic Original Oaten Biscuits,150g,£2.25,£1.50/100g,,Food Cupboard
840388,Mr Organic Bolognese Pasta Sauce,G,false,1784,https://ecom-su-static-prod.wtrecom.com/images/products/3/LN_840388_BP_3.jpg,https://www.waitrose.com/ecom/products/mr-organic-bolognese-pasta-sauce/840388-600946-600947,Mr Organic Bolognese Pasta Sauce,350g,£3.00,85.7p/100g,,Food Cupboard
004442,Waitrose Blackcurrant Preserve,G,false,1785,https://ecom-su-static-prod.wtrecom.com/images/products/3/LN_004442_BP_3.jpg,https://www.waitrose.com/ecom/products/waitrose-blackcurrant-preserve/004442-1863-1864,Waitrose Blackcurrant Preserve,340g,£2.40,70.6p/100g,,Food Cupboard
524555,Menier Milk Chocolate Drops,G,false,1786,https://ecom-su-static-prod.wtrecom.com/images/products/3/LN_524555_BP_3.jpg,https://www.waitrose.com/ecom/products/menier-milk-chocolate-drops/524555-729922-729923,Menier Milk Chocolate Drops,100g,£2.75,£2.75/100g,,Food Cupboard
406991,Waitrose All Butter Kalamata Olive Twists,G,false,1787,https://ecom-su-static-prod.wtrecom.com/images/products/3/LN_406991_BP_3.jpg,https://www.waitrose.com/ecom/products/waitrose-all-butter-kalamata-olive-twists/406991-57255-57256,Waitrose All Butter Kalamata Olive Twists,125g,£2.25,£1.80/100g,,Food Cupboard
017152,Quaker Oat Crisp Original Cereal,G,true,1788,https://ecom-su-static-prod.wtrecom.com/images/products/3/LN_017152_BP_3.jpg,https://www.waitrose.com/ecom/products/quaker-oat-crisp-original-cereal/017152-8273-8274,Quaker Oat Crisp Original Cereal,375g,£2.25,60p/100g,save 40p. Was £2.65,Food Cupboard
886904,Walkers Wotsits Crunchy Crisps Really Cheesy Sharing Snacks,G,true,1789,https://ecom-su-static-prod.wtrecom.com/images/products/3/LN_886904_BP_3.jpg,https://www.waitrose.com/ecom/products/walkers-wotsits-crunchy-crisps-really-cheesy-sharing-snacks/886904-786472-786473,Walkers Wotsits Crunchy Crisps Really Cheesy Sharing Snacks,140g,£1.50,£1.08/100g,save £1.00. Was £2.50,Food Cupboard
635208,Cooks' Ingredients Chives,G,true,1790,https://ecom-su-static-prod.wtrecom.com/images/products/3/LN_635208_BP_3.jpg,https://www.waitrose.com/ecom/products/cooks-ingredients-chives/635208-784992-784993,Cooks' Ingredients Chives,6.5g,£1.60,£2.47/10g,Add 2 for £2.75,Food Cupboard
604408,Waitrose Wholewheat Bulgur,G,false,1791,https://ecom-su-static-prod.wtrecom.com/images/products/3/LN_604408_BP_3.jpg,https://www.waitrose.com/ecom/products/waitrose-wholewheat-bulgur/604408-371480-371481,Waitrose Wholewheat Bulgur,250g,£1.00,£4/kg,,Food Cupboard
617696,Aero Bubbles Peppermint Mint Chocolate Sharing Bag,G,false,1792,https://ecom-su-static-prod.wtrecom.com/images/products/3/LN_617696_BP_3.jpg,https://www.waitrose.com/ecom/products/aero-bubbles-peppermint-mint-chocolate-sharing-bag/617696-727346-727347,Aero Bubbles Peppermint Mint Chocolate Sharing Bag,92g,£1.85,£2.02/100g,,Food Cupboard
791831,Aunty's Golden Syrup Steamed Puds,G,false,1793,https://ecom-su-static-prod.wtrecom.com/images/products/3/LN_791831_BP_3.jpg,https://www.waitrose.com/ecom/products/auntys-golden-syrup-steamed-puds/791831-112639-112640,Aunty's Golden Syrup Steamed Puds,2x95g,£1.60,84.2p/100g,,Food Cupboard
818911,Nairn's Gluten Free Oaties,G,false,1794,https://ecom-su-static-prod.wtrecom.com/images/products/3/LN_818911_BP_3.jpg,https://www.waitrose.com/ecom/products/nairns-gluten-free-oaties/818911-702070-702071,Nairn's Gluten Free Oaties,160g,£1.50,93.8p/100g,,Food Cupboard
052811,Jus-Rol Shortcrust Puff Pastry Block,G,false,1795,https://ecom-su-static-prod.wtrecom.com/images/products/3/LN_052811_BP_3.jpg,https://www.waitrose.com/ecom/products/jus-rol-shortcrust-puff-pastry-block/052811-26333-26334,Jus-Rol Shortcrust Puff Pastry Block,500g,£1.70,£3.40/kg,,Food Cupboard
878781,Tate & Lyle Fairtrade Light Soft Brown Sugar,G,false,1796,https://ecom-su-static-prod.wtrecom.com/images/products/3/LN_878781_BP_3.jpg,https://www.waitrose.com/ecom/products/tate-lyle-fairtrade-light-soft-brown-sugar/878781-519145-519146,Tate & Lyle Fairtrade Light Soft Brown Sugar,1kg,£2.90,£2.90/kg,,Food Cupboard
695072,St. Dalfour Blueberry Spread,G,false,1797,https://ecom-su-static-prod.wtrecom.com/images/products/3/LN_695072_BP_3.jpg,https://www.waitrose.com/ecom/products/st-dalfour-blueberry-spread/695072-697018-697019,St. Dalfour Blueberry Spread,284g,£2.85,£1.01/100g,,Food Cupboard
633826,Rowse Acacia Honey,G,false,1798,https://ecom-su-static-prod.wtrecom.com/images/products/3/LN_633826_BP_3.jpg,https://www.waitrose.com/ecom/products/rowse-acacia-honey/633826-347788-347789,Rowse Acacia Honey,250g,£3.95,£1.58/100g,,Food Cupboard
882677,Heinz Big Soup Chunky Vegetable,G,true,1799,https://ecom-su-static-prod.wtrecom.com/images/products/3/LN_882677_BP_3.jpg,https://www.waitrose.com/ecom/products/heinz-big-soup-chunky-vegetable/882677-727909-727910,Heinz Big Soup Chunky Vegetable,400g,£2.00,50p/100g,Add 3 for £4.50,Food Cupboard
731525,Waitrose Stem Ginger Crumbly Fudge,G,false,1800,https://ecom-su-static-prod.wtrecom.com/images/products/3/LN_731525_BP_3.jpg,https://www.waitrose.com/ecom/products/waitrose-stem-ginger-crumbly-fudge/731525-662946-662947,Waitrose Stem Ginger Crumbly Fudge,150g,£3.00,£2/100g,,Food Cupboard
634777,BelVita Breakfast Biscuits Honey & Nuts with Choc Chips 5 Pack,G,false,1801,https://ecom-su-static-prod.wtrecom.com/images/products/3/LN_634777_BP_3.jpg,https://www.waitrose.com/ecom/products/belvita-breakfast-biscuits-honey-nuts-with-choc-chips-5-pack/634777-134943-134944,BelVita Breakfast Biscuits Honey & Nuts with Choc Chips 5 Pack,5x45g,£1.25,55.6p/100g,,Food Cupboard
034910,Green Giant No Added Salt Sweetcorn,G,true,1802,https://ecom-su-static-prod.wtrecom.com/images/products/3/LN_034910_BP_3.jpg,https://www.waitrose.com/ecom/products/green-giant-no-added-salt-sweetcorn/034910-17603-17604,Green Giant No Added Salt Sweetcorn,drained 165g,85p,£5.16/kg,save 15p. Was £1.00,Food Cupboard
010173,Kellogg's Crunchy Nut Chocolate Clusters Breakfast Cereal,G,false,1803,https://ecom-su-static-prod.wtrecom.com/images/products/3/LN_010173_BP_3.jpg,https://www.waitrose.com/ecom/products/kelloggs-crunchy-nut-chocolate-clusters-breakfast-cereal/010173-5070-5071,Kellogg's Crunchy Nut Chocolate Clusters Breakfast Cereal,400g,£3.75,93.8p/100g,,Food Cupboard
004443,Waitrose Morello Cherry Preserve,G,false,1804,https://ecom-su-static-prod.wtrecom.com/images/products/3/LN_004443_BP_3.jpg,https://www.waitrose.com/ecom/products/waitrose-morello-cherry-preserve/004443-1865-1866,Waitrose Morello Cherry Preserve,340g,£2.40,70.6p/100g,,Food Cupboard
520168,Waitrose Duchy Organic Pine Kernels,G,false,1805,https://ecom-su-static-prod.wtrecom.com/images/products/3/LN_520168_BP_3.jpg,https://www.waitrose.com/ecom/products/waitrose-duchy-organic-pine-kernels/520168-753759-753760,Waitrose Duchy Organic Pine Kernels,100g,£4.95,£4.95/100g,,Food Cupboard
876333,Waitrose Dried Pitted Dates,G,false,1806,https://ecom-su-static-prod.wtrecom.com/images/products/3/LN_876333_BP_3.jpg,https://www.waitrose.com/ecom/products/waitrose-dried-pitted-dates/876333-783208-783209,Waitrose Dried Pitted Dates,250g,£1.80,72p/100g,,Food Cupboard
002165,McVitie's Thin Arrowroot Biscuits,G,false,1807,https://ecom-su-static-prod.wtrecom.com/images/products/3/LN_002165_BP_3.jpg,https://www.waitrose.com/ecom/products/mcvities-thin-arrowroot-biscuits/002165-624-625,McVitie's Thin Arrowroot Biscuits,200g,£1.70,85p/100g,,Food Cupboard
099295,Waitrose Hot & Spicy Mango Chutney,G,false,1808,https://ecom-su-static-prod.wtrecom.com/images/products/3/LN_099295_BP_3.jpg,https://www.waitrose.com/ecom/products/waitrose-hot-spicy-mango-chutney/099295-50635-50636,Waitrose Hot & Spicy Mango Chutney,320g,£2.00,62.5p/100g,,Food Cupboard
049826,Waitrose Italian 100% Extra Olive Oil,G,false,1809,https://ecom-su-static-prod.wtrecom.com/images/products/3/LN_049826_BP_3.jpg,https://www.waitrose.com/ecom/products/waitrose-italian-100-extra-olive-oil/049826-24805-24806,Waitrose Italian 100% Extra Olive Oil,500ml,£7.75,£1.55/100ml,,Food Cupboard
005815,Bird's Custard Powder,G,false,1810,https://ecom-su-static-prod.wtrecom.com/images/products/3/LN_005815_BP_3.jpg,https://www.waitrose.com/ecom/products/birds-custard-powder/005815-2536-2537,Bird's Custard Powder,350g,£2.00,57.1p/100g,,Food Cupboard
037207,Colman's Chicken Casserole Recipe Mix,G,true,1811,https://ecom-su-static-prod.wtrecom.com/images/products/3/LN_037207_BP_3.jpg,https://www.waitrose.com/ecom/products/colmans-chicken-casserole-recipe-mix/037207-18644-18645,Colman's Chicken Casserole Recipe Mix,40g,£1.00,£2.50/100g,Add 2 for £1.50,Food Cupboard
003641,Waitrose Orchard Fruit & Berries Muesli,G,false,1812,https://ecom-su-static-prod.wtrecom.com/images/products/3/LN_003641_BP_3.jpg,https://www.waitrose.com/ecom/products/waitrose-orchard-fruit-berries-muesli/003641-1497-1498,Waitrose Orchard Fruit & Berries Muesli,1kg,£4.00,40p/100g,,Food Cupboard
469422,Stokes Garlic Mayonnaise,G,false,1813,https://ecom-su-static-prod.wtrecom.com/images/products/3/LN_469422_BP_3.jpg,https://www.waitrose.com/ecom/products/stokes-garlic-mayonnaise/469422-319856-319857,Stokes Garlic Mayonnaise,345g,£3.90,£1.14/100g,,Food Cupboard
868521,Del Monte Peach Slices in Light Syrup,G,false,1814,https://ecom-su-static-prod.wtrecom.com/images/products/3/LN_868521_BP_3.jpg,https://www.waitrose.com/ecom/products/del-monte-peach-slices-in-light-syrup/868521-747638-747639,Del Monte Peach Slices in Light Syrup,227g,£1.00,71.4p/100g,,Food Cupboard
713444,Essential For Meat Gravy Granules,G,false,1815,https://ecom-su-static-prod.wtrecom.com/images/products/3/LN_713444_BP_3.jpg,https://www.waitrose.com/ecom/products/essential-for-meat-gravy-granules/713444-812812-812813,Essential For Meat Gravy Granules,170g,£1.00,58.8p/100g,,Food Cupboard
718178,Belazu Rosemary Nut Mix,G,true,1816,https://ecom-su-static-prod.wtrecom.com/images/products/3/LN_718178_BP_3.jpg,https://www.waitrose.com/ecom/products/belazu-rosemary-nut-mix/718178-778978-778979,Belazu Rosemary Nut Mix,120g,£3.30,£2.75/100g,20% Off. Was £4.15,Food Cupboard
547743,Colman's Original Mustard Powder,G,false,1817,https://ecom-su-static-prod.wtrecom.com/images/products/3/LN_547743_BP_3.jpg,https://www.waitrose.com/ecom/products/colmans-original-mustard-powder/547743-77443-77444,Colman's Original Mustard Powder,57g,£2.45,£4.30/100g,,Food Cupboard
676673,Waitrose Béarnaise Sauce,G,false,1818,https://ecom-su-static-prod.wtrecom.com/images/products/3/LN_676673_BP_3.jpg,https://www.waitrose.com/ecom/products/waitrose-bearnaise-sauce/676673-207101-207102,Waitrose Béarnaise Sauce,190g,£2.30,£1.22/100g,,Food Cupboard
814262,Ritz Crackers Original Mini Crackers Multipack 6 Pack,G,false,1819,https://ecom-su-static-prod.wtrecom.com/images/products/3/LN_814262_BP_3.jpg,https://www.waitrose.com/ecom/products/ritz-crackers-original-mini-crackers-multipack-6-pack/814262-311378-311379,Ritz Crackers Original Mini Crackers Multipack 6 Pack,6x25g,£2.10,£1.40/100g,,Food Cupboard
716742,Ottolenghi Shawarma Marinade,G,false,1820,https://ecom-su-static-prod.wtrecom.com/images/products/3/LN_716742_BP_3.jpg,https://www.waitrose.com/ecom/products/ottolenghi-shawarma-marinade/716742-824857-824858,Ottolenghi Shawarma Marinade,180g,£4.00,£2.23/100g,,Food Cupboard
041514,Jacob's Crackers Biscuits for Cheese Selection,G,false,1821,https://ecom-su-static-prod.wtrecom.com/images/products/3/LN_041514_BP_3.jpg,https://www.waitrose.com/ecom/products/jacobs-crackers-biscuits-for-cheese-selection/041514-20556-20557,Jacob's Crackers Biscuits for Cheese Selection,300g,£4.25,£1.42/100g,,Food Cupboard
726032,Graze Cocoa Orange Oat Boosts,G,false,1822,https://ecom-su-static-prod.wtrecom.com/images/products/3/LN_726032_BP_3.jpg,https://www.waitrose.com/ecom/products/graze-cocoa-orange-oat-boosts/726032-786272-786273,Graze Cocoa Orange Oat Boosts,4x30g,£2.90,£2.42/100g,,Food Cupboard
009071,Smarties Milk Chocolate Tube,G,false,1823,https://ecom-su-static-prod.wtrecom.com/images/products/3/LN_009071_BP_3.jpg,https://www.waitrose.com/ecom/products/smarties-milk-chocolate-tube/009071-4373-4374,Smarties Milk Chocolate Tube,38g,90p,£2.37/100g,,Food Cupboard
006118,Menier Swiss Dark Chocolate,G,false,1824,https://ecom-su-static-prod.wtrecom.com/images/products/3/LN_006118_BP_3.jpg,https://www.waitrose.com/ecom/products/menier-swiss-dark-chocolate/006118-2672-2673,Menier Swiss Dark Chocolate,100g,£2.15,£2.15/100g,,Food Cupboard
878789,Mutti Peeled Tomatoes,G,true,1825,https://ecom-su-static-prod.wtrecom.com/images/products/3/LN_878789_BP_3.jpg,https://www.waitrose.com/ecom/products/mutti-peeled-tomatoes/878789-805847-805848,Mutti Peeled Tomatoes,4x400g,£4.00,25p/100g,save £1.35. Was £5.35,Food Cupboard
715350,Fruit-tella Juicy Chews Bag 170g,G,false,1826,https://ecom-su-static-prod.wtrecom.com/images/products/3/LN_715350_BP_3.jpg,https://www.waitrose.com/ecom/products/fruit-tella-juicy-chews-bag-170g/715350-703159-703160,Fruit-tella Juicy Chews Bag 170g,170g,£1.50,88.2p/100g,,Food Cupboard
561170,BEAR Yo Yos Super Sour Strawberry & Apple,G,true,1827,https://ecom-su-static-prod.wtrecom.com/images/products/3/LN_561170_BP_3.jpg,https://www.waitrose.com/ecom/products/bear-yo-yos-super-sour-strawberry-apple/561170-633428-633429,BEAR Yo Yos Super Sour Strawberry & Apple,5s,£2.00,40p each,save 85p. Was £2.85,Food Cupboard
634482,Weetabix Minis Fruit & Nut,G,false,1828,https://ecom-su-static-prod.wtrecom.com/images/products/3/LN_634482_BP_3.jpg,https://www.waitrose.com/ecom/products/weetabix-minis-fruit-nut/634482-127639-127640,Weetabix Minis Fruit & Nut,500g,£4.00,80p/100g,,Food Cupboard
854308,Ambrosia Deluxe West Country Cream Rice,G,false,1829,https://ecom-su-static-prod.wtrecom.com/images/products/3/LN_854308_BP_3.jpg,https://www.waitrose.com/ecom/products/ambrosia-deluxe-west-country-cream-rice/854308-810828-810829,Ambrosia Deluxe West Country Cream Rice,400g,£2.20,55p/100g,,Food Cupboard
584511,Fry Light Sunflower Oil Spray,G,false,1830,https://ecom-su-static-prod.wtrecom.com/images/products/3/LN_584511_BP_3.jpg,https://www.waitrose.com/ecom/products/fry-light-sunflower-oil-spray/584511-82870-82871,Fry Light Sunflower Oil Spray,190ml,£2.90,£1.53/100ml,,Food Cupboard
081030,Bisto Chicken Gravy Granules,G,false,1831,https://ecom-su-static-prod.wtrecom.com/images/products/3/LN_081030_BP_3.jpg,https://www.waitrose.com/ecom/products/bisto-chicken-gravy-granules/081030-41223-41224,Bisto Chicken Gravy Granules,300g,£4.00,£1.34/100g,,Food Cupboard
810605,Difatti Gluten Free Plain Gnocchi,G,false,1832,https://ecom-su-static-prod.wtrecom.com/images/products/3/LN_810605_BP_3.jpg,https://www.waitrose.com/ecom/products/difatti-gluten-free-plain-gnocchi/810605-600876-600877,Difatti Gluten Free Plain Gnocchi,250g,£2.10,£8.40/kg,,Food Cupboard
561923,Bounce Gluten Free Peanut Protein Ball,G,true,1833,https://ecom-su-static-prod.wtrecom.com/images/products/3/LN_561923_BP_3.jpg,https://www.waitrose.com/ecom/products/bounce-gluten-free-peanut-protein-ball/561923-735784-735785,Bounce Gluten Free Peanut Protein Ball,35g,£1.00,£2.86/100g,save 70p. Was £1.70,Food Cupboard
884579,Cooks' Ingredients Garam Masala,G,true,1834,https://ecom-su-static-prod.wtrecom.com/images/products/3/LN_884579_BP_3.jpg,https://www.waitrose.com/ecom/products/cooks-ingredients-garam-masala/884579-785290-785291,Cooks' Ingredients Garam Masala,38g,£1.60,42.1p/10g,Add 2 for £2.75,Food Cupboard
009028,Waitrose Liquorice Allsorts,G,false,1835,https://ecom-su-static-prod.wtrecom.com/images/products/3/LN_009028_BP_3.jpg,https://www.waitrose.com/ecom/products/waitrose-liquorice-allsorts/009028-4325-4326,Waitrose Liquorice Allsorts,200g,£1.50,75p/100g,,Food Cupboard
750456,Heinz Classic Potato & Leek Soup,G,true,1836,https://ecom-su-static-prod.wtrecom.com/images/products/3/LN_750456_BP_3.jpg,https://www.waitrose.com/ecom/products/heinz-classic-potato-leek-soup/750456-727599-727600,Heinz Classic Potato & Leek Soup,400g,£1.75,43.8p/100g,Add 3 for £4.50,Food Cupboard
771610,The Spice Tailor Tikka Masala,G,true,1837,https://ecom-su-static-prod.wtrecom.com/images/products/3/LN_771610_BP_3.jpg,https://www.waitrose.com/ecom/products/the-spice-tailor-tikka-masala/771610-140568-140569,The Spice Tailor Tikka Masala,300g,£3.75,£1.25/100g,Add 2 for £5,Food Cupboard
588030,Littleover Organic Wildflower Set Honey,G,false,1838,https://ecom-su-static-prod.wtrecom.com/images/products/3/LN_588030_BP_3.jpg,https://www.waitrose.com/ecom/products/littleover-organic-wildflower-set-honey/588030-275915-275916,Littleover Organic Wildflower Set Honey,340g,£4.50,£1.33/100g,,Food Cupboard
695728,Cooks' Ingredients Deep South Cajun Rub,G,false,1839,https://ecom-su-static-prod.wtrecom.com/images/products/3/LN_695728_BP_3.jpg,https://www.waitrose.com/ecom/products/cooks-ingredients-deep-south-cajun-rub/695728-457170-457171,Cooks' Ingredients Deep South Cajun Rub,40g,£2.00,50p/10g,,Food Cupboard
558759,Waitrose Golden Linseed,G,false,1840,https://ecom-su-static-prod.wtrecom.com/images/products/3/LN_558759_BP_3.jpg,https://www.waitrose.com/ecom/products/waitrose-golden-linseed/558759-772515-772516,Waitrose Golden Linseed,375g,£2.50,66.7p/100g,,Food Cupboard
538843,Hellmann's Light Mayonnaise,G,true,1841,https://ecom-su-static-prod.wtrecom.com/images/products/3/LN_538843_BP_3.jpg,https://www.waitrose.com/ecom/products/hellmanns-light-mayonnaise/538843-76222-76223,Hellmann's Light Mayonnaise,800g,£3.00,37.5p/100g,save £1.80. Was £4.80,Food Cupboard
479274,Cooks Ingredients Mini Pink & White Marshmallows,G,false,1842,https://ecom-su-static-prod.wtrecom.com/images/products/3/LN_479274_BP_3.jpg,https://www.waitrose.com/ecom/products/cooks-ingredients-mini-pink-white-marshmallows/479274-816966-816967,Cooks Ingredients Mini Pink & White Marshmallows,150g,£1.70,£11.34/kg,,Food Cupboard
646494,Batchelors 4 Cream of Vegetable Cup a Soup,G,false,1843,https://ecom-su-static-prod.wtrecom.com/images/products/3/LN_646494_BP_3.jpg,https://www.waitrose.com/ecom/products/batchelors-4-cream-of-vegetable-cup-a-soup/646494-662820-662821,Batchelors 4 Cream of Vegetable Cup a Soup,122g,£1.70,£1.40/100g,,Food Cupboard
485902,Waitrose Smoky Chipotle Salsa,G,false,1844,https://ecom-su-static-prod.wtrecom.com/images/products/3/LN_485902_BP_3.jpg,https://www.waitrose.com/ecom/products/waitrose-smoky-chipotle-salsa/485902-766817-766818,Waitrose Smoky Chipotle Salsa,200g,£1.25,62.5p/100g,,Food Cupboard
029768,Baxters Vegetarian Soup Carrot & Coriander,G,false,1845,https://ecom-su-static-prod.wtrecom.com/images/products/3/LN_029768_BP_3.jpg,https://www.waitrose.com/ecom/products/baxters-vegetarian-soup-carrot-coriander/029768-14535-14536,Baxters Vegetarian Soup Carrot & Coriander,400g,£2.10,52.5p/100g,,Food Cupboard
007817,Oxo Beef Stock Cubes 12s,G,false,1846,https://ecom-su-static-prod.wtrecom.com/images/products/3/LN_007817_BP_3.jpg,https://www.waitrose.com/ecom/products/oxo-beef-stock-cubes-12s/007817-3703-3704,Oxo Beef Stock Cubes 12s,71g,£2.50,£3.53/100g,,Food Cupboard
661791,Graze Honey Oat Boosts,G,false,1847,https://ecom-su-static-prod.wtrecom.com/images/products/3/LN_661791_BP_3.jpg,https://www.waitrose.com/ecom/products/graze-honey-oat-boosts/661791-589329-589330,Graze Honey Oat Boosts,4x30g,£2.90,£2.42/100g,,Food Cupboard
009826,Elizabeth Shaw Dark Chocolate Mint Crisp,G,true,1848,https://ecom-su-static-prod.wtrecom.com/images/products/3/LN_009826_BP_3.jpg,https://www.waitrose.com/ecom/products/elizabeth-shaw-dark-chocolate-mint-crisp/009826-4868-4869,Elizabeth Shaw Dark Chocolate Mint Crisp,162g,£2.90,£1.80/100g,20% Off. Was £3.65,Food Cupboard
808772,Jordans Super Fruity Granola Breakfast Cereal,G,true,1849,https://ecom-su-static-prod.wtrecom.com/images/products/3/LN_808772_BP_3.jpg,https://www.waitrose.com/ecom/products/jordans-super-fruity-granola-breakfast-cereal/808772-806396-806397,Jordans Super Fruity Granola Breakfast Cereal,500g,£2.65,53p/100g,save £1.35. Was £4.00,Food Cupboard
777376,Old El Paso Extra Mild Fajitas,G,true,1850,https://ecom-su-static-prod.wtrecom.com/images/products/3/LN_777376_BP_3.jpg,https://www.waitrose.com/ecom/products/old-el-paso-extra-mild-fajitas/777376-110570-110571,Old El Paso Extra Mild Fajitas,476g,£3.00,63p/100g,save £1.00. Was £4.00,Food Cupboard
449756,Lusso Vita Anchovy Fillets in Olive Oil,G,false,1851,https://ecom-su-static-prod.wtrecom.com/images/products/3/LN_449756_BP_3.jpg,https://www.waitrose.com/ecom/products/lusso-vita-anchovy-fillets-in-olive-oil/449756-287906-287907,Lusso Vita Anchovy Fillets in Olive Oil,drained 52g,£2.95,£5.68/100g,,Food Cupboard
842556,Waitrose Paglia e Fieno Nests,G,false,1852,https://ecom-su-static-prod.wtrecom.com/images/products/3/LN_842556_BP_3.jpg,https://www.waitrose.com/ecom/products/waitrose-paglia-e-fieno-nests/842556-728064-728065,Waitrose Paglia e Fieno Nests,500g,£1.75,£3.50/kg,,Food Cupboard
511575,Eat Natural Protein Packed Salted Caramel,G,false,1853,https://ecom-su-static-prod.wtrecom.com/images/products/3/LN_511575_BP_3.jpg,https://www.waitrose.com/ecom/products/eat-natural-protein-packed-salted-caramel/511575-668889-668890,Eat Natural Protein Packed Salted Caramel,3x40g,£2.50,£2.09/100g,,Food Cupboard
007741,Bisto Chicken Gravy Granules,G,false,1854,https://ecom-su-static-prod.wtrecom.com/images/products/3/LN_007741_BP_3.jpg,https://www.waitrose.com/ecom/products/bisto-chicken-gravy-granules/007741-3628-3629,Bisto Chicken Gravy Granules,190g,£3.00,£1.58/100g,,Food Cupboard
004668,Heinz Sandwich Spread,G,false,1855,https://ecom-su-static-prod.wtrecom.com/images/products/3/LN_004668_BP_3.jpg,https://www.waitrose.com/ecom/products/heinz-sandwich-spread/004668-1999-2000,Heinz Sandwich Spread,300g,£2.25,75p/100g,,Food Cupboard
768944,Cooks' Ingredients Breadcrumbs,G,false,1856,https://ecom-su-static-prod.wtrecom.com/images/products/3/LN_768944_BP_3.jpg,https://www.waitrose.com/ecom/products/cooks-ingredients-breadcrumbs/768944-785108-785109,Cooks' Ingredients Breadcrumbs,125g,£1.30,£1.04/100g,,Food Cupboard
856047,Quaker Oat So Simple Big Bowl Original Porridge Sachets,G,true,1857,https://ecom-su-static-prod.wtrecom.com/images/products/3/LN_856047_BP_3.jpg,https://www.waitrose.com/ecom/products/quaker-oat-so-simple-big-bowl-original-porridge-sachets/856047-234795-234796,Quaker Oat So Simple Big Bowl Original Porridge Sachets,231g,£1.75,75.8p/100g,save 90p. Was £2.65,Food Cupboard
898730,Waitrose Oyster Sauce,G,false,1858,https://ecom-su-static-prod.wtrecom.com/images/products/3/LN_898730_BP_3.jpg,https://www.waitrose.com/ecom/products/waitrose-oyster-sauce/898730-784770-784771,Waitrose Oyster Sauce,220g,£2.50,£1.14/100g,,Food Cupboard
029438,Baxters Favourites Minestrone,G,false,1859,https://ecom-su-static-prod.wtrecom.com/images/products/3/LN_029438_BP_3.jpg,https://www.waitrose.com/ecom/products/baxters-favourites-minestrone/029438-14391-14392,Baxters Favourites Minestrone,400g,£2.00,50p/100g,,Food Cupboard
726477,Knorr Beef Stock Pot,G,false,1860,https://ecom-su-static-prod.wtrecom.com/images/products/3/LN_726477_BP_3.jpg,https://www.waitrose.com/ecom/products/knorr-beef-stock-pot/726477-103191-103192,Knorr Beef Stock Pot,8x28g,£3.20,£1.43/100g,,Food Cupboard
004622,Lyle's Golden Syrup,G,false,1861,https://ecom-su-static-prod.wtrecom.com/images/products/3/LN_004622_BP_3.jpg,https://www.waitrose.com/ecom/products/lyles-golden-syrup/004622-1967-1968,Lyle's Golden Syrup,907g,£2.35,25.9p/100g,,Food Cupboard
825326,Nature Valley Sweet & Salty Roasted Peanuts,G,false,1862,https://ecom-su-static-prod.wtrecom.com/images/products/3/LN_825326_BP_3.jpg,https://www.waitrose.com/ecom/products/nature-valley-sweet-salty-roasted-peanuts/825326-566703-566704,Nature Valley Sweet & Salty Roasted Peanuts,4x30g,£2.25,£1.88/100g,,Food Cupboard
765651,Haribo Supermix Sweets Bag,G,true,1863,https://ecom-su-static-prod.wtrecom.com/images/products/3/LN_765651_BP_3.jpg,https://www.waitrose.com/ecom/products/haribo-supermix-sweets-bag/765651-825884-825885,Haribo Supermix Sweets Bag,175g,£1.25,71.4p/100g,save 25p. Was £1.50,Food Cupboard
604449,Whitworths Sunny Raisin,G,true,1864,https://ecom-su-static-prod.wtrecom.com/images/products/3/LN_604449_BP_3.jpg,https://www.waitrose.com/ecom/products/whitworths-sunny-raisin/604449-138063-138064,Whitworths Sunny Raisin,6x42.5g,£2.50,98p/100g,Add 2 for £3.50,Food Cupboard
079300,Waitrose Artichoke Hearts Sliced,G,false,1865,https://ecom-su-static-prod.wtrecom.com/images/products/3/LN_079300_BP_3.jpg,https://www.waitrose.com/ecom/products/waitrose-artichoke-hearts-sliced/079300-40369-40370,Waitrose Artichoke Hearts Sliced,530g,£5.70,£1.08/100g,,Food Cupboard
662499,Waitrose Duchy Organic Brazil Nuts,G,false,1866,https://ecom-su-static-prod.wtrecom.com/images/products/3/LN_662499_BP_3.jpg,https://www.waitrose.com/ecom/products/waitrose-duchy-organic-brazil-nuts/662499-754329-754330,Waitrose Duchy Organic Brazil Nuts,150g,£3.50,£2.34/100g,,Food Cupboard
034562,Newman's Own Italian Dressing,G,false,1867,https://ecom-su-static-prod.wtrecom.com/images/products/3/LN_034562_BP_3.jpg,https://www.waitrose.com/ecom/products/newmans-own-italian-dressing/034562-17369-17370,Newman's Own Italian Dressing,250ml,£2.30,92p/100ml,,Food Cupboard
431559,Border Dark Chocolate & Raspberry Biscuits,G,false,1868,https://ecom-su-static-prod.wtrecom.com/images/products/3/LN_431559_BP_3.jpg,https://www.waitrose.com/ecom/products/border-dark-chocolate-raspberry-biscuits/431559-804218-804219,Border Dark Chocolate & Raspberry Biscuits,150g,£2.00,£1.34/100g,,Food Cupboard
851549,Cooks' Ingredients Herby Zaatar,G,false,1869,https://ecom-su-static-prod.wtrecom.com/images/products/3/LN_851549_BP_3.jpg,https://www.waitrose.com/ecom/products/cooks-ingredients-herby-zaatar/851549-312453-312454,Cooks' Ingredients Herby Zaatar,45g,£3.00,66.7p/10g,,Food Cupboard
500775,Duchy Organic Mixed Seeds,G,false,1870,https://ecom-su-static-prod.wtrecom.com/images/products/3/LN_500775_BP_3.jpg,https://www.waitrose.com/ecom/products/duchy-organic-mixed-seeds/500775-753709-753710,Duchy Organic Mixed Seeds,150g,£2.00,£13.34/kg,,Food Cupboard
799351,BEAR Alphabites Multigrain Cereal,G,true,1871,https://ecom-su-static-prod.wtrecom.com/images/products/3/LN_799351_BP_3.jpg,https://www.waitrose.com/ecom/products/bear-alphabites-multigrain-cereal/799351-284723-284724,BEAR Alphabites Multigrain Cereal,350g,£2.00,57.1p/100g,save 95p. Was £2.95,Food Cupboard
810047,Essential French Style Dressing,G,false,1872,https://ecom-su-static-prod.wtrecom.com/images/products/3/LN_810047_BP_3.jpg,https://www.waitrose.com/ecom/products/essential-french-style-dressing/810047-826772-826773,Essential French Style Dressing,250ml,£1.10,44p/100ml,,Food Cupboard
746489,Cooks' Ingredients White Chocolate,G,false,1873,https://ecom-su-static-prod.wtrecom.com/images/products/3/LN_746489_BP_3.jpg,https://www.waitrose.com/ecom/products/cooks-ingredients-white-chocolate/746489-752659-752660,Cooks' Ingredients White Chocolate,180g,£2.00,£11.12/kg,,Food Cupboard
674980,Stokes Tartare Sauce,G,false,1874,https://ecom-su-static-prod.wtrecom.com/images/products/3/LN_674980_BP_3.jpg,https://www.waitrose.com/ecom/products/stokes-tartare-sauce/674980-826756-826757,Stokes Tartare Sauce,200g,£3.20,£1.60/100g,,Food Cupboard
599303,Cholula Original Hot Sauce,G,false,1875,https://ecom-su-static-prod.wtrecom.com/images/products/3/LN_599303_BP_3.jpg,https://www.waitrose.com/ecom/products/cholula-original-hot-sauce/599303-84965-84966,Cholula Original Hot Sauce,150ml,£2.40,£1.60/100ml,,Food Cupboard
482549,Maille Wholegrain Mustard,G,false,1876,https://ecom-su-static-prod.wtrecom.com/images/products/3/LN_482549_BP_3.jpg,https://www.waitrose.com/ecom/products/maille-wholegrain-mustard/482549-125381-125382,Maille Wholegrain Mustard,210g,£3.00,£1.43/100g,,Food Cupboard
683038,Deliciously Ella Vegan Almond Butter Cups,G,false,1877,https://ecom-su-static-prod.wtrecom.com/images/products/3/LN_683038_BP_3.jpg,https://www.waitrose.com/ecom/products/deliciously-ella-vegan-almond-butter-cups/683038-701982-701983,Deliciously Ella Vegan Almond Butter Cups,36g,£1.65,£4.59/100g,,Food Cupboard
670971,Lizi's Passion Fruit & Pistachio Granola,G,true,1878,https://ecom-su-static-prod.wtrecom.com/images/products/3/LN_670971_BP_3.jpg,https://www.waitrose.com/ecom/products/lizis-passion-fruit-pistachio-granola/670971-127713-127714,Lizi's Passion Fruit & Pistachio Granola,400g,£2.65,66.3p/100g,Save 1/3. Was £4.20,Food Cupboard
432549,Mezzetta Sliced Jalapéno Peppers,G,false,1879,https://ecom-su-static-prod.wtrecom.com/images/products/3/LN_432549_BP_3.jpg,https://www.waitrose.com/ecom/products/mezzetta-sliced-jalapeno-peppers/432549-60847-60848,Mezzetta Sliced Jalapéno Peppers,drained 227g,£3.15,£1.39/100g,,Food Cupboard
017434,Tilda Brown Basmati Rice,G,true,1880,https://ecom-su-static-prod.wtrecom.com/images/products/3/LN_017434_BP_3.jpg,https://www.waitrose.com/ecom/products/tilda-brown-basmati-rice/017434-8434-8435,Tilda Brown Basmati Rice,500g,£2.50,£5/kg,save 65p. Was £3.15,Food Cupboard
033219,Cooks' Ingredients Trifle Sponges,G,false,1881,https://ecom-su-static-prod.wtrecom.com/images/products/3/LN_033219_BP_3.jpg,https://www.waitrose.com/ecom/products/cooks-ingredients-trifle-sponges/033219-16437-16438,Cooks' Ingredients Trifle Sponges,8s,£1.45,18.1p each,,Food Cupboard
733036,Mary Berry's Classic Salad Dressing,G,false,1882,https://ecom-su-static-prod.wtrecom.com/images/products/3/LN_733036_BP_3.jpg,https://www.waitrose.com/ecom/products/mary-berrys-classic-salad-dressing/733036-804490-804491,Mary Berry's Classic Salad Dressing,235ml,£3.80,£1.62/100ml,,Food Cupboard
001277,Jordans Country Crisp Flame Raisins Cereal,G,true,1883,https://ecom-su-static-prod.wtrecom.com/images/products/3/LN_001277_BP_3.jpg,https://www.waitrose.com/ecom/products/jordans-country-crisp-flame-raisins-cereal/001277-192-193,Jordans Country Crisp Flame Raisins Cereal,500g,£2.50,50p/100g,save £1.30. Was £3.80,Food Cupboard
030824,Green & Blacks Organic Cooking Dark Chocolate Bar,G,false,1884,https://ecom-su-static-prod.wtrecom.com/images/products/3/LN_030824_BP_3.jpg,https://www.waitrose.com/ecom/products/green-blacks-organic-cooking-dark-chocolate-bar/030824-15043-15044,Green & Blacks Organic Cooking Dark Chocolate Bar,150g,£3.50,£2.34/100g,,Food Cupboard
859270,Rowse Authentic Manuka New Zealand Honey 100+ MGO,G,false,1885,https://ecom-su-static-prod.wtrecom.com/images/products/3/LN_859270_BP_3.jpg,https://www.waitrose.com/ecom/products/rowse-authentic-manuka-new-zealand-honey-100-mgo/859270-825932-825933,Rowse Authentic Manuka New Zealand Honey 100+ MGO,240g,£9.50,£3.96/100g,,Food Cupboard
732658,Panda 4 Liquorice Bars,G,false,1886,https://ecom-su-static-prod.wtrecom.com/images/products/3/LN_732658_BP_3.jpg,https://www.waitrose.com/ecom/products/panda-4-liquorice-bars/732658-104103-104104,Panda 4 Liquorice Bars,128g,£1.70,£1.33/100g,,Food Cupboard
605723,Ready Brek Original Smooth Porridge Sachets,G,false,1887,https://ecom-su-static-prod.wtrecom.com/images/products/3/LN_605723_BP_3.jpg,https://www.waitrose.com/ecom/products/ready-brek-original-smooth-porridge-sachets/605723-232713-232714,Ready Brek Original Smooth Porridge Sachets,8x30g,£2.35,97.9p/100g,,Food Cupboard
828753,Waitrose Raisin Nut & Cranberry,G,false,1888,https://ecom-su-static-prod.wtrecom.com/images/products/3/LN_828753_BP_3.jpg,https://www.waitrose.com/ecom/products/waitrose-raisin-nut-cranberry/828753-492189-492190,Waitrose Raisin Nut & Cranberry,750g,£10.00,£1.34/100g,,Food Cupboard
857622,Stokes Chilli Jam,G,false,1889,https://ecom-su-static-prod.wtrecom.com/images/products/3/LN_857622_BP_3.jpg,https://www.waitrose.com/ecom/products/stokes-chilli-jam/857622-357831-357832,Stokes Chilli Jam,250g,£3.75,£1.50/100g,,Food Cupboard
609301,Mutti Polpa Baby Roma Chopped Tomatoes,G,false,1890,https://ecom-su-static-prod.wtrecom.com/images/products/3/LN_609301_BP_3.jpg,https://www.waitrose.com/ecom/products/mutti-polpa-baby-roma-chopped-tomatoes/609301-805775-805776,Mutti Polpa Baby Roma Chopped Tomatoes,300g,£1.55,£5.17/kg,,Food Cupboard
097820,Peppadew Sweet Mild Whole Piquanté Peppers,G,false,1891,https://ecom-su-static-prod.wtrecom.com/images/products/3/LN_097820_BP_3.jpg,https://www.waitrose.com/ecom/products/peppadew-sweet-mild-whole-piquante-peppers/097820-49911-49912,Peppadew Sweet Mild Whole Piquanté Peppers,drained 140g,£3.40,£2.43/100g,,Food Cupboard
804936,McDougalls Self Raising Flour,G,false,1892,https://ecom-su-static-prod.wtrecom.com/images/products/3/LN_804936_BP_3.jpg,https://www.waitrose.com/ecom/products/mcdougalls-self-raising-flour/804936-810804-810805,McDougalls Self Raising Flour,1.1Kg,£2.10,£1.91/kg,,Food Cupboard
817513,Celebrations Box,G,false,1893,https://ecom-su-static-prod.wtrecom.com/images/products/3/LN_817513_BP_3.jpg,https://www.waitrose.com/ecom/products/celebrations-box/817513-804976-804977,Celebrations Box,300g,£5.25,£1.75/100g,,Food Cupboard
804172,Aunt Bessie's Instant Custard,G,false,1894,https://ecom-su-static-prod.wtrecom.com/images/products/3/LN_804172_BP_3.jpg,https://www.waitrose.com/ecom/products/aunt-bessies-instant-custard/804172-271235-271236,Aunt Bessie's Instant Custard,70g,65p,92.9p/100g,,Food Cupboard
091853,Oxo Vegetable Stock Cubes 12s,G,false,1895,https://ecom-su-static-prod.wtrecom.com/images/products/3/LN_091853_BP_3.jpg,https://www.waitrose.com/ecom/products/oxo-vegetable-stock-cubes-12s/091853-47300-47301,Oxo Vegetable Stock Cubes 12s,71g,£2.50,£3.53/100g,,Food Cupboard
400348,Campbell's Condensed Chicken Soup,G,false,1896,https://ecom-su-static-prod.wtrecom.com/images/products/3/LN_400348_BP_3.jpg,https://www.waitrose.com/ecom/products/campbells-condensed-chicken-soup/400348-147997-147998,Campbell's Condensed Chicken Soup,295g,£1.60,54.2p/100g,,Food Cupboard
818200,TREK Original Oat Protein Flapjacks Multipack,G,false,1897,https://ecom-su-static-prod.wtrecom.com/images/products/3/LN_818200_BP_3.jpg,https://www.waitrose.com/ecom/products/trek-original-oat-protein-flapjacks-multipack/818200-648242-648243,TREK Original Oat Protein Flapjacks Multipack,3x50g,£3.00,£2/100g,,Food Cupboard
788902,Walkers Less Salt A Dash of Salt and Vinegar Multipack Crisps,G,true,1898,https://ecom-su-static-prod.wtrecom.com/images/products/3/LN_788902_BP_3.jpg,https://www.waitrose.com/ecom/products/walkers-less-salt-a-dash-of-salt-and-vinegar-multipack-crisps/788902-780269-780270,Walkers Less Salt A Dash of Salt and Vinegar Multipack Crisps,6x25g,£2.25,£1.50/100g,Add 2 for £3.25,Food Cupboard
855586,Urban Fruit No Added Sugar Mango & Passionfruit,G,true,1899,https://ecom-su-static-prod.wtrecom.com/images/products/3/LN_855586_BP_3.jpg,https://www.waitrose.com/ecom/products/urban-fruit-no-added-sugar-mango-passionfruit/855586-728576-728577,Urban Fruit No Added Sugar Mango & Passionfruit,85g,£2.75,£3.24/100g,Add 2 for £4.20,Food Cupboard
867502,Meridian Crunchy Peanut Butter,G,false,1900,https://ecom-su-static-prod.wtrecom.com/images/products/3/LN_867502_BP_3.jpg,https://www.waitrose.com/ecom/products/meridian-crunchy-peanut-butter/867502-746419-746420,Meridian Crunchy Peanut Butter,470g,£4.20,89.4p/100g,,Food Cupboard
565757,The Spice Tailor Thai Green Curry,G,false,1901,https://ecom-su-static-prod.wtrecom.com/images/products/3/LN_565757_BP_3.jpg,https://www.waitrose.com/ecom/products/the-spice-tailor-thai-green-curry/565757-702773-702774,The Spice Tailor Thai Green Curry,275g,£3.75,£1.37/100g,,Food Cupboard
853965,"Parmentier Sardines in Oil, Herbs de Provence",G,false,1902,https://ecom-su-static-prod.wtrecom.com/images/products/3/LN_853965_BP_3.jpg,https://www.waitrose.com/ecom/products/parmentier-sardines-in-oil-herbs-de-provence/853965-288140-288141,"Parmentier Sardines in Oil, Herbs de Provence",drained 95g,£2.00,£2.11/100g,,Food Cupboard
007026,Finn Crisp Rye Crispbread Original,G,false,1903,https://ecom-su-static-prod.wtrecom.com/images/products/3/LN_007026_BP_3.jpg,https://www.waitrose.com/ecom/products/finn-crisp-rye-crispbread-original/007026-3177-3178,Finn Crisp Rye Crispbread Original,250g,£1.60,64p/100g,,Food Cupboard
549470,Freee Organic Gluten Free Chocolate Oat bars 4x35g,G,false,1904,https://ecom-su-static-prod.wtrecom.com/images/products/3/LN_549470_BP_3.jpg,https://www.waitrose.com/ecom/products/freee-organic-gluten-free-chocolate-oat-bars-4x35g/549470-722051-722052,Freee Organic Gluten Free Chocolate Oat bars 4x35g,4x35g,£2.95,£2.11/100g,,Food Cupboard
434104,Freee Organic Gluten Free Brown Rice Fusilli 500g,G,false,1905,https://ecom-su-static-prod.wtrecom.com/images/products/3/LN_434104_BP_3.jpg,https://www.waitrose.com/ecom/products/freee-organic-gluten-free-brown-rice-fusilli-500g/434104-791019-791020,Freee Organic Gluten Free Brown Rice Fusilli 500g,500g,£2.95,59p/100g,,Food Cupboard
052681,Waitrose Chickpeas,G,false,1906,https://ecom-su-static-prod.wtrecom.com/images/products/3/LN_052681_BP_3.jpg,https://www.waitrose.com/ecom/products/waitrose-chickpeas/052681-26261-26262,Waitrose Chickpeas,500g,£1.95,£3.90/kg,,Food Cupboard
779940,Cooks' Ingredients Garlic Salt,G,true,1907,https://ecom-su-static-prod.wtrecom.com/images/products/3/LN_779940_BP_3.jpg,https://www.waitrose.com/ecom/products/cooks-ingredients-garlic-salt/779940-785116-785117,Cooks' Ingredients Garlic Salt,85g,£1.60,18.8p/10g,Add 2 for £2.75,Food Cupboard
439615,Arden & Amici Soft Amaretti,G,false,1908,https://ecom-su-static-prod.wtrecom.com/images/products/3/LN_439615_BP_3.jpg,https://www.waitrose.com/ecom/products/arden-amici-soft-amaretti/439615-146338-146339,Arden & Amici Soft Amaretti,140g,£2.75,£1.97/100g,,Food Cupboard
555711,Waitrose Roasted Pistachios,G,false,1909,https://ecom-su-static-prod.wtrecom.com/images/products/3/LN_555711_BP_3.jpg,https://www.waitrose.com/ecom/products/waitrose-roasted-pistachios/555711-480869-480870,Waitrose Roasted Pistachios,400g,£5.75,£1.44/100g,,Food Cupboard
490476,Kallo Organic Beef Low Salt 6 Stock Cubes,G,false,1910,https://ecom-su-static-prod.wtrecom.com/images/products/3/LN_490476_BP_3.jpg,https://www.waitrose.com/ecom/products/kallo-organic-beef-low-salt-6-stock-cubes/490476-229843-229844,Kallo Organic Beef Low Salt 6 Stock Cubes,48g,£1.55,£3.23/100g,,Food Cupboard
459302,Waitrose Essentials Dry Roasted Peanuts,G,false,1911,https://ecom-su-static-prod.wtrecom.com/images/products/3/LN_459302_BP_3.jpg,https://www.waitrose.com/ecom/products/waitrose-essentials-dry-roasted-peanuts/459302-778934-778935,Waitrose Essentials Dry Roasted Peanuts,550g,£2.50,45.5p/100g,,Food Cupboard
062531,Essential Chicken & Vegetable Soup in a Cup,G,false,1912,https://ecom-su-static-prod.wtrecom.com/images/products/3/LN_062531_BP_3.jpg,https://www.waitrose.com/ecom/products/essential-chicken-vegetable-soup-in-a-cup/062531-31757-31758,Essential Chicken & Vegetable Soup in a Cup,4x18g,90p,£1.25/100g,,Food Cupboard
455335,Quaker Oat So Simple Golden Syrup Family Pack Porridge Sachets,G,false,1913,https://ecom-su-static-prod.wtrecom.com/images/products/3/LN_455335_BP_3.jpg,https://www.waitrose.com/ecom/products/quaker-oat-so-simple-golden-syrup-family-pack-porridge-sachets/455335-752817-752818,Quaker Oat So Simple Golden Syrup Family Pack Porridge Sachets,720g,£4.75,66p/100g,,Food Cupboard
571566,Willy's Organic Live Apple Cider Vinegar,G,false,1914,https://ecom-su-static-prod.wtrecom.com/images/products/3/LN_571566_BP_3.jpg,https://www.waitrose.com/ecom/products/willys-organic-live-apple-cider-vinegar/571566-758516-758517,Willy's Organic Live Apple Cider Vinegar,500ml,£7.75,£1.55/100ml,,Food Cupboard
804627,Cooks' Ingredients Medium Curry Powder,G,true,1915,https://ecom-su-static-prod.wtrecom.com/images/products/3/LN_804627_BP_3.jpg,https://www.waitrose.com/ecom/products/cooks-ingredients-medium-curry-powder/804627-785148-785149,Cooks' Ingredients Medium Curry Powder,40g,£1.60,40p/10g,Add 2 for £2.75,Food Cupboard
674791,Aunt Bessie's Golden Crumble Mix,G,false,1916,https://ecom-su-static-prod.wtrecom.com/images/products/3/LN_674791_BP_3.jpg,https://www.waitrose.com/ecom/products/aunt-bessies-golden-crumble-mix/674791-260844-260845,Aunt Bessie's Golden Crumble Mix,400g,£1.45,£3.63/kg,,Food Cupboard
554184,The Spice Tailor Delicate Korma Curry,G,true,1917,https://ecom-su-static-prod.wtrecom.com/images/products/3/LN_554184_BP_3.jpg,https://www.waitrose.com/ecom/products/the-spice-tailor-delicate-korma-curry/554184-140216-140217,The Spice Tailor Delicate Korma Curry,300g,£3.75,£1.25/100g,Add 2 for £5,Food Cupboard
835411,Waitrose Chow Mein Stir Fry Sauce,G,false,1918,https://ecom-su-static-prod.wtrecom.com/images/products/3/LN_835411_BP_3.jpg,https://www.waitrose.com/ecom/products/waitrose-chow-mein-stir-fry-sauce/835411-767219-767220,Waitrose Chow Mein Stir Fry Sauce,120g,75p,62.5p/100g,,Food Cupboard
068468,Jules Destrooper Almond Thins,G,false,1919,https://ecom-su-static-prod.wtrecom.com/images/products/3/LN_068468_BP_3.jpg,https://www.waitrose.com/ecom/products/jules-destrooper-almond-thins/068468-34751-34752,Jules Destrooper Almond Thins,100g,£2.30,£2.30/100g,,Food Cupboard
490489,Colman's Original Squeezy English Mustard,G,true,1920,https://ecom-su-static-prod.wtrecom.com/images/products/3/LN_490489_BP_3.jpg,https://www.waitrose.com/ecom/products/colmans-original-squeezy-english-mustard/490489-69313-69314,Colman's Original Squeezy English Mustard,150g,£1.50,£1/100g,save £1.15. Was £2.65,Food Cupboard
375799,Lizi's Treacle & Pecan Granola,G,true,1921,https://ecom-su-static-prod.wtrecom.com/images/products/3/LN_375799_BP_3.jpg,https://www.waitrose.com/ecom/products/lizis-treacle-pecan-granola/375799-52918-52919,Lizi's Treacle & Pecan Granola,400g,£2.65,66.3p/100g,Save 1/3. Was £4.20,Food Cupboard
587505,John West Fridge Pot MSC Tuna Steak in Brine,G,true,1922,https://ecom-su-static-prod.wtrecom.com/images/products/3/LN_587505_BP_3.jpg,https://www.waitrose.com/ecom/products/john-west-fridge-pot-msc-tuna-steak-in-brine/587505-631375-631376,John West Fridge Pot MSC Tuna Steak in Brine,3x110g,£4.25,£1.29/100g,save £1.75. Was £6.00,Food Cupboard
582212,Waitrose Sweet Popcorn,G,false,1923,https://ecom-su-static-prod.wtrecom.com/images/products/3/LN_582212_BP_3.jpg,https://www.waitrose.com/ecom/products/waitrose-sweet-popcorn/582212-756789-756790,Waitrose Sweet Popcorn,100g,£1.20,£1.20/100g,,Food Cupboard
438779,Cooks' Ingredients Mixed Herbs,G,false,1924,https://ecom-su-static-prod.wtrecom.com/images/products/3/LN_438779_BP_3.jpg,https://www.waitrose.com/ecom/products/cooks-ingredients-mixed-herbs/438779-784808-784809,Cooks' Ingredients Mixed Herbs,30g,£2.10,70p/10g,,Food Cupboard
607756,Food Thoughts Fairly Traded Organic Cocoa Powder,G,false,1925,https://ecom-su-static-prod.wtrecom.com/images/products/3/LN_607756_BP_3.jpg,https://www.waitrose.com/ecom/products/food-thoughts-fairly-traded-organic-cocoa-powder/607756-518944-518945,Food Thoughts Fairly Traded Organic Cocoa Powder,125g,£3.10,£24.80/kg,,Food Cupboard
006223,Duchy Organic Stoneground Wholemeal Plain Flour,G,false,1926,https://ecom-su-static-prod.wtrecom.com/images/products/3/LN_006223_BP_3.jpg,https://www.waitrose.com/ecom/products/duchy-organic-stoneground-wholemeal-plain-flour/006223-2742-2743,Duchy Organic Stoneground Wholemeal Plain Flour,1.5kg,£2.40,£1.60/kg,,Food Cupboard
765692,Waitrose Sesame Seeds,G,false,1927,https://ecom-su-static-prod.wtrecom.com/images/products/3/LN_765692_BP_3.jpg,https://www.waitrose.com/ecom/products/waitrose-sesame-seeds/765692-492139-492140,Waitrose Sesame Seeds,175g,£2.00,£11.43/kg,,Food Cupboard
051804,Waitrose Canadian Bread Wholemeal Flour,G,false,1928,https://ecom-su-static-prod.wtrecom.com/images/products/3/LN_051804_BP_3.jpg,https://www.waitrose.com/ecom/products/waitrose-canadian-bread-wholemeal-flour/051804-25784-25785,Waitrose Canadian Bread Wholemeal Flour,1.5kg,£2.00,£1.34/kg,,Food Cupboard
753080,TREK White Choc & Raspberry Protein Flapjacks Multipack,G,false,1929,https://ecom-su-static-prod.wtrecom.com/images/products/3/LN_753080_BP_3.jpg,https://www.waitrose.com/ecom/products/trek-white-choc-raspberry-protein-flapjacks-multipack/753080-743941-743942,TREK White Choc & Raspberry Protein Flapjacks Multipack,3x50g,£3.00,£2/100g,,Food Cupboard
416685,Crosta & Mollica Puttanesca Pasta Sauce,G,false,1930,https://ecom-su-static-prod.wtrecom.com/images/products/3/LN_416685_BP_3.jpg,https://www.waitrose.com/ecom/products/crosta-mollica-puttanesca-pasta-sauce/416685-784788-784789,Crosta & Mollica Puttanesca Pasta Sauce,340g,£3.00,88.2p/100g,,Food Cupboard
805649,Sacla' Vegan Basil Pesto,G,false,1931,https://ecom-su-static-prod.wtrecom.com/images/products/3/LN_805649_BP_3.jpg,https://www.waitrose.com/ecom/products/sacla-vegan-basil-pesto/805649-368262-368263,Sacla' Vegan Basil Pesto,190g,£3.35,£1.77/100g,,Food Cupboard
015165,Spam Lite Chopped Pork & Ham,G,false,1932,https://ecom-su-static-prod.wtrecom.com/images/products/3/LN_015165_BP_3.jpg,https://www.waitrose.com/ecom/products/spam-lite-chopped-pork-ham/015165-7275-7276,Spam Lite Chopped Pork & Ham,200g,£3.30,£1.65/100g,,Food Cupboard
615896,Rowntree's Fruit Gums Sweets Sharing Bag,G,false,1933,https://ecom-su-static-prod.wtrecom.com/images/products/3/LN_615896_BP_3.jpg,https://www.waitrose.com/ecom/products/rowntrees-fruit-gums-sweets-sharing-bag/615896-727342-727343,Rowntree's Fruit Gums Sweets Sharing Bag,150g,£1.75,£1.17/100g,,Food Cupboard
849495,Waitrose & Partners Duchy Organic Raisins,G,false,1934,https://ecom-su-static-prod.wtrecom.com/images/products/3/LN_849495_BP_3.jpg,https://www.waitrose.com/ecom/products/waitrose-partners-duchy-organic-raisins/849495-819255-819256,Waitrose & Partners Duchy Organic Raisins,500g,£3.95,£7.90/kg,,Food Cupboard
824166,itsu Crispy Seaweed Thins Sweet Soy & Sea Salt,G,false,1935,https://ecom-su-static-prod.wtrecom.com/images/products/3/LN_824166_BP_3.jpg,https://www.waitrose.com/ecom/products/itsu-crispy-seaweed-thins-sweet-soy-sea-salt/824166-813796-813797,itsu Crispy Seaweed Thins Sweet Soy & Sea Salt,4x5g,£3.00,£15/100g,,Food Cupboard
717414,Mr Organic Olives & Capers Pasta Sauce,G,false,1936,https://ecom-su-static-prod.wtrecom.com/images/products/3/LN_717414_BP_3.jpg,https://www.waitrose.com/ecom/products/mr-organic-olives-capers-pasta-sauce/717414-726468-726469,Mr Organic Olives & Capers Pasta Sauce,350g,£3.00,85.7p/100g,,Food Cupboard
718473,Rowntree's Jelly Tots Sharing Bag,G,false,1937,https://ecom-su-static-prod.wtrecom.com/images/products/3/LN_718473_BP_3.jpg,https://www.waitrose.com/ecom/products/rowntrees-jelly-tots-sharing-bag/718473-764616-764617,Rowntree's Jelly Tots Sharing Bag,150g,£1.75,£1.17/100g,,Food Cupboard
409465,Crosta & Mollica Bolli Crackers Black Pepper,G,false,1938,https://ecom-su-static-prod.wtrecom.com/images/products/3/LN_409465_BP_3.jpg,https://www.waitrose.com/ecom/products/crosta-mollica-bolli-crackers-black-pepper/409465-361601-361602,Crosta & Mollica Bolli Crackers Black Pepper,120g,£2.10,£1.75/100g,,Food Cupboard
007683,Patak's Mild Korma Spice Paste,G,true,1939,https://ecom-su-static-prod.wtrecom.com/images/products/3/LN_007683_BP_3.jpg,https://www.waitrose.com/ecom/products/pataks-mild-korma-spice-paste/007683-3596-3597,Patak's Mild Korma Spice Paste,290g,£2.80,96.6p/100g,20% Off. Was £3.50,Food Cupboard
580274,Cooks' Ingredients Crystallised Ginger,G,false,1940,https://ecom-su-static-prod.wtrecom.com/images/products/3/LN_580274_BP_3.jpg,https://www.waitrose.com/ecom/products/cooks-ingredients-crystallised-ginger/580274-82244-82245,Cooks' Ingredients Crystallised Ginger,200g,£2.65,£13.25/kg,,Food Cupboard
889871,Waitrose Casarecce,G,true,1941,https://ecom-su-static-prod.wtrecom.com/images/products/3/LN_889871_BP_3.jpg,https://www.waitrose.com/ecom/products/waitrose-casarecce/889871-728070-728071,Waitrose Casarecce,500g,£1.00,£2/kg,Reduced to Clear. Was £1.75,Food Cupboard
830330,Scrumshus The Premium Granola,G,false,1942,https://ecom-su-static-prod.wtrecom.com/images/products/3/LN_830330_BP_3.jpg,https://www.waitrose.com/ecom/products/scrumshus-the-premium-granola/830330-347892-347893,Scrumshus The Premium Granola,500g,£5.50,£1.10/100g,,Food Cupboard
478824,Encona Hot Pepper Sauce,G,false,1943,https://ecom-su-static-prod.wtrecom.com/images/products/3/LN_478824_BP_3.jpg,https://www.waitrose.com/ecom/products/encona-hot-pepper-sauce/478824-506160-506161,Encona Hot Pepper Sauce,142ml,£1.65,£1.17/100ml,,Food Cupboard
452819,KP Snack Packs Original Salted Peanuts,G,false,1944,https://ecom-su-static-prod.wtrecom.com/images/products/3/LN_452819_BP_3.jpg,https://www.waitrose.com/ecom/products/kp-snack-packs-original-salted-peanuts/452819-778930-778931,KP Snack Packs Original Salted Peanuts,5x30g,£3.40,£2.27/100g,,Food Cupboard
614207,BelVita Breakfast Biscuits Soft Bakes Blueberry 5 Pack,G,true,1945,https://ecom-su-static-prod.wtrecom.com/images/products/3/LN_614207_BP_3.jpg,https://www.waitrose.com/ecom/products/belvita-breakfast-biscuits-soft-bakes-blueberry-5-pack/614207-668951-668952,BelVita Breakfast Biscuits Soft Bakes Blueberry 5 Pack,5x50g,£1.75,70p/100g,Save £1.15. Was £2.90,Food Cupboard
541029,Waitrose Dipped Waffle Ice Cream Cones,G,false,1946,https://ecom-su-static-prod.wtrecom.com/images/products/3/LN_541029_BP_3.jpg,https://www.waitrose.com/ecom/products/waitrose-dipped-waffle-ice-cream-cones/541029-693697-693698,Waitrose Dipped Waffle Ice Cream Cones,6s,£1.80,30p each,,Food Cupboard
015532,Nature's Finest Peach in Juice,G,false,1947,https://ecom-su-static-prod.wtrecom.com/images/products/3/LN_015532_BP_3.jpg,https://www.waitrose.com/ecom/products/natures-finest-peach-in-juice/015532-7463-7464,Nature's Finest Peach in Juice,drained 390g,£3.35,£8.59/kg,,Food Cupboard
431416,Cadbury Dairy Milk Wholenut Chocolate Bar,G,true,1948,https://ecom-su-static-prod.wtrecom.com/images/products/3/LN_431416_BP_3.jpg,https://www.waitrose.com/ecom/products/cadbury-dairy-milk-wholenut-chocolate-bar/431416-367562-367563,Cadbury Dairy Milk Wholenut Chocolate Bar,120g,£1.50,£1.25/100g,save 25p. Was £1.75,Food Cupboard
896109,Bonne Maman Strawberry Jam,G,true,1949,https://ecom-su-static-prod.wtrecom.com/images/products/3/LN_896109_BP_3.jpg,https://www.waitrose.com/ecom/products/bonne-maman-strawberry-jam/896109-691330-691331,Bonne Maman Strawberry Jam,335g,£3.00,89.6p/100g,save 80p. Was £3.80,Food Cupboard
006264,Pizza Express House Dressing,G,false,1950,https://ecom-su-static-prod.wtrecom.com/images/products/3/LN_006264_BP_3.jpg,https://www.waitrose.com/ecom/products/pizza-express-house-dressing/006264-2774-2775,Pizza Express House Dressing,235ml,£2.65,£1.13/100ml,,Food Cupboard
466451,Waitrose Thick Cut Three Fruits Marmalade,G,false,1951,https://ecom-su-static-prod.wtrecom.com/images/products/3/LN_466451_BP_3.jpg,https://www.waitrose.com/ecom/products/waitrose-thick-cut-three-fruits-marmalade/466451-759646-759647,Waitrose Thick Cut Three Fruits Marmalade,340g,£1.85,54.4p/100g,,Food Cupboard
470935,Taylor & Colledge Vanilla Bean Fairtrade,G,false,1952,https://ecom-su-static-prod.wtrecom.com/images/products/3/LN_470935_BP_3.jpg,https://www.waitrose.com/ecom/products/taylor-colledge-vanilla-bean-fairtrade/470935-66399-66400,Taylor & Colledge Vanilla Bean Fairtrade,100ml,£6.50,£6.50/100ml,,Food Cupboard
553179,Lindt Nocciolatte Hazelnut Bar,G,true,1953,https://ecom-su-static-prod.wtrecom.com/images/products/3/LN_553179_BP_3.jpg,https://www.waitrose.com/ecom/products/lindt-nocciolatte-hazelnut-bar/553179-78178-78179,Lindt Nocciolatte Hazelnut Bar,35g,£1.00,£2.86/100g,"£5 Food to Go Meal Deal: Add 1 Main, 1 Snack and 1 Drink",Food Cupboard
025657,Cornish Pilchard Fillets in Olive Oil,G,false,1954,https://ecom-su-static-prod.wtrecom.com/images/products/3/LN_025657_BP_3.jpg,https://www.waitrose.com/ecom/products/cornish-pilchard-fillets-in-olive-oil/025657-12514-12515,Cornish Pilchard Fillets in Olive Oil,drained 70g,£2.30,£3.29/100g,,Food Cupboard
732921,Batchelors BBQ Beef Super Noodles,G,false,1955,https://ecom-su-static-prod.wtrecom.com/images/products/3/LN_732921_BP_3.jpg,https://www.waitrose.com/ecom/products/batchelors-bbq-beef-super-noodles/732921-347842-347843,Batchelors BBQ Beef Super Noodles,90g,£1.00,£1.12/100g,,Food Cupboard
051711,Patak's Tikka Masala Paste,G,true,1956,https://ecom-su-static-prod.wtrecom.com/images/products/3/LN_051711_BP_3.jpg,https://www.waitrose.com/ecom/products/pataks-tikka-masala-paste/051711-25740-25741,Patak's Tikka Masala Paste,283g,£2.80,98.9p/100g,20% Off. Was £3.50,Food Cupboard
009271,Maltesers Chocolate Bag,G,false,1957,https://ecom-su-static-prod.wtrecom.com/images/products/3/LN_009271_BP_3.jpg,https://www.waitrose.com/ecom/products/maltesers-chocolate-bag/009271-4489-4490,Maltesers Chocolate Bag,37g,90p,£2.44/100g,,Food Cupboard
858606,Clearspring Organic Japanese Udon Noodles,G,true,1958,https://ecom-su-static-prod.wtrecom.com/images/products/3/LN_858606_BP_3.jpg,https://www.waitrose.com/ecom/products/clearspring-organic-japanese-udon-noodles/858606-324285-324286,Clearspring Organic Japanese Udon Noodles,200g,£2.60,£13/kg,20% Off. Was £3.25,Food Cupboard
002128,Van Der Meulen Original Melba Thins,G,false,1959,https://ecom-su-static-prod.wtrecom.com/images/products/3/LN_002128_BP_3.jpg,https://www.waitrose.com/ecom/products/van-der-meulen-original-melba-thins/002128-584-585,Van Der Meulen Original Melba Thins,100g,£1.40,£1.40/100g,,Food Cupboard
004372,St. Dalfour Thick Apricot Spread,G,false,1960,https://ecom-su-static-prod.wtrecom.com/images/products/3/LN_004372_BP_3.jpg,https://www.waitrose.com/ecom/products/st-dalfour-thick-apricot-spread/004372-1811-1812,St. Dalfour Thick Apricot Spread,284g,£2.85,£1.01/100g,,Food Cupboard
797142,The Bay Tree Mint Jelly,G,false,1961,https://ecom-su-static-prod.wtrecom.com/images/products/3/LN_797142_BP_3.jpg,https://www.waitrose.com/ecom/products/the-bay-tree-mint-jelly/797142-113420-113421,The Bay Tree Mint Jelly,210g,£3.25,£1.55/100g,,Food Cupboard
457395,Waitrose Free From Gluten Granola,G,false,1962,https://ecom-su-static-prod.wtrecom.com/images/products/3/LN_457395_BP_3.jpg,https://www.waitrose.com/ecom/products/waitrose-free-from-gluten-granola/457395-174502-174503,Waitrose Free From Gluten Granola,500g,£4.00,80p/100g,,Food Cupboard
715009,Graze Banana Oat Boosts,G,false,1963,https://ecom-su-static-prod.wtrecom.com/images/products/3/LN_715009_BP_3.jpg,https://www.waitrose.com/ecom/products/graze-banana-oat-boosts/715009-589403-589404,Graze Banana Oat Boosts,4x30g,£2.90,£2.42/100g,,Food Cupboard
646164,Tilda Microwave Egg Fried Rice,G,true,1964,https://ecom-su-static-prod.wtrecom.com/images/products/3/LN_646164_BP_3.jpg,https://www.waitrose.com/ecom/products/tilda-microwave-egg-fried-rice/646164-91706-91707,Tilda Microwave Egg Fried Rice,250g,£1.00,£4/kg,save 85p. Was £1.85,Food Cupboard
886869,Jordans Country Crisp Dark Chocolate Cereal,G,true,1965,https://ecom-su-static-prod.wtrecom.com/images/products/3/LN_886869_BP_3.jpg,https://www.waitrose.com/ecom/products/jordans-country-crisp-dark-chocolate-cereal/886869-684485-684486,Jordans Country Crisp Dark Chocolate Cereal,500g,£2.50,50p/100g,save £1.30. Was £3.80,Food Cupboard
601878,Ryvita Crispbread Multigrain Crackers 250g,G,false,1966,https://ecom-su-static-prod.wtrecom.com/images/products/3/LN_601878_BP_3.jpg,https://www.waitrose.com/ecom/products/ryvita-crispbread-multigrain-crackers-250g/601878-824133-824134,Ryvita Crispbread Multigrain Crackers 250g,250g,£1.70,68p/100g,,Food Cupboard
004655,Essential Wholenut Peanut Butter,G,false,1967,https://ecom-su-static-prod.wtrecom.com/images/products/3/LN_004655_BP_3.jpg,https://www.waitrose.com/ecom/products/essential-wholenut-peanut-butter/004655-1991-1992,Essential Wholenut Peanut Butter,340g,£1.80,52.9p/100g,,Food Cupboard
594296,Crosta & Mollica Tarallini Multigrain & Seeds,G,false,1968,https://ecom-su-static-prod.wtrecom.com/images/products/3/LN_594296_BP_3.jpg,https://www.waitrose.com/ecom/products/crosta-mollica-tarallini-multigrain-seeds/594296-492015-492016,Crosta & Mollica Tarallini Multigrain & Seeds,170g,£2.10,£1.24/100g,,Food Cupboard
017455,Waitrose Traditional White Basmati Aged Rice,G,false,1969,https://ecom-su-static-prod.wtrecom.com/images/products/3/LN_017455_BP_3.jpg,https://www.waitrose.com/ecom/products/waitrose-traditional-white-basmati-aged-rice/017455-8456-8457,Waitrose Traditional White Basmati Aged Rice,500g,£2.00,£4/kg,,Food Cupboard
859339,Rude Health Honey Spelt Puffs,G,false,1970,https://ecom-su-static-prod.wtrecom.com/images/products/3/LN_859339_BP_3.jpg,https://www.waitrose.com/ecom/products/rude-health-honey-spelt-puffs/859339-506322-506323,Rude Health Honey Spelt Puffs,175g,£3.00,£1.72/100g,,Food Cupboard
885913,Nature's Path Gluten Free Granola Berries,G,false,1971,https://ecom-su-static-prod.wtrecom.com/images/products/3/LN_885913_BP_3.jpg,https://www.waitrose.com/ecom/products/natures-path-gluten-free-granola-berries/885913-275061-275062,Nature's Path Gluten Free Granola Berries,300g,£3.70,£1.24/100g,,Food Cupboard
513400,Chika's Smoked Almonds,G,true,1972,https://ecom-su-static-prod.wtrecom.com/images/products/3/LN_513400_BP_3.jpg,https://www.waitrose.com/ecom/products/chikas-smoked-almonds/513400-442834-442835,Chika's Smoked Almonds,100g,£2.80,£2.80/100g,20% Off. Was £3.50,Food Cupboard
822682,Waitrose Spanish Olives with Almonds,G,false,1973,https://ecom-su-static-prod.wtrecom.com/images/products/3/LN_822682_BP_3.jpg,https://www.waitrose.com/ecom/products/waitrose-spanish-olives-with-almonds/822682-675072-675073,Waitrose Spanish Olives with Almonds,drained 140g,£3.60,£2.58/100g,,Food Cupboard
002750,Rakusen's Matzos,G,false,1974,https://ecom-su-static-prod.wtrecom.com/images/products/3/LN_002750_BP_3.jpg,https://www.waitrose.com/ecom/products/rakusens-matzos/002750-982-983,Rakusen's Matzos,300g,£2.20,73.3p/100g,,Food Cupboard
481628,Mutti Organic Passata,G,false,1975,https://ecom-su-static-prod.wtrecom.com/images/products/3/LN_481628_BP_3.jpg,https://www.waitrose.com/ecom/products/mutti-organic-passata/481628-818378-818379,Mutti Organic Passata,560g,£3.20,£5.72/kg,,Food Cupboard
051616,Essential Creamed Vegetable Soup in a Cup,G,false,1976,https://ecom-su-static-prod.wtrecom.com/images/products/3/LN_051616_BP_3.jpg,https://www.waitrose.com/ecom/products/essential-creamed-vegetable-soup-in-a-cup/051616-25684-25685,Essential Creamed Vegetable Soup in a Cup,4x18g,90p,£1.25/100g,,Food Cupboard
715547,Heinz Minestrone Cup Soup,G,true,1977,https://ecom-su-static-prod.wtrecom.com/images/products/3/LN_715547_BP_3.jpg,https://www.waitrose.com/ecom/products/heinz-minestrone-cup-soup/715547-420403-420404,Heinz Minestrone Cup Soup,4x18g,£1.50,£2.09/100g,Add 3 for £4,Food Cupboard
875290,Deliciously Ella Vegan Salted Chocolate Almonds,G,false,1978,https://ecom-su-static-prod.wtrecom.com/images/products/3/LN_875290_BP_3.jpg,https://www.waitrose.com/ecom/products/deliciously-ella-vegan-salted-chocolate-almonds/875290-735974-735975,Deliciously Ella Vegan Salted Chocolate Almonds,81g,£2.90,£3.59/100g,,Food Cupboard
881652,Mr Organic Roasted Garlic Pasta Sauce,G,false,1979,https://ecom-su-static-prod.wtrecom.com/images/products/3/LN_881652_BP_3.jpg,https://www.waitrose.com/ecom/products/mr-organic-roasted-garlic-pasta-sauce/881652-726686-726687,Mr Organic Roasted Garlic Pasta Sauce,350g,£3.00,85.7p/100g,,Food Cupboard
773531,Bonne Maman Hazelnut Chocolate Spread,G,false,1980,https://ecom-su-static-prod.wtrecom.com/images/products/3/LN_773531_BP_3.jpg,https://www.waitrose.com/ecom/products/bonne-maman-hazelnut-chocolate-spread/773531-801228-801229,Bonne Maman Hazelnut Chocolate Spread,360g,£3.50,97.2p/100g,,Food Cupboard
706978,Montezuma's Dark Chocolate Giant Buttons,G,false,1981,https://ecom-su-static-prod.wtrecom.com/images/products/3/LN_706978_BP_3.jpg,https://www.waitrose.com/ecom/products/montezumas-dark-chocolate-giant-buttons/706978-368058-368059,Montezuma's Dark Chocolate Giant Buttons,180g,£5.20,£2.89/100g,,Food Cupboard
017460,Waitrose Short Grain Pudding Rice,G,false,1982,https://ecom-su-static-prod.wtrecom.com/images/products/3/LN_017460_BP_3.jpg,https://www.waitrose.com/ecom/products/waitrose-short-grain-pudding-rice/017460-8464-8465,Waitrose Short Grain Pudding Rice,500g,£1.75,£3.50/kg,,Food Cupboard
854068,Nairn's Gluten Free Blueberry Biscuit Breaks,G,false,1983,https://ecom-su-static-prod.wtrecom.com/images/products/3/LN_854068_BP_3.jpg,https://www.waitrose.com/ecom/products/nairns-gluten-free-blueberry-biscuit-breaks/854068-628434-628435,Nairn's Gluten Free Blueberry Biscuit Breaks,160g,£2.10,£1.32/100g,,Food Cupboard
891577,Waitrose 8 Salted Caramel All Butter Cookies,G,false,1984,https://ecom-su-static-prod.wtrecom.com/images/products/3/LN_891577_BP_3.jpg,https://www.waitrose.com/ecom/products/waitrose-8-salted-caramel-all-butter-cookies/891577-524317-524318,Waitrose 8 Salted Caramel All Butter Cookies,200g,£2.30,£1.15/100g,,Food Cupboard
520105,Weetabix Chocolate,G,false,1985,https://ecom-su-static-prod.wtrecom.com/images/products/3/LN_520105_BP_3.jpg,https://www.waitrose.com/ecom/products/weetabix-chocolate/520105-73563-73564,Weetabix Chocolate,24s,£3.75,15.6p each,,Food Cupboard
489546,Cooks' Ingredients Cardamom Pods,G,false,1986,https://ecom-su-static-prod.wtrecom.com/images/products/3/LN_489546_BP_3.jpg,https://www.waitrose.com/ecom/products/cooks-ingredients-cardamom-pods/489546-784856-784857,Cooks' Ingredients Cardamom Pods,25g,£2.10,84p/10g,,Food Cupboard
854871,Opies Cornichons & Onions,G,false,1987,https://ecom-su-static-prod.wtrecom.com/images/products/3/LN_854871_BP_3.jpg,https://www.waitrose.com/ecom/products/opies-cornichons-onions/854871-697926-697927,Opies Cornichons & Onions,drained 190g,£1.65,86.8p/100g,,Food Cupboard
492955,itsu Ramen noodles,G,false,1988,https://ecom-su-static-prod.wtrecom.com/images/products/3/LN_492955_BP_3.jpg,https://www.waitrose.com/ecom/products/itsu-ramen-noodles/492955-807571-807572,itsu Ramen noodles,250g,£1.50,60p/100g,,Food Cupboard
639201,Bonne Maman Raspberry Jam,G,true,1989,https://ecom-su-static-prod.wtrecom.com/images/products/3/LN_639201_BP_3.jpg,https://www.waitrose.com/ecom/products/bonne-maman-raspberry-jam/639201-691067-691068,Bonne Maman Raspberry Jam,335g,£3.00,89.6p/100g,save 80p. Was £3.80,Food Cupboard
515328,Cooks' Ingredients Medium Curry Powder,G,false,1990,https://ecom-su-static-prod.wtrecom.com/images/products/3/LN_515328_BP_3.jpg,https://www.waitrose.com/ecom/products/cooks-ingredients-medium-curry-powder/515328-784878-784879,Cooks' Ingredients Medium Curry Powder,95g,£2.10,22.1p/10g,,Food Cupboard
079483,Splenda Granulated,G,true,1991,https://ecom-su-static-prod.wtrecom.com/images/products/3/LN_079483_BP_3.jpg,https://www.waitrose.com/ecom/products/splenda-granulated/079483-40449-40450,Splenda Granulated,125g,£1.65,£1.32/100g,Half Price. Was £3.35,Food Cupboard
825550,Meridian Smooth Peanut Butter,G,false,1992,https://ecom-su-static-prod.wtrecom.com/images/products/3/LN_825550_BP_3.jpg,https://www.waitrose.com/ecom/products/meridian-smooth-peanut-butter/825550-464686-464687,Meridian Smooth Peanut Butter,280g,£2.95,£1.06/100g,,Food Cupboard
406899,Old El Paso Mild Refried Beans,G,false,1993,https://ecom-su-static-prod.wtrecom.com/images/products/3/LN_406899_BP_3.jpg,https://www.waitrose.com/ecom/products/old-el-paso-mild-refried-beans/406899-408460-408461,Old El Paso Mild Refried Beans,435g,£2.25,£5.18/kg,,Food Cupboard
001057,Kellogg's Frosted Wheats Breakfast Cereal,G,false,1994,https://ecom-su-static-prod.wtrecom.com/images/products/3/LN_001057_BP_3.jpg,https://www.waitrose.com/ecom/products/kelloggs-frosted-wheats-breakfast-cereal/001057-37-38,Kellogg's Frosted Wheats Breakfast Cereal,500g,£2.00,40p/100g,,Food Cupboard
741168,KIND Gluten Free Caramel Almond & Sea Salt Bars,G,true,1995,https://ecom-su-static-prod.wtrecom.com/images/products/3/LN_741168_BP_3.jpg,https://www.waitrose.com/ecom/products/kind-gluten-free-caramel-almond-sea-salt-bars/741168-728444-728445,KIND Gluten Free Caramel Almond & Sea Salt Bars,3x30g,£2.00,£2.23/100g,save £1.15. Was £3.15,Food Cupboard
597211,Tilda Golden Vegetable Rice,G,false,1996,https://ecom-su-static-prod.wtrecom.com/images/products/3/LN_597211_BP_3.jpg,https://www.waitrose.com/ecom/products/tilda-golden-vegetable-rice/597211-805771-805772,Tilda Golden Vegetable Rice,250g,£1.65,£6.60/kg,,Food Cupboard
547191,Tyrrell's Lightly Sea Salted,G,true,1997,https://ecom-su-static-prod.wtrecom.com/images/products/3/LN_547191_BP_3.jpg,https://www.waitrose.com/ecom/products/tyrrells-lightly-sea-salted/547191-786110-786111,Tyrrell's Lightly Sea Salted,40g,£1.15,£2.88/100g,"£5 Food to Go Meal Deal: Add 1 Main, 1 Snack and 1 Drink",Food Cupboard
371478,Heinz Classic Spring Vegetable Soup,G,true,1998,https://ecom-su-static-prod.wtrecom.com/images/products/3/LN_371478_BP_3.jpg,https://www.waitrose.com/ecom/products/heinz-classic-spring-vegetable-soup/371478-147873-147874,Heinz Classic Spring Vegetable Soup,400g,£1.75,43.8p/100g,Add 3 for £4.50,Food Cupboard
817778,Baxters Super Good Root Veg & Turmeric Soup,G,false,1999,https://ecom-su-static-prod.wtrecom.com/images/products/3/LN_817778_BP_3.jpg,https://www.waitrose.com/ecom/products/baxters-super-good-root-veg-turmeric-soup/817778-606830-606831,Baxters Super Good Root Veg & Turmeric Soup,400g,£2.30,57.5p/100g,,Food Cupboard
856247,No.1 Coffee Shortbread,G,false,2000,https://ecom-su-static-prod.wtrecom.com/images/products/3/LN_856247_BP_3.jpg,https://www.waitrose.com/ecom/products/no1-coffee-shortbread/856247-280819-280820,No.1 Coffee Shortbread,135g,£2.75,£2.04/100g,,Food Cupboard
458001,Waitrose Roasted Salted Almonds,G,false,2001,https://ecom-su-static-prod.wtrecom.com/images/products/3/LN_458001_BP_3.jpg,https://www.waitrose.com/ecom/products/waitrose-roasted-salted-almonds/458001-782781-782782,Waitrose Roasted Salted Almonds,100g,£1.95,£1.95/100g,,Food Cupboard
051643,Waitrose Orange River Choice Sultanas,G,false,2002,https://ecom-su-static-prod.wtrecom.com/images/products/3/LN_051643_BP_3.jpg,https://www.waitrose.com/ecom/products/waitrose-orange-river-choice-sultanas/051643-25700-25701,Waitrose Orange River Choice Sultanas,500g,£3.50,£7/kg,,Food Cupboard
674368,Ye Olde Oak Premium Hot Dogs,G,false,2003,https://ecom-su-static-prod.wtrecom.com/images/products/3/LN_674368_BP_3.jpg,https://www.waitrose.com/ecom/products/ye-olde-oak-premium-hot-dogs/674368-280968-280969,Ye Olde Oak Premium Hot Dogs,drained 184g,£1.30,£7.07/kg,,Food Cupboard
837228,Nutella,G,false,2004,https://ecom-su-static-prod.wtrecom.com/images/products/3/LN_837228_BP_3.jpg,https://www.waitrose.com/ecom/products/nutella/837228-705772-705773,Nutella,750g,£6.45,86p/100g,,Food Cupboard
604540,Barny Chocolate Soft Baked Bears 5 Pack,G,false,2005,https://ecom-su-static-prod.wtrecom.com/images/products/3/LN_604540_BP_3.jpg,https://www.waitrose.com/ecom/products/barny-chocolate-soft-baked-bears-5-pack/604540-287709-287710,Barny Chocolate Soft Baked Bears 5 Pack,125g,£2.20,£1.76/100g,,Food Cupboard
873197,Nairn's Gluten Free Chocolate Biscuit Breaks,G,false,2006,https://ecom-su-static-prod.wtrecom.com/images/products/3/LN_873197_BP_3.jpg,https://www.waitrose.com/ecom/products/nairns-gluten-free-chocolate-biscuit-breaks/873197-628498-628499,Nairn's Gluten Free Chocolate Biscuit Breaks,160g,£2.10,£1.32/100g,,Food Cupboard
423601,Jamie Oliver Super Tomato & Olive Quinoa,G,true,2007,https://ecom-su-static-prod.wtrecom.com/images/products/3/LN_423601_BP_3.jpg,https://www.waitrose.com/ecom/products/jamie-oliver-super-tomato-olive-quinoa/423601-426865-426866,Jamie Oliver Super Tomato & Olive Quinoa,250g,£1.80,£7.20/kg,25% Off. Was £2.45,Food Cupboard
803644,Kingfisher Oriental Coconut Milk,G,false,2008,https://ecom-su-static-prod.wtrecom.com/images/products/3/LN_803644_BP_3.jpg,https://www.waitrose.com/ecom/products/kingfisher-oriental-coconut-milk/803644-752809-752810,Kingfisher Oriental Coconut Milk,400ml,£2.25,£5.63/litre,,Food Cupboard
835782,Ricola Elderflower Sugar Free Sweets,G,false,2009,https://ecom-su-static-prod.wtrecom.com/images/products/3/LN_835782_BP_3.jpg,https://www.waitrose.com/ecom/products/ricola-elderflower-sugar-free-sweets/835782-368372-368373,Ricola Elderflower Sugar Free Sweets,45g,£1.50,£3.34/100g,,Food Cupboard
713367,Pringles Prawn Cocktail Sharing Crisps,G,true,2010,https://ecom-su-static-prod.wtrecom.com/images/products/3/LN_713367_BP_3.jpg,https://www.waitrose.com/ecom/products/pringles-prawn-cocktail-sharing-crisps/713367-780261-780262,Pringles Prawn Cocktail Sharing Crisps,185g,£1.85,£1/100g,save 40p. Was £2.25,Food Cupboard
006333,Patak's Aubergine Pickle,G,true,2011,https://ecom-su-static-prod.wtrecom.com/images/products/3/LN_006333_BP_3.jpg,https://www.waitrose.com/ecom/products/pataks-aubergine-pickle/006333-2814-2815,Patak's Aubergine Pickle,312g,£2.10,67.3p/100g,20% Off. Was £2.65,Food Cupboard
083697,Cooks' Ingredients Tomato Paste,G,false,2012,https://ecom-su-static-prod.wtrecom.com/images/products/3/LN_083697_BP_3.jpg,https://www.waitrose.com/ecom/products/cooks-ingredients-tomato-paste/083697-42483-42484,Cooks' Ingredients Tomato Paste,180g,£2.50,£1.39/100g,,Food Cupboard
720400,Princes Beef Paste,G,false,2013,https://ecom-su-static-prod.wtrecom.com/images/products/3/LN_720400_BP_3.jpg,https://www.waitrose.com/ecom/products/princes-beef-paste/720400-793048-793049,Princes Beef Paste,75g,95p,£1.27/100g,,Food Cupboard
737780,Colman's Bramley Apple Sauce,G,false,2014,https://ecom-su-static-prod.wtrecom.com/images/products/3/LN_737780_BP_3.jpg,https://www.waitrose.com/ecom/products/colmans-bramley-apple-sauce/737780-589431-589432,Colman's Bramley Apple Sauce,155g,£1.80,£1.17/100g,,Food Cupboard
041600,Dr. Karg's Organic Seeded Spelt Crispbread,G,false,2015,https://ecom-su-static-prod.wtrecom.com/images/products/3/LN_041600_BP_3.jpg,https://www.waitrose.com/ecom/products/dr-kargs-organic-seeded-spelt-crispbread/041600-20606-20607,Dr. Karg's Organic Seeded Spelt Crispbread,200g,£2.75,£1.38/100g,,Food Cupboard
781262,Hellmann's Organic Mayonnaise,G,false,2016,https://ecom-su-static-prod.wtrecom.com/images/products/3/LN_781262_BP_3.jpg,https://www.waitrose.com/ecom/products/hellmanns-organic-mayonnaise/781262-697912-697913,Hellmann's Organic Mayonnaise,270g,£4.00,£1.49/100g,,Food Cupboard
887499,Bacofoil Non-Stick Kitchen Foil 5m,G,false,2017,https://ecom-su-static-prod.wtrecom.com/images/products/3/LN_887499_BP_3.jpg,https://www.waitrose.com/ecom/products/bacofoil-non-stick-kitchen-foil-5m/887499-653229-653230,Bacofoil Non-Stick Kitchen Foil 5m,each,£4.40,£4.40 each,,Food Cupboard
563865,itsu Katsu Rice Noodles,G,false,2018,https://ecom-su-static-prod.wtrecom.com/images/products/3/LN_563865_BP_3.jpg,https://www.waitrose.com/ecom/products/itsu-katsu-rice-noodles/563865-654071-654072,itsu Katsu Rice Noodles,63g,£1.95,£3.10/100g,,Food Cupboard
897708,No.1 Roasted Pepper & Almond Pesto,G,true,2019,https://ecom-su-static-prod.wtrecom.com/images/products/3/LN_897708_BP_3.jpg,https://www.waitrose.com/ecom/products/no1-roasted-pepper-almond-pesto/897708-711354-711355,No.1 Roasted Pepper & Almond Pesto,190g,£2.40,£1.27/100g,25% Off. Was £3.25,Food Cupboard
756388,Nestlé Quality Street,G,false,2020,https://ecom-su-static-prod.wtrecom.com/images/products/3/LN_756388_BP_3.jpg,https://www.waitrose.com/ecom/products/nestle-quality-street/756388-535539-535540,Nestlé Quality Street,220g,£3.95,£1.80/100g,,Food Cupboard
029471,Baxters Vegetarian Soup Mediterranean Tomato,G,false,2021,https://ecom-su-static-prod.wtrecom.com/images/products/3/LN_029471_BP_3.jpg,https://www.waitrose.com/ecom/products/baxters-vegetarian-soup-mediterranean-tomato/029471-14423-14424,Baxters Vegetarian Soup Mediterranean Tomato,400g,£2.10,52.5p/100g,,Food Cupboard
688440,Baxters Favourites Pea & Ham,G,false,2022,https://ecom-su-static-prod.wtrecom.com/images/products/3/LN_688440_BP_3.jpg,https://www.waitrose.com/ecom/products/baxters-favourites-pea-ham/688440-229935-229936,Baxters Favourites Pea & Ham,400g,£2.00,50p/100g,,Food Cupboard
003538,Waitrose Roasted Salted Pecans,G,false,2023,https://ecom-su-static-prod.wtrecom.com/images/products/3/LN_003538_BP_3.jpg,https://www.waitrose.com/ecom/products/waitrose-roasted-salted-pecans/003538-1433-1434,Waitrose Roasted Salted Pecans,100g,£3.25,£3.25/100g,,Food Cupboard
421665,Duchy Organic British Quinoa,G,false,2024,https://ecom-su-static-prod.wtrecom.com/images/products/3/LN_421665_BP_3.jpg,https://www.waitrose.com/ecom/products/duchy-organic-british-quinoa/421665-524159-524160,Duchy Organic British Quinoa,375g,£3.75,£10/kg,,Food Cupboard
478664,Kabuto Noodles Chicken Ramen,G,true,2025,https://ecom-su-static-prod.wtrecom.com/images/products/3/LN_478664_BP_3.jpg,https://www.waitrose.com/ecom/products/kabuto-noodles-chicken-ramen/478664-781143-781144,Kabuto Noodles Chicken Ramen,65g,£1.30,£2/100g,save 45p. Was £1.75,Food Cupboard
845274,Nairn's Chocolate Orange Oat Biscuits 4x5,G,false,2026,https://ecom-su-static-prod.wtrecom.com/images/products/3/LN_845274_BP_3.jpg,https://www.waitrose.com/ecom/products/nairns-chocolate-orange-oat-biscuits-4x5/845274-758251-758252,Nairn's Chocolate Orange Oat Biscuits 4x5,200g,£1.75,87.5p/100g,,Food Cupboard
824791,Ember Original Biltong,G,false,2027,https://ecom-su-static-prod.wtrecom.com/images/products/3/LN_824791_BP_3.jpg,https://www.waitrose.com/ecom/products/ember-original-biltong/824791-804198-804199,Ember Original Biltong,50g,£3.50,£7/100g,,Food Cupboard
899689,Baxters Favourites Soup Lentil & Bacon,G,false,2028,https://ecom-su-static-prod.wtrecom.com/images/products/3/LN_899689_BP_3.jpg,https://www.waitrose.com/ecom/products/baxters-favourites-soup-lentil-bacon/899689-347968-347969,Baxters Favourites Soup Lentil & Bacon,400g,£2.00,50p/100g,,Food Cupboard
814445,Fruit Bowl Raspberry Peelers,G,false,2029,https://ecom-su-static-prod.wtrecom.com/images/products/3/LN_814445_BP_3.jpg,https://www.waitrose.com/ecom/products/fruit-bowl-raspberry-peelers/814445-666754-666755,Fruit Bowl Raspberry Peelers,5x16g,£2.90,£3.63/100g,,Food Cupboard
648322,Waitrose Seeded Malted Bread Flour,G,false,2030,https://ecom-su-static-prod.wtrecom.com/images/products/3/LN_648322_BP_3.jpg,https://www.waitrose.com/ecom/products/waitrose-seeded-malted-bread-flour/648322-762432-762433,Waitrose Seeded Malted Bread Flour,1.5Kg,£2.40,£1.60/kg,,Food Cupboard
698669,Miso Tasty White Miso Paste,G,false,2031,https://ecom-su-static-prod.wtrecom.com/images/products/3/LN_698669_BP_3.jpg,https://www.waitrose.com/ecom/products/miso-tasty-white-miso-paste/698669-511884-511885,Miso Tasty White Miso Paste,200g,£3.90,£1.95/100g,,Food Cupboard
683395,Mazzetti Gold Label Balsamic Vinegar of Modena,G,false,2032,https://ecom-su-static-prod.wtrecom.com/images/products/3/LN_683395_BP_3.jpg,https://www.waitrose.com/ecom/products/mazzetti-gold-label-balsamic-vinegar-of-modena/683395-693076-693077,Mazzetti Gold Label Balsamic Vinegar of Modena,250ml,£11.00,£4.40/100ml,,Food Cupboard
430557,Bakery Delights Gluten Free Belgian Chocolate Wafers,G,false,2033,https://ecom-su-static-prod.wtrecom.com/images/products/3/LN_430557_BP_3.jpg,https://www.waitrose.com/ecom/products/bakery-delights-gluten-free-belgian-chocolate-wafers/430557-60575-60576,Bakery Delights Gluten Free Belgian Chocolate Wafers,107g,£2.95,£2.76/100g,,Food Cupboard
723512,Kallo Veggie Cakes Caramelised Onion Chutney,G,true,2034,https://ecom-su-static-prod.wtrecom.com/images/products/3/LN_723512_BP_3.jpg,https://www.waitrose.com/ecom/products/kallo-veggie-cakes-caramelised-onion-chutney/723512-758131-758132,Kallo Veggie Cakes Caramelised Onion Chutney,122g,£2.25,£1.85/100g,save 65p. Was £2.90,Food Cupboard
886596,Duchy Organic Lasagne,G,false,2035,https://ecom-su-static-prod.wtrecom.com/images/products/3/LN_886596_BP_3.jpg,https://www.waitrose.com/ecom/products/duchy-organic-lasagne/886596-747648-747649,Duchy Organic Lasagne,375g,£1.90,£5.07/kg,,Food Cupboard
402236,Nando's Medium Peri-Peri Sauce,G,true,2036,https://ecom-su-static-prod.wtrecom.com/images/products/3/LN_402236_BP_3.jpg,https://www.waitrose.com/ecom/products/nandos-medium-peri-peri-sauce/402236-261097-261098,Nando's Medium Peri-Peri Sauce,125g,£1.75,£1.40/100g,save 60p. Was £2.35,Food Cupboard
635163,Levi Roots Reggae Reggae Jerk BBQ Sauce,G,true,2037,https://ecom-su-static-prod.wtrecom.com/images/products/3/LN_635163_BP_3.jpg,https://www.waitrose.com/ecom/products/levi-roots-reggae-reggae-jerk-bbq-sauce/635163-90205-90206,Levi Roots Reggae Reggae Jerk BBQ Sauce,290g,£1.80,62.1p/100g,25% Off. Was £2.40,Food Cupboard
875776,Walkers Sensations Sea Salt & Black Pepper,G,true,2038,https://ecom-su-static-prod.wtrecom.com/images/products/3/LN_875776_BP_3.jpg,https://www.waitrose.com/ecom/products/walkers-sensations-sea-salt-black-pepper/875776-821605-821606,Walkers Sensations Sea Salt & Black Pepper,150g,£1.50,£1/100g,save £1.00. Was £2.50,Food Cupboard
591694,Kellogg's Crunchy Nut Hazelnut & Chocolate Granola Breakfast Cereal,G,false,2039,https://ecom-su-static-prod.wtrecom.com/images/products/3/LN_591694_BP_3.jpg,https://www.waitrose.com/ecom/products/kelloggs-crunchy-nut-hazelnut-chocolate-granola-breakfast-cereal/591694-722876-722877,Kellogg's Crunchy Nut Hazelnut & Chocolate Granola Breakfast Cereal,380g,£3.45,90.8p/100g,,Food Cupboard
757050,Nairn's Gluten Free Porridge Oats,G,false,2040,https://ecom-su-static-prod.wtrecom.com/images/products/3/LN_757050_BP_3.jpg,https://www.waitrose.com/ecom/products/nairns-gluten-free-porridge-oats/757050-107699-107700,Nairn's Gluten Free Porridge Oats,450g,£2.30,51.1p/100g,,Food Cupboard
783116,Waitrose Mint Crumbles,G,false,2041,https://ecom-su-static-prod.wtrecom.com/images/products/3/LN_783116_BP_3.jpg,https://www.waitrose.com/ecom/products/waitrose-mint-crumbles/783116-368212-368213,Waitrose Mint Crumbles,200g,£1.50,75p/100g,,Food Cupboard
598207,McVitie's Iced Gems Multipack Biscuits,G,false,2042,https://ecom-su-static-prod.wtrecom.com/images/products/3/LN_598207_BP_3.jpg,https://www.waitrose.com/ecom/products/mcvities-iced-gems-multipack-biscuits/598207-84812-84813,McVitie's Iced Gems Multipack Biscuits,5x23g,£1.30,£1.14/100g,,Food Cupboard
601154,Baxters Vegetarian Lentil & Vegetable,G,false,2043,https://ecom-su-static-prod.wtrecom.com/images/products/3/LN_601154_BP_3.jpg,https://www.waitrose.com/ecom/products/baxters-vegetarian-lentil-vegetable/601154-371474-371475,Baxters Vegetarian Lentil & Vegetable,400g,£2.10,52.5p/100g,,Food Cupboard
898908,Ambrosia Devon Custard,G,false,2044,https://ecom-su-static-prod.wtrecom.com/images/products/3/LN_898908_BP_3.jpg,https://www.waitrose.com/ecom/products/ambrosia-devon-custard/898908-767741-767742,Ambrosia Devon Custard,1Kg,£3.00,30p/100g,,Food Cupboard
093151,Schär Gluten Free Digestive,G,false,2045,https://ecom-su-static-prod.wtrecom.com/images/products/3/LN_093151_BP_3.jpg,https://www.waitrose.com/ecom/products/schar-gluten-free-digestive/093151-47859-47860,Schär Gluten Free Digestive,3x50g,£1.90,£1.27/100g,,Food Cupboard
024505,Duchy Organic Long Grain Rice,G,false,2046,https://ecom-su-static-prod.wtrecom.com/images/products/3/LN_024505_BP_3.jpg,https://www.waitrose.com/ecom/products/duchy-organic-long-grain-rice/024505-11880-11881,Duchy Organic Long Grain Rice,500g,£2.35,£4.70/kg,,Food Cupboard
702718,Heinz Cream of Mushroom Cup Soup,G,true,2047,https://ecom-su-static-prod.wtrecom.com/images/products/3/LN_702718_BP_3.jpg,https://www.waitrose.com/ecom/products/heinz-cream-of-mushroom-cup-soup/702718-420385-420386,Heinz Cream of Mushroom Cup Soup,4x17.5g,£1.50,£2.15/100g,Add 3 for £4,Food Cupboard
694230,Rowntree's Randoms,G,false,2048,https://ecom-su-static-prod.wtrecom.com/images/products/3/LN_694230_BP_3.jpg,https://www.waitrose.com/ecom/products/rowntrees-randoms/694230-793341-793342,Rowntree's Randoms,150g,£1.75,£1.17/100g,,Food Cupboard
504053,Schär Gluten Free Rich Tea Biscuits,G,false,2049,https://ecom-su-static-prod.wtrecom.com/images/products/3/LN_504053_BP_3.jpg,https://www.waitrose.com/ecom/products/schar-gluten-free-rich-tea-biscuits/504053-71186-71187,Schär Gluten Free Rich Tea Biscuits,125g,£1.75,£1.40/100g,,Food Cupboard
695949,Tyrrell's Furrows Cheese & Onion Crisps,G,true,2050,https://ecom-su-static-prod.wtrecom.com/images/products/3/LN_695949_BP_3.jpg,https://www.waitrose.com/ecom/products/tyrrells-furrows-cheese-onion-crisps/695949-98815-98816,Tyrrell's Furrows Cheese & Onion Crisps,150g,£2.00,£1.34/100g,save 75p. Was £2.75,Food Cupboard
756173,Knorr Gluten Free Lamb Stock Pot,G,false,2051,https://ecom-su-static-prod.wtrecom.com/images/products/3/LN_756173_BP_3.jpg,https://www.waitrose.com/ecom/products/knorr-gluten-free-lamb-stock-pot/756173-499438-499439,Knorr Gluten Free Lamb Stock Pot,4x28g,£2.00,£1.79/100g,,Food Cupboard
850939,The Spice Tailor Classic Lentil Tarka Daal,G,false,2052,https://ecom-su-static-prod.wtrecom.com/images/products/3/LN_850939_BP_3.jpg,https://www.waitrose.com/ecom/products/the-spice-tailor-classic-lentil-tarka-daal/850939-499550-499551,The Spice Tailor Classic Lentil Tarka Daal,400g,£3.75,93.8p/100g,,Food Cupboard
519565,itsu Chilli Miso Rice Noodles,G,false,2053,https://ecom-su-static-prod.wtrecom.com/images/products/3/LN_519565_BP_3.jpg,https://www.waitrose.com/ecom/products/itsu-chilli-miso-rice-noodles/519565-654017-654018,itsu Chilli Miso Rice Noodles,63g,£1.95,£3.10/100g,,Food Cupboard
050504,Nature's Finest Pear Slices in Juice,G,true,2054,https://ecom-su-static-prod.wtrecom.com/images/products/3/LN_050504_BP_3.jpg,https://www.waitrose.com/ecom/products/natures-finest-pear-slices-in-juice/050504-25135-25136,Nature's Finest Pear Slices in Juice,drained 220g,£1.70,£7.73/kg,save 30p. Was £2.00,Food Cupboard
728458,Walkers Sensations Mature Cheddar & Chilli Chutney,G,true,2055,https://ecom-su-static-prod.wtrecom.com/images/products/3/LN_728458_BP_3.jpg,https://www.waitrose.com/ecom/products/walkers-sensations-mature-cheddar-chilli-chutney/728458-821599-821600,Walkers Sensations Mature Cheddar & Chilli Chutney,150g,£1.50,£1/100g,save £1.00. Was £2.50,Food Cupboard
596854,Fragata Stoneless Manzanilla Olives Filled with Anchovy,G,false,2056,https://ecom-su-static-prod.wtrecom.com/images/products/3/LN_596854_BP_3.jpg,https://www.waitrose.com/ecom/products/fragata-stoneless-manzanilla-olives-filled-with-anchovy/596854-156981-156982,Fragata Stoneless Manzanilla Olives Filled with Anchovy,drained 150g,£2.35,£1.57/100g,,Food Cupboard
733090,Peter's Yard Seeded Sourdough Flatbreads,G,true,2057,https://ecom-su-static-prod.wtrecom.com/images/products/3/LN_733090_BP_3.jpg,https://www.waitrose.com/ecom/products/peters-yard-seeded-sourdough-flatbreads/733090-698116-698117,Peter's Yard Seeded Sourdough Flatbreads,135g,£1.75,£1.30/100g,save 90p. Was £2.65,Food Cupboard
364927,Lyle's Golden Syrup,G,false,2058,https://ecom-su-static-prod.wtrecom.com/images/products/3/LN_364927_BP_3.jpg,https://www.waitrose.com/ecom/products/lyles-golden-syrup/364927-117307-117308,Lyle's Golden Syrup,325g,£1.80,55.4p/100g,,Food Cupboard
003526,Waitrose Roasted Salted Macadamias,G,false,2059,https://ecom-su-static-prod.wtrecom.com/images/products/3/LN_003526_BP_3.jpg,https://www.waitrose.com/ecom/products/waitrose-roasted-salted-macadamias/003526-1419-1420,Waitrose Roasted Salted Macadamias,100g,£3.25,£3.25/100g,,Food Cupboard
633819,No.1 Trofie,G,false,2060,https://ecom-su-static-prod.wtrecom.com/images/products/3/LN_633819_BP_3.jpg,https://www.waitrose.com/ecom/products/no1-trofie/633819-728034-728035,No.1 Trofie,500g,£2.75,£5.50/kg,,Food Cupboard
812110,itsu Satay Rice Noodles,G,false,2061,https://ecom-su-static-prod.wtrecom.com/images/products/3/LN_812110_BP_3.jpg,https://www.waitrose.com/ecom/products/itsu-satay-rice-noodles/812110-654381-654382,itsu Satay Rice Noodles,64g,£1.95,£3.05/100g,,Food Cupboard
017270,Polenta Valsugana,G,false,2062,https://ecom-su-static-prod.wtrecom.com/images/products/3/LN_017270_BP_3.jpg,https://www.waitrose.com/ecom/products/polenta-valsugana/017270-8340-8341,Polenta Valsugana,375g,£1.90,£5.07/kg,,Food Cupboard
816045,Bonne Maman Damson Plum Conserve,G,false,2063,https://ecom-su-static-prod.wtrecom.com/images/products/3/LN_816045_BP_3.jpg,https://www.waitrose.com/ecom/products/bonne-maman-damson-plum-conserve/816045-168728-168729,Bonne Maman Damson Plum Conserve,370g,£3.50,94.6p/100g,,Food Cupboard
711364,Deliciously Ella Gluten Free & Vegan Almond Apple & Raisin Granola,G,false,2064,https://ecom-su-static-prod.wtrecom.com/images/products/3/LN_711364_BP_3.jpg,https://www.waitrose.com/ecom/products/deliciously-ella-gluten-free-vegan-almond-apple-raisin-granola/711364-600772-600773,Deliciously Ella Gluten Free & Vegan Almond Apple & Raisin Granola,400g,£4.00,£1/100g,,Food Cupboard
502567,Rio Mare MSC Tuna in Olive Oil,G,true,2065,https://ecom-su-static-prod.wtrecom.com/images/products/3/LN_502567_BP_3.jpg,https://www.waitrose.com/ecom/products/rio-mare-msc-tuna-in-olive-oil/502567-820594-820595,Rio Mare MSC Tuna in Olive Oil,3x80g,£4.00,£2.57/100g,save £1.00. Was £5.00,Food Cupboard
759114,Gran Luchito Refried Beans,G,false,2066,https://ecom-su-static-prod.wtrecom.com/images/products/3/LN_759114_BP_3.jpg,https://www.waitrose.com/ecom/products/gran-luchito-refried-beans/759114-703245-703246,Gran Luchito Refried Beans,430g,£2.30,53.5p/100g,,Food Cupboard
536889,Doves Farm Organic Wholemeal Spelt Flour,G,false,2067,https://ecom-su-static-prod.wtrecom.com/images/products/3/LN_536889_BP_3.jpg,https://www.waitrose.com/ecom/products/doves-farm-organic-wholemeal-spelt-flour/536889-816970-816971,Doves Farm Organic Wholemeal Spelt Flour,1Kg,£2.85,£2.85/kg,,Food Cupboard
094457,Waitrose Greek Extra Olive Oil,G,false,2068,https://ecom-su-static-prod.wtrecom.com/images/products/3/LN_094457_BP_3.jpg,https://www.waitrose.com/ecom/products/waitrose-greek-extra-olive-oil/094457-48454-48455,Waitrose Greek Extra Olive Oil,500ml,£7.75,£1.55/100ml,,Food Cupboard
411194,Gordons Mustard & Dill Sauce,G,false,2069,https://ecom-su-static-prod.wtrecom.com/images/products/3/LN_411194_BP_3.jpg,https://www.waitrose.com/ecom/products/gordons-mustard-dill-sauce/411194-57876-57877,Gordons Mustard & Dill Sauce,170g,£1.90,£1.12/100g,,Food Cupboard
874143,Ambrosia Light Rice Pudding,G,false,2070,https://ecom-su-static-prod.wtrecom.com/images/products/3/LN_874143_BP_3.jpg,https://www.waitrose.com/ecom/products/ambrosia-light-rice-pudding/874143-168825-168826,Ambrosia Light Rice Pudding,150g,95p,63.3p/100g,,Food Cupboard
550292,Peter's Yard Oregano & Olive Oil Sourdough Crackers,G,false,2071,https://ecom-su-static-prod.wtrecom.com/images/products/3/LN_550292_BP_3.jpg,https://www.waitrose.com/ecom/products/peters-yard-oregano-olive-oil-sourdough-crackers/550292-824115-824116,Peter's Yard Oregano & Olive Oil Sourdough Crackers,90g,£2.65,£2.95/100g,,Food Cupboard
609222,Eat Natural Gluten Free Simply Vegan Bars,G,true,2072,https://ecom-su-static-prod.wtrecom.com/images/products/3/LN_609222_BP_3.jpg,https://www.waitrose.com/ecom/products/eat-natural-gluten-free-simply-vegan-bars/609222-701964-701965,Eat Natural Gluten Free Simply Vegan Bars,3x40g,£2.00,£1.67/100g,save 50p. Was £2.50,Food Cupboard
479114,Kallo Veggie Cakes Sea Salt & Vinegar,G,true,2073,https://ecom-su-static-prod.wtrecom.com/images/products/3/LN_479114_BP_3.jpg,https://www.waitrose.com/ecom/products/kallo-veggie-cakes-sea-salt-vinegar/479114-791487-791488,Kallo Veggie Cakes Sea Salt & Vinegar,122g,£2.25,£1.85/100g,save 65p. Was £2.90,Food Cupboard
853162,Ottolenghi Miso Pesto,G,false,2074,https://ecom-su-static-prod.wtrecom.com/images/products/3/LN_853162_BP_3.jpg,https://www.waitrose.com/ecom/products/ottolenghi-miso-pesto/853162-824936-824937,Ottolenghi Miso Pesto,170g,£4.00,£2.36/100g,,Food Cupboard
478003,Waitrose Thick Cut Sicilian Lemon Marmalade,G,false,2075,https://ecom-su-static-prod.wtrecom.com/images/products/3/LN_478003_BP_3.jpg,https://www.waitrose.com/ecom/products/waitrose-thick-cut-sicilian-lemon-marmalade/478003-759652-759653,Waitrose Thick Cut Sicilian Lemon Marmalade,340g,£1.85,54.4p/100g,,Food Cupboard
017121,Ben's Original Long Grain Rice,G,false,2076,https://ecom-su-static-prod.wtrecom.com/images/products/3/LN_017121_BP_3.jpg,https://www.waitrose.com/ecom/products/bens-original-long-grain-rice/017121-8257-8258,Ben's Original Long Grain Rice,1kg,£5.50,£5.50/kg,,Food Cupboard
638636,Bonne Maman Lemon Curd,G,false,2077,https://ecom-su-static-prod.wtrecom.com/images/products/3/LN_638636_BP_3.jpg,https://www.waitrose.com/ecom/products/bonne-maman-lemon-curd/638636-741843-741844,Bonne Maman Lemon Curd,360g,£3.00,83.3p/100g,,Food Cupboard
451599,Ye Olde Oak Finest Gammon Ham,G,false,2078,https://ecom-su-static-prod.wtrecom.com/images/products/3/LN_451599_BP_3.jpg,https://www.waitrose.com/ecom/products/ye-olde-oak-finest-gammon-ham/451599-280894-280895,Ye Olde Oak Finest Gammon Ham,325g,£3.85,£1.19/100g,,Food Cupboard
622252,Ritter Sport Rum Raisins Hazelnuts,G,false,2079,https://ecom-su-static-prod.wtrecom.com/images/products/3/LN_622252_BP_3.jpg,https://www.waitrose.com/ecom/products/ritter-sport-rum-raisins-hazelnuts/622252-589277-589278,Ritter Sport Rum Raisins Hazelnuts,100g,£1.30,£1.30/100g,,Food Cupboard
577881,Angel Delight Strawberry Flavour,G,false,2080,https://ecom-su-static-prod.wtrecom.com/images/products/3/LN_577881_BP_3.jpg,https://www.waitrose.com/ecom/products/angel-delight-strawberry-flavour/577881-535292-535293,Angel Delight Strawberry Flavour,59g,95p,£1.62/100g,,Food Cupboard
041552,Schwartz Gravy Mix Roast Chicken,G,false,2081,https://ecom-su-static-prod.wtrecom.com/images/products/3/LN_041552_BP_3.jpg,https://www.waitrose.com/ecom/products/schwartz-gravy-mix-roast-chicken/041552-20578-20579,Schwartz Gravy Mix Roast Chicken,26g,£1.25,£4.81/100g,,Food Cupboard
831137,Duchy Organic Sultanas,G,false,2082,https://ecom-su-static-prod.wtrecom.com/images/products/3/LN_831137_BP_3.jpg,https://www.waitrose.com/ecom/products/duchy-organic-sultanas/831137-819183-819184,Duchy Organic Sultanas,500g,£3.95,£7.90/kg,,Food Cupboard
393635,Quaker Oat So Simple Original Porridge Pot,G,true,2083,https://ecom-su-static-prod.wtrecom.com/images/products/3/LN_393635_BP_3.jpg,https://www.waitrose.com/ecom/products/quaker-oat-so-simple-original-porridge-pot/393635-127315-127316,Quaker Oat So Simple Original Porridge Pot,45g,£1.35,£3/100g,Add 4 for £4,Food Cupboard
654370,BEAR Yo Yos Blackcurrant,G,true,2084,https://ecom-su-static-prod.wtrecom.com/images/products/3/LN_654370_BP_3.jpg,https://www.waitrose.com/ecom/products/bear-yo-yos-blackcurrant/654370-336200-336201,BEAR Yo Yos Blackcurrant,5s,£2.00,40p each,save 85p. Was £2.85,Food Cupboard
549855,Princes Crab Paste,G,false,2085,https://ecom-su-static-prod.wtrecom.com/images/products/3/LN_549855_BP_3.jpg,https://www.waitrose.com/ecom/products/princes-crab-paste/549855-793042-793043,Princes Crab Paste,75g,95p,£1.27/100g,,Food Cupboard
810001,Merchant Gourmet Mexican Style Grains & Pulse,G,true,2086,https://ecom-su-static-prod.wtrecom.com/images/products/3/LN_810001_BP_3.jpg,https://www.waitrose.com/ecom/products/merchant-gourmet-mexican-style-grains-pulse/810001-728522-728523,Merchant Gourmet Mexican Style Grains & Pulse,250g,£1.50,60p/100g,save 60p. Was £2.10,Food Cupboard
803128,Cooks' Ingredients Oregano,G,false,2087,https://ecom-su-static-prod.wtrecom.com/images/products/3/LN_803128_BP_3.jpg,https://www.waitrose.com/ecom/products/cooks-ingredients-oregano/803128-785142-785143,Cooks' Ingredients Oregano,26g,£2.10,80.8p/10g,,Food Cupboard
811741,Skittles Fruits 136G,G,false,2088,https://ecom-su-static-prod.wtrecom.com/images/products/3/LN_811741_BP_3.jpg,https://www.waitrose.com/ecom/products/skittles-fruits-136g/811741-744681-744682,Skittles Fruits 136G,136g,£1.50,£1.11/100g,,Food Cupboard
642164,Heinz Beans with Sausages Single Serve,G,false,2089,https://ecom-su-static-prod.wtrecom.com/images/products/3/LN_642164_BP_3.jpg,https://www.waitrose.com/ecom/products/heinz-beans-with-sausages-single-serve/642164-800344-800345,Heinz Beans with Sausages Single Serve,200g,£1.45,£7.25/kg,,Food Cupboard
008945,Sweetex Calorie Free Sweeteners Tablets,G,false,2090,https://ecom-su-static-prod.wtrecom.com/images/products/3/LN_008945_BP_3.jpg,https://www.waitrose.com/ecom/products/sweetex-calorie-free-sweeteners-tablets/008945-4267-4268,Sweetex Calorie Free Sweeteners Tablets,800s,£2.70,0.3p each,,Food Cupboard
700772,Crosta & Mollica Arrabbiata Pasta Sauce,G,false,2091,https://ecom-su-static-prod.wtrecom.com/images/products/3/LN_700772_BP_3.jpg,https://www.waitrose.com/ecom/products/crosta-mollica-arrabbiata-pasta-sauce/700772-783220-783221,Crosta & Mollica Arrabbiata Pasta Sauce,340g,£3.00,88.2p/100g,,Food Cupboard
025646,Marigold Vegetable Bouillon Powder Organic,G,false,2092,https://ecom-su-static-prod.wtrecom.com/images/products/3/LN_025646_BP_3.jpg,https://www.waitrose.com/ecom/products/marigold-vegetable-bouillon-powder-organic/025646-12510-12511,Marigold Vegetable Bouillon Powder Organic,150g,£2.55,£1.70/100g,,Food Cupboard
007935,LoSalt Original,G,true,2093,https://ecom-su-static-prod.wtrecom.com/images/products/3/LN_007935_BP_3.jpg,https://www.waitrose.com/ecom/products/losalt-original/007935-3777-3778,LoSalt Original,350g,£1.90,£5.43/kg,20% Off. Was £2.40,Food Cupboard
756550,Waitrose Rhubarb Apple Ginger Chutney,G,false,2094,https://ecom-su-static-prod.wtrecom.com/images/products/3/LN_756550_BP_3.jpg,https://www.waitrose.com/ecom/products/waitrose-rhubarb-apple-ginger-chutney/756550-294105-294106,Waitrose Rhubarb Apple Ginger Chutney,320g,£2.50,78.1p/100g,,Food Cupboard
732307,Cooks' Ingredients Chinese 5 Spice,G,true,2095,https://ecom-su-static-prod.wtrecom.com/images/products/3/LN_732307_BP_3.jpg,https://www.waitrose.com/ecom/products/cooks-ingredients-chinese-5-spice/732307-785080-785081,Cooks' Ingredients Chinese 5 Spice,35g,£1.60,45.7p/10g,Add 2 for £2.75,Food Cupboard
565059,Cooks' Ingredients Fajita Seasoning,G,false,2096,https://ecom-su-static-prod.wtrecom.com/images/products/3/LN_565059_BP_3.jpg,https://www.waitrose.com/ecom/products/cooks-ingredients-fajita-seasoning/565059-807597-807598,Cooks' Ingredients Fajita Seasoning,47g,£1.70,36.2p/10g,,Food Cupboard
410590,Forest Feast Belgian Milk Chocolate Brazils,G,false,2097,https://ecom-su-static-prod.wtrecom.com/images/products/3/LN_410590_BP_3.jpg,https://www.waitrose.com/ecom/products/forest-feast-belgian-milk-chocolate-brazils/410590-778914-778915,Forest Feast Belgian Milk Chocolate Brazils,120g,£3.75,£3.13/100g,,Food Cupboard
005369,Leckford Estate Plain White Flour,G,false,2098,https://ecom-su-static-prod.wtrecom.com/images/products/3/LN_005369_BP_3.jpg,https://www.waitrose.com/ecom/products/leckford-estate-plain-white-flour/005369-2323-2324,Leckford Estate Plain White Flour,1.5kg,£1.90,£1.27/kg,,Food Cupboard
817375,Del Monte Apricot Halves in Light Syrup,G,false,2099,https://ecom-su-static-prod.wtrecom.com/images/products/3/LN_817375_BP_3.jpg,https://www.waitrose.com/ecom/products/del-monte-apricot-halves-in-light-syrup/817375-747584-747585,Del Monte Apricot Halves in Light Syrup,420g,£1.25,52.1p/100g,,Food Cupboard
451124,Crosta & Mollica Tagliatelle Pasta,G,false,2100,https://ecom-su-static-prod.wtrecom.com/images/products/3/LN_451124_BP_3.jpg,https://www.waitrose.com/ecom/products/crosta-mollica-tagliatelle-pasta/451124-784816-784817,Crosta & Mollica Tagliatelle Pasta,500g,£3.00,£6/kg,,Food Cupboard
716626,Tiptree Marmalade Orange & Tangerine,G,false,2101,https://ecom-su-static-prod.wtrecom.com/images/products/3/LN_716626_BP_3.jpg,https://www.waitrose.com/ecom/products/tiptree-marmalade-orange-tangerine/716626-801198-801199,Tiptree Marmalade Orange & Tangerine,340g,£3.00,88.2p/100g,,Food Cupboard
716437,Princes Chicken in White Sauce,G,false,2102,https://ecom-su-static-prod.wtrecom.com/images/products/3/LN_716437_BP_3.jpg,https://www.waitrose.com/ecom/products/princes-chicken-in-white-sauce/716437-793061-793062,Princes Chicken in White Sauce,392g,£2.30,58.7p/100g,,Food Cupboard
423123,Cadbury Roses Chocolate Box,G,false,2103,https://ecom-su-static-prod.wtrecom.com/images/products/3/LN_423123_BP_3.jpg,https://www.waitrose.com/ecom/products/cadbury-roses-chocolate-box/423123-740984-740985,Cadbury Roses Chocolate Box,275g,£5.00,£1.82/100g,,Food Cupboard
004519,Rose's Lemon & Lime Marmalade,G,false,2104,https://ecom-su-static-prod.wtrecom.com/images/products/3/LN_004519_BP_3.jpg,https://www.waitrose.com/ecom/products/roses-lemon-lime-marmalade/004519-1915-1916,Rose's Lemon & Lime Marmalade,454g,£2.85,62.8p/100g,,Food Cupboard
046668,Bahlsen Messino Dark Chocolate Jaffa,G,true,2105,https://ecom-su-static-prod.wtrecom.com/images/products/3/LN_046668_BP_3.jpg,https://www.waitrose.com/ecom/products/bahlsen-messino-dark-chocolate-jaffa/046668-23035-23036,Bahlsen Messino Dark Chocolate Jaffa,125g,£1.25,£1/100g,save 50p. Was £1.75,Food Cupboard
736219,Heinz Bolognese Pasta Sauce,G,true,2106,https://ecom-su-static-prod.wtrecom.com/images/products/3/LN_736219_BP_3.jpg,https://www.waitrose.com/ecom/products/heinz-bolognese-pasta-sauce/736219-802608-802609,Heinz Bolognese Pasta Sauce,350g,£1.50,42.9p/100g,save £1.00. Was £2.50,Food Cupboard
862862,La Vieja Fábrica Orange Thick Cut Marmalade,G,false,2107,https://ecom-su-static-prod.wtrecom.com/images/products/3/LN_862862_BP_3.jpg,https://www.waitrose.com/ecom/products/la-vieja-fabrica-orange-thick-cut-marmalade/862862-221729-221730,La Vieja Fábrica Orange Thick Cut Marmalade,365g,£2.50,68.5p/100g,,Food Cupboard
827005,TREK Smooth Lemon Protein Flapjacks Multipack,G,false,2108,https://ecom-su-static-prod.wtrecom.com/images/products/3/LN_827005_BP_3.jpg,https://www.waitrose.com/ecom/products/trek-smooth-lemon-protein-flapjacks-multipack/827005-744043-744044,TREK Smooth Lemon Protein Flapjacks Multipack,3x50g,£3.00,£2/100g,,Food Cupboard
527376,Waitrose Balsamic Dressing,G,false,2109,https://ecom-su-static-prod.wtrecom.com/images/products/3/LN_527376_BP_3.jpg,https://www.waitrose.com/ecom/products/waitrose-balsamic-dressing/527376-74550-74551,Waitrose Balsamic Dressing,235ml,£2.20,93.6p/100ml,,Food Cupboard
014840,Elsinore Soup Bouillabaisse,G,true,2110,https://ecom-su-static-prod.wtrecom.com/images/products/3/LN_014840_BP_3.jpg,https://www.waitrose.com/ecom/products/elsinore-soup-bouillabaisse/014840-7110-7111,Elsinore Soup Bouillabaisse,400g,£2.50,62.5p/100g,Add 2 for £4.50,Food Cupboard
431635,Waitrose Free From Gluten Porridge Oats,G,false,2111,https://ecom-su-static-prod.wtrecom.com/images/products/3/LN_431635_BP_3.jpg,https://www.waitrose.com/ecom/products/waitrose-free-from-gluten-porridge-oats/431635-791015-791016,Waitrose Free From Gluten Porridge Oats,1Kg,£4.30,43p/100g,,Food Cupboard
755430,Nairn's Gluten Free Oats & Fruit Biscuit Breaks,G,false,2112,https://ecom-su-static-prod.wtrecom.com/images/products/3/LN_755430_BP_3.jpg,https://www.waitrose.com/ecom/products/nairns-gluten-free-oats-fruit-biscuit-breaks/755430-254606-254607,Nairn's Gluten Free Oats & Fruit Biscuit Breaks,160g,£2.10,£1.32/100g,,Food Cupboard
683756,Lee Kum Kee Pure Sesame Oil,G,true,2113,https://ecom-su-static-prod.wtrecom.com/images/products/3/LN_683756_BP_3.jpg,https://www.waitrose.com/ecom/products/lee-kum-kee-pure-sesame-oil/683756-140404-140405,Lee Kum Kee Pure Sesame Oil,207ml,£2.55,£1.24/100ml,25% Off. Was £3.40,Food Cupboard
006741,Essential Currants,G,false,2114,https://ecom-su-static-prod.wtrecom.com/images/products/3/LN_006741_BP_3.jpg,https://www.waitrose.com/ecom/products/essential-currants/006741-3005-3006,Essential Currants,500g,£2.00,£4/kg,,Food Cupboard
743917,Cadbury Dairy Milk Mega Buttons,G,true,2115,https://ecom-su-static-prod.wtrecom.com/images/products/3/LN_743917_BP_3.jpg,https://www.waitrose.com/ecom/products/cadbury-dairy-milk-mega-buttons/743917-825878-825879,Cadbury Dairy Milk Mega Buttons,192g,£2.50,£1.31/100g,save 25p. Was £2.75,Food Cupboard
653304,Essentials High Fibre Bran,G,false,2116,https://ecom-su-static-prod.wtrecom.com/images/products/3/LN_653304_BP_3.jpg,https://www.waitrose.com/ecom/products/essentials-high-fibre-bran/653304-793504-793505,Essentials High Fibre Bran,750g,£2.95,39.3p/100g,,Food Cupboard
745757,Candy Kittens Sour Watermelon,G,false,2117,https://ecom-su-static-prod.wtrecom.com/images/products/3/LN_745757_BP_3.jpg,https://www.waitrose.com/ecom/products/candy-kittens-sour-watermelon/745757-658553-658554,Candy Kittens Sour Watermelon,140g,£2.75,£1.97/100g,,Food Cupboard
024517,Clearspring Organic Purée Apple & Apricot,G,false,2118,https://ecom-su-static-prod.wtrecom.com/images/products/3/LN_024517_BP_3.jpg,https://www.waitrose.com/ecom/products/clearspring-organic-puree-apple-apricot/024517-11890-11891,Clearspring Organic Purée Apple & Apricot,2x100g,£1.80,90p/100g,,Food Cupboard
057191,Patak's Pickle Lime,G,true,2119,https://ecom-su-static-prod.wtrecom.com/images/products/3/LN_057191_BP_3.jpg,https://www.waitrose.com/ecom/products/pataks-pickle-lime/057191-28761-28762,Patak's Pickle Lime,283g,£2.10,74.2p/100g,20% Off. Was £2.65,Food Cupboard
445647,The Spice Tailor Fiery Goan Curry,G,true,2120,https://ecom-su-static-prod.wtrecom.com/images/products/3/LN_445647_BP_3.jpg,https://www.waitrose.com/ecom/products/the-spice-tailor-fiery-goan-curry/445647-408500-408501,The Spice Tailor Fiery Goan Curry,300g,£3.75,£1.25/100g,Add 2 for £5,Food Cupboard
020206,Essential Pear Halves in Light Syrup,G,false,2121,https://ecom-su-static-prod.wtrecom.com/images/products/3/LN_020206_BP_3.jpg,https://www.waitrose.com/ecom/products/essential-pear-halves-in-light-syrup/020206-9837-9838,Essential Pear Halves in Light Syrup,drained 240g,£1.15,£4.80/kg,,Food Cupboard
643326,Lindt Choco Wafer Assorted,G,false,2122,https://ecom-su-static-prod.wtrecom.com/images/products/3/LN_643326_BP_3.jpg,https://www.waitrose.com/ecom/products/lindt-choco-wafer-assorted/643326-810074-810075,Lindt Choco Wafer Assorted,138g,£5.50,£3.99/100g,,Food Cupboard
408668,Candy Kittens Eton Mess,G,false,2123,https://ecom-su-static-prod.wtrecom.com/images/products/3/LN_408668_BP_3.jpg,https://www.waitrose.com/ecom/products/candy-kittens-eton-mess/408668-658011-658012,Candy Kittens Eton Mess,140g,£2.75,£1.97/100g,,Food Cupboard
007607,Sarson's Malt Vinegar,G,false,2124,https://ecom-su-static-prod.wtrecom.com/images/products/3/LN_007607_BP_3.jpg,https://www.waitrose.com/ecom/products/sarsons-malt-vinegar/007607-3560-3561,Sarson's Malt Vinegar,568ml,£1.70,29.9p/100ml,,Food Cupboard
594406,Waitrose Teeth & Lips,G,false,2125,https://ecom-su-static-prod.wtrecom.com/images/products/3/LN_594406_BP_3.jpg,https://www.waitrose.com/ecom/products/waitrose-teeth-lips/594406-731521-731522,Waitrose Teeth & Lips,65g,65p,£1/100g,,Food Cupboard
547132,Quaker Oat So Simple Gluten Free Porridge Sachets,G,true,2126,https://ecom-su-static-prod.wtrecom.com/images/products/3/LN_547132_BP_3.jpg,https://www.waitrose.com/ecom/products/quaker-oat-so-simple-gluten-free-porridge-sachets/547132-566381-566382,Quaker Oat So Simple Gluten Free Porridge Sachets,350g,£4.00,£1.15/100g,Add 2 for £4.50,Food Cupboard
409792,Waitrose Multi Seed Malted Bread Mix,G,false,2127,https://ecom-su-static-prod.wtrecom.com/images/products/3/LN_409792_BP_3.jpg,https://www.waitrose.com/ecom/products/waitrose-multi-seed-malted-bread-mix/409792-762254-762255,Waitrose Multi Seed Malted Bread Mix,500g,£1.35,£2.70/kg,,Food Cupboard
615043,Plants By Deliciously Ella Chocolate Hazelnut Butter,G,true,2128,https://ecom-su-static-prod.wtrecom.com/images/products/3/LN_615043_BP_3.jpg,https://www.waitrose.com/ecom/products/plants-by-deliciously-ella-chocolate-hazelnut-butter/615043-801158-801159,Plants By Deliciously Ella Chocolate Hazelnut Butter,170g,£2.60,£1.53/100g,20% Off. Was £3.30,Food Cupboard
468072,Geeta's Premium Lime Chilli Chutney,G,false,2129,https://ecom-su-static-prod.wtrecom.com/images/products/3/LN_468072_BP_3.jpg,https://www.waitrose.com/ecom/products/geetas-premium-lime-chilli-chutney/468072-706867-706868,Geeta's Premium Lime Chilli Chutney,230g,£1.95,84.8p/100g,,Food Cupboard
084042,Bacofoil Small Portion Trays & Lids,G,false,2130,https://ecom-su-static-prod.wtrecom.com/images/products/3/LN_084042_BP_3.jpg,https://www.waitrose.com/ecom/products/bacofoil-small-portion-trays-lids/084042-42668-42669,Bacofoil Small Portion Trays & Lids,6s,£2.80,46.7p each,,Food Cupboard
745007,Waitrose Oat & Chive Biscuits For Cheese,G,false,2131,https://ecom-su-static-prod.wtrecom.com/images/products/3/LN_745007_BP_3.jpg,https://www.waitrose.com/ecom/products/waitrose-oat-chive-biscuits-for-cheese/745007-807619-807620,Waitrose Oat & Chive Biscuits For Cheese,150g,£2.00,£1.34/100g,,Food Cupboard
534424,Tyrrell's Veg Crisps Balsamic Vinegar & Salt,G,false,2132,https://ecom-su-static-prod.wtrecom.com/images/products/3/LN_534424_BP_3.jpg,https://www.waitrose.com/ecom/products/tyrrells-veg-crisps-balsamic-vinegar-salt/534424-706341-706342,Tyrrell's Veg Crisps Balsamic Vinegar & Salt,125g,£2.90,£2.32/100g,,Food Cupboard
836299,Jacob's Flatbreads Mixed Seed Crackers,G,false,2133,https://ecom-su-static-prod.wtrecom.com/images/products/3/LN_836299_BP_3.jpg,https://www.waitrose.com/ecom/products/jacobs-flatbreads-mixed-seed-crackers/836299-791239-791240,Jacob's Flatbreads Mixed Seed Crackers,150g,£2.10,£1.40/100g,,Food Cupboard
799919,Ottolenghi Kalamata Olive and Harissa Sauce,G,false,2134,https://ecom-su-static-prod.wtrecom.com/images/products/3/LN_799919_BP_3.jpg,https://www.waitrose.com/ecom/products/ottolenghi-kalamata-olive-and-harissa-sauce/799919-824892-824893,Ottolenghi Kalamata Olive and Harissa Sauce,350g,£4.50,£1.29/100g,,Food Cupboard
607155,Deliciously Ella Gluten Free & Vegan Nutty Granola,G,false,2135,https://ecom-su-static-prod.wtrecom.com/images/products/3/LN_607155_BP_3.jpg,https://www.waitrose.com/ecom/products/deliciously-ella-gluten-free-vegan-nutty-granola/607155-728308-728309,Deliciously Ella Gluten Free & Vegan Nutty Granola,380g,£4.00,£1.06/100g,,Food Cupboard
793987,Newman's Own French Dressing,G,false,2136,https://ecom-su-static-prod.wtrecom.com/images/products/3/LN_793987_BP_3.jpg,https://www.waitrose.com/ecom/products/newmans-own-french-dressing/793987-275704-275705,Newman's Own French Dressing,250ml,£2.30,92p/100ml,,Food Cupboard
868925,Waitrose Pizza Mix with Semolina,G,false,2137,https://ecom-su-static-prod.wtrecom.com/images/products/3/LN_868925_BP_3.jpg,https://www.waitrose.com/ecom/products/waitrose-pizza-mix-with-semolina/868925-762602-762603,Waitrose Pizza Mix with Semolina,500g,£1.50,£3/kg,,Food Cupboard
738308,Colman's Mint Sauce,G,false,2138,https://ecom-su-static-prod.wtrecom.com/images/products/3/LN_738308_BP_3.jpg,https://www.waitrose.com/ecom/products/colmans-mint-sauce/738308-589437-589438,Colman's Mint Sauce,165g,£1.80,£1.10/100g,,Food Cupboard
880571,Billington's Dark Brown Soft Sugar,G,false,2139,https://ecom-su-static-prod.wtrecom.com/images/products/3/LN_880571_BP_3.jpg,https://www.waitrose.com/ecom/products/billingtons-dark-brown-soft-sugar/880571-343768-343769,Billington's Dark Brown Soft Sugar,500g,£2.10,£4.20/kg,,Food Cupboard
538358,Essential Cooking Salt,G,false,2140,https://ecom-su-static-prod.wtrecom.com/images/products/3/LN_538358_BP_3.jpg,https://www.waitrose.com/ecom/products/essential-cooking-salt/538358-76148-76149,Essential Cooking Salt,1.5kg,£1.95,£1.30/kg,,Food Cupboard
857539,KIND Gluten Free Peanut Butter Dark Chocolate Bars,G,true,2141,https://ecom-su-static-prod.wtrecom.com/images/products/3/LN_857539_BP_3.jpg,https://www.waitrose.com/ecom/products/kind-gluten-free-peanut-butter-dark-chocolate-bars/857539-728582-728583,KIND Gluten Free Peanut Butter Dark Chocolate Bars,3x30g,£2.00,£2.23/100g,save £1.15. Was £3.15,Food Cupboard
774451,Tony's Chocolonely Creamy Hazelnut Crunch,G,false,2142,https://ecom-su-static-prod.wtrecom.com/images/products/3/LN_774451_BP_3.jpg,https://www.waitrose.com/ecom/products/tonys-chocolonely-creamy-hazelnut-crunch/774451-777188-777189,Tony's Chocolonely Creamy Hazelnut Crunch,180g,£3.50,£1.95/100g,,Food Cupboard
817829,Baxters Caramelised Onion Chutney,G,true,2143,https://ecom-su-static-prod.wtrecom.com/images/products/3/LN_817829_BP_3.jpg,https://www.waitrose.com/ecom/products/baxters-caramelised-onion-chutney/817829-758722-758723,Baxters Caramelised Onion Chutney,290g,£2.00,69p/100g,20% Off. Was £2.50,Food Cupboard
807414,Lindt Classic Recipe Hazelnut,G,false,2144,https://ecom-su-static-prod.wtrecom.com/images/products/3/LN_807414_BP_3.jpg,https://www.waitrose.com/ecom/products/lindt-classic-recipe-hazelnut/807414-784572-784573,Lindt Classic Recipe Hazelnut,100g,£2.10,£2.10/100g,,Food Cupboard
514153,Belazu Smoked Chilli Nut Mix,G,true,2145,https://ecom-su-static-prod.wtrecom.com/images/products/3/LN_514153_BP_3.jpg,https://www.waitrose.com/ecom/products/belazu-smoked-chilli-nut-mix/514153-753741-753742,Belazu Smoked Chilli Nut Mix,120g,£3.30,£2.75/100g,20% Off. Was £4.15,Food Cupboard
515277,Cadbury Crunchie Rocks Chocolate Bag,G,false,2146,https://ecom-su-static-prod.wtrecom.com/images/products/3/LN_515277_BP_3.jpg,https://www.waitrose.com/ecom/products/cadbury-crunchie-rocks-chocolate-bag/515277-72811-72812,Cadbury Crunchie Rocks Chocolate Bag,110g,£1.90,£1.73/100g,,Food Cupboard
429942,Maryland Chocolate Chip Cookies,G,false,2147,https://ecom-su-static-prod.wtrecom.com/images/products/3/LN_429942_BP_3.jpg,https://www.waitrose.com/ecom/products/maryland-chocolate-chip-cookies/429942-146326-146327,Maryland Chocolate Chip Cookies,2x200g,£2.50,62.5p/100g,,Food Cupboard
696812,Linwoods Flax & Goji Berries,G,false,2148,https://ecom-su-static-prod.wtrecom.com/images/products/3/LN_696812_BP_3.jpg,https://www.waitrose.com/ecom/products/linwoods-flax-goji-berries/696812-450590-450591,Linwoods Flax & Goji Berries,425g,£6.85,£1.62/100g,,Food Cupboard
765490,Ricola Lemonmint Sugar Free Sweets,G,false,2149,https://ecom-su-static-prod.wtrecom.com/images/products/3/LN_765490_BP_3.jpg,https://www.waitrose.com/ecom/products/ricola-lemonmint-sugar-free-sweets/765490-368182-368183,Ricola Lemonmint Sugar Free Sweets,45g,£1.50,£3.34/100g,,Food Cupboard
863428,The Italian Takeout Gorgeous Garlic Mayo Dip,G,false,2150,https://ecom-su-static-prod.wtrecom.com/images/products/3/LN_863428_BP_3.jpg,https://www.waitrose.com/ecom/products/the-italian-takeout-gorgeous-garlic-mayo-dip/863428-793288-793289,The Italian Takeout Gorgeous Garlic Mayo Dip,60g,£1.00,£1.67/100g,,Food Cupboard
861142,Fragata Olives with Piquillo Peppers,G,false,2151,https://ecom-su-static-prod.wtrecom.com/images/products/3/LN_861142_BP_3.jpg,https://www.waitrose.com/ecom/products/fragata-olives-with-piquillo-peppers/861142-658855-658856,Fragata Olives with Piquillo Peppers,drained 150g,£2.35,£1.57/100g,,Food Cupboard
838307,Nice Rice Wholegrain Basmati,G,false,2152,https://ecom-su-static-prod.wtrecom.com/images/products/3/LN_838307_BP_3.jpg,https://www.waitrose.com/ecom/products/nice-rice-wholegrain-basmati/838307-805837-805838,Nice Rice Wholegrain Basmati,250g,£2.00,£8/kg,,Food Cupboard
504809,Littleover Apiary Pure English Honey,G,false,2153,https://ecom-su-static-prod.wtrecom.com/images/products/3/LN_504809_BP_3.jpg,https://www.waitrose.com/ecom/products/littleover-apiary-pure-english-honey/504809-275869-275870,Littleover Apiary Pure English Honey,340g,£5.50,£1.62/100g,,Food Cupboard
808089,Cadbury Dairy Milk & More Nutty Praline Crisp Bar,G,true,2154,https://ecom-su-static-prod.wtrecom.com/images/products/3/LN_808089_BP_3.jpg,https://www.waitrose.com/ecom/products/cadbury-dairy-milk-more-nutty-praline-crisp-bar/808089-825442-825443,Cadbury Dairy Milk & More Nutty Praline Crisp Bar,180g,£2.25,£1.25/100g,save 50p. Was £2.75,Food Cupboard
814489,Sharwood's Peshwari Naans,G,false,2155,https://ecom-su-static-prod.wtrecom.com/images/products/3/LN_814489_BP_3.jpg,https://www.waitrose.com/ecom/products/sharwoods-peshwari-naans/814489-712497-712498,Sharwood's Peshwari Naans,2s,£2.00,£1 each,,Food Cupboard
817957,Waitrose White Bread Mix,G,false,2156,https://ecom-su-static-prod.wtrecom.com/images/products/3/LN_817957_BP_3.jpg,https://www.waitrose.com/ecom/products/waitrose-white-bread-mix/817957-762546-762547,Waitrose White Bread Mix,500g,£1.00,£2/kg,,Food Cupboard
450573,Mrs Crimble's Gluten Free Cheese Crackers,G,false,2157,https://ecom-su-static-prod.wtrecom.com/images/products/3/LN_450573_BP_3.jpg,https://www.waitrose.com/ecom/products/mrs-crimbles-gluten-free-cheese-crackers/450573-63490-63491,Mrs Crimble's Gluten Free Cheese Crackers,130g,£1.90,£1.47/100g,,Food Cupboard
081076,Tilda Pure Basmati Rice,G,true,2158,https://ecom-su-static-prod.wtrecom.com/images/products/3/LN_081076_BP_3.jpg,https://www.waitrose.com/ecom/products/tilda-pure-basmati-rice/081076-41255-41256,Tilda Pure Basmati Rice,5kg,£13.50,£2.70/kg,save £3.30. Was £16.80,Food Cupboard
804467,Cooks' Ingredients Coriander Seeds,G,true,2159,https://ecom-su-static-prod.wtrecom.com/images/products/3/LN_804467_BP_3.jpg,https://www.waitrose.com/ecom/products/cooks-ingredients-coriander-seeds/804467-785146-785147,Cooks' Ingredients Coriander Seeds,24g,£1.60,66.7p/10g,Add 2 for £2.75,Food Cupboard
034483,Waitrose Moroccan Olives Salted À la Grecque,G,false,2160,https://ecom-su-static-prod.wtrecom.com/images/products/3/LN_034483_BP_3.jpg,https://www.waitrose.com/ecom/products/waitrose-moroccan-olives-salted-a-la-grecque/034483-17315-17316,Waitrose Moroccan Olives Salted À la Grecque,drained 200g,£3.50,£1.60/100g,,Food Cupboard
868363,Tony's Chocolonely Milk Caramel Biscuit,G,false,2161,https://ecom-su-static-prod.wtrecom.com/images/products/3/LN_868363_BP_3.jpg,https://www.waitrose.com/ecom/products/tonys-chocolonely-milk-caramel-biscuit/868363-777234-777235,Tony's Chocolonely Milk Caramel Biscuit,180g,£3.50,£1.95/100g,,Food Cupboard
600031,Nairn's Salted Caramel Oat Biscuits,G,false,2162,https://ecom-su-static-prod.wtrecom.com/images/products/3/LN_600031_BP_3.jpg,https://www.waitrose.com/ecom/products/nairns-salted-caramel-oat-biscuits/600031-808060-808061,Nairn's Salted Caramel Oat Biscuits,200g,£1.75,87.5p/100g,,Food Cupboard
495253,Walkers Cheese & Onion Multipack Crisps,G,false,2163,https://ecom-su-static-prod.wtrecom.com/images/products/3/LN_495253_BP_3.jpg,https://www.waitrose.com/ecom/products/walkers-cheese-onion-multipack-crisps/495253-731497-731498,Walkers Cheese & Onion Multipack Crisps,12x25g,£3.15,£1.05/100g,,Food Cupboard
527782,Rowse Organic Clear Honey Jar,G,false,2164,https://ecom-su-static-prod.wtrecom.com/images/products/3/LN_527782_BP_3.jpg,https://www.waitrose.com/ecom/products/rowse-organic-clear-honey-jar/527782-74620-74621,Rowse Organic Clear Honey Jar,340g,£3.75,£1.11/100g,,Food Cupboard
675439,Crisp 'N Dry Rapeseed Oil,G,true,2165,https://ecom-su-static-prod.wtrecom.com/images/products/3/LN_675439_BP_3.jpg,https://www.waitrose.com/ecom/products/crisp-n-dry-rapeseed-oil/675439-771895-771896,Crisp 'N Dry Rapeseed Oil,2litre,£3.75,18.8p/100ml,save £1.75. Was £5.50,Food Cupboard
501306,Bisto Best Onion Gravy Granules,G,false,2166,https://ecom-su-static-prod.wtrecom.com/images/products/3/LN_501306_BP_3.jpg,https://www.waitrose.com/ecom/products/bisto-best-onion-gravy-granules/501306-711108-711109,Bisto Best Onion Gravy Granules,230g,£4.00,£1.74/100g,,Food Cupboard
583797,Ryvita Snack It Thins Sea Salt & Cider Vinegar,G,true,2167,https://ecom-su-static-prod.wtrecom.com/images/products/3/LN_583797_BP_3.jpg,https://www.waitrose.com/ecom/products/ryvita-snack-it-thins-sea-salt-cider-vinegar/583797-813584-813585,Ryvita Snack It Thins Sea Salt & Cider Vinegar,125g,£1.25,£1/100g,save 95p. Was £2.20,Food Cupboard
888224,Wagamama Korean Style BBQ Stir Fry Sauce,G,false,2168,https://ecom-su-static-prod.wtrecom.com/images/products/3/LN_888224_BP_3.jpg,https://www.waitrose.com/ecom/products/wagamama-korean-style-bbq-stir-fry-sauce/888224-807269-807270,Wagamama Korean Style BBQ Stir Fry Sauce,120g,£1.35,£1.13/100g,,Food Cupboard
679181,Merchant Gourmet Dried Puy Lentils,G,false,2169,https://ecom-su-static-prod.wtrecom.com/images/products/3/LN_679181_BP_3.jpg,https://www.waitrose.com/ecom/products/merchant-gourmet-dried-puy-lentils/679181-818810-818811,Merchant Gourmet Dried Puy Lentils,300g,£3.60,£12/kg,,Food Cupboard
441295,Cooks' Ingredients Black Sesame Seeds,G,false,2170,https://ecom-su-static-prod.wtrecom.com/images/products/3/LN_441295_BP_3.jpg,https://www.waitrose.com/ecom/products/cooks-ingredients-black-sesame-seeds/441295-408490-408491,Cooks' Ingredients Black Sesame Seeds,50g,£1.85,37p/10g,,Food Cupboard
545162,nakd. Protein Peanut Butter Multipack,G,false,2171,https://ecom-su-static-prod.wtrecom.com/images/products/3/LN_545162_BP_3.jpg,https://www.waitrose.com/ecom/products/nakd-protein-peanut-butter-multipack/545162-808050-808051,nakd. Protein Peanut Butter Multipack,3x45g,£3.15,£2.34/100g,,Food Cupboard
044359,Weetabix Crunchy Bran,G,false,2172,https://ecom-su-static-prod.wtrecom.com/images/products/3/LN_044359_BP_3.jpg,https://www.waitrose.com/ecom/products/weetabix-crunchy-bran/044359-21862-21863,Weetabix Crunchy Bran,375g,£3.15,84p/100g,,Food Cupboard
008925,Canderel Granular Low Calorie Sweetener,G,false,2173,https://ecom-su-static-prod.wtrecom.com/images/products/3/LN_008925_BP_3.jpg,https://www.waitrose.com/ecom/products/canderel-granular-low-calorie-sweetener/008925-4249-4250,Canderel Granular Low Calorie Sweetener,75g,£2.25,£30/kg,,Food Cupboard
701328,Cooks' Ingredients Black Peppercorns,G,false,2174,https://ecom-su-static-prod.wtrecom.com/images/products/3/LN_701328_BP_3.jpg,https://www.waitrose.com/ecom/products/cooks-ingredients-black-peppercorns/701328-785054-785055,Cooks' Ingredients Black Peppercorns,42g,£2.25,53.6p/10g,,Food Cupboard
034136,Essential Light in Colour Olive Oil,G,false,2175,https://ecom-su-static-prod.wtrecom.com/images/products/3/LN_034136_BP_3.jpg,https://www.waitrose.com/ecom/products/essential-light-in-colour-olive-oil/034136-17083-17084,Essential Light in Colour Olive Oil,500ml,£5.50,£1.10/100ml,,Food Cupboard
406581,McVitie's Fruit Shortcake,G,false,2176,https://ecom-su-static-prod.wtrecom.com/images/products/3/LN_406581_BP_3.jpg,https://www.waitrose.com/ecom/products/mcvities-fruit-shortcake/406581-823018-823019,McVitie's Fruit Shortcake,200g,£1.50,75p/100g,,Food Cupboard
803877,Heinz Tomato & Chilli Cup Soup,G,true,2177,https://ecom-su-static-prod.wtrecom.com/images/products/3/LN_803877_BP_3.jpg,https://www.waitrose.com/ecom/products/heinz-tomato-chilli-cup-soup/803877-450678-450679,Heinz Tomato & Chilli Cup Soup,4x22.5g,£1.50,£1.67/100g,Add 3 for £4,Food Cupboard
648094,KIND Protein Crunchy Peanut Butter,G,true,2178,https://ecom-su-static-prod.wtrecom.com/images/products/3/LN_648094_BP_3.jpg,https://www.waitrose.com/ecom/products/kind-protein-crunchy-peanut-butter/648094-772622-772623,KIND Protein Crunchy Peanut Butter,3x42g,£3.00,£2.39/100g,save 75p. Was £3.75,Food Cupboard
007847,Zanae Vine Leaves Stuffed with Rice,G,false,2179,https://ecom-su-static-prod.wtrecom.com/images/products/3/LN_007847_BP_3.jpg,https://www.waitrose.com/ecom/products/zanae-vine-leaves-stuffed-with-rice/007847-3731-3732,Zanae Vine Leaves Stuffed with Rice,280g,£2.50,89.3p/100g,,Food Cupboard
572140,Knorr Gluten Free Fish Stock Pot,G,false,2180,https://ecom-su-static-prod.wtrecom.com/images/products/3/LN_572140_BP_3.jpg,https://www.waitrose.com/ecom/products/knorr-gluten-free-fish-stock-pot/572140-229879-229880,Knorr Gluten Free Fish Stock Pot,4x28g,£2.00,£1.79/100g,,Food Cupboard
862787,Knorr Gluten Free Beef Stock Pot,G,false,2181,https://ecom-su-static-prod.wtrecom.com/images/products/3/LN_862787_BP_3.jpg,https://www.waitrose.com/ecom/products/knorr-gluten-free-beef-stock-pot/862787-230087-230088,Knorr Gluten Free Beef Stock Pot,4x28g,£2.00,£1.79/100g,,Food Cupboard
829764,John West Mackerel Fillets in Tomato Chilli,G,false,2182,https://ecom-su-static-prod.wtrecom.com/images/products/3/LN_829764_BP_3.jpg,https://www.waitrose.com/ecom/products/john-west-mackerel-fillets-in-tomato-chilli/829764-420527-420528,John West Mackerel Fillets in Tomato Chilli,115g,£1.95,£1.70/100g,,Food Cupboard
803543,Peppersmith Peppermint,G,false,2183,https://ecom-su-static-prod.wtrecom.com/images/products/3/LN_803543_BP_3.jpg,https://www.waitrose.com/ecom/products/peppersmith-peppermint/803543-162209-162210,Peppersmith Peppermint,15g,£1.50,£10/100g,,Food Cupboard
023375,Sacla' Italia Organic Basil Pesto,G,false,2184,https://ecom-su-static-prod.wtrecom.com/images/products/3/LN_023375_BP_3.jpg,https://www.waitrose.com/ecom/products/sacla-italia-organic-basil-pesto/023375-11355-11356,Sacla' Italia Organic Basil Pesto,190g,£3.80,£2/100g,,Food Cupboard
839875,St Lawrence Gold Pure First Tapped Maple Syrup,G,false,2185,https://ecom-su-static-prod.wtrecom.com/images/products/3/LN_839875_BP_3.jpg,https://www.waitrose.com/ecom/products/st-lawrence-gold-pure-first-tapped-maple-syrup/839875-824201-824202,St Lawrence Gold Pure First Tapped Maple Syrup,250g,£5.50,£2.20/100g,,Food Cupboard
725923,Fruit Bowl Raspberry Yoghurt Flakes,G,true,2186,https://ecom-su-static-prod.wtrecom.com/images/products/3/LN_725923_BP_3.jpg,https://www.waitrose.com/ecom/products/fruit-bowl-raspberry-yoghurt-flakes/725923-666720-666721,Fruit Bowl Raspberry Yoghurt Flakes,5x18g,£1.75,£1.95/100g,save 60p. Was £2.35,Food Cupboard
773646,Proper Corn Lightly Sea Salted,G,true,2187,https://ecom-su-static-prod.wtrecom.com/images/products/3/LN_773646_BP_3.jpg,https://www.waitrose.com/ecom/products/proper-corn-lightly-sea-salted/773646-485837-485838,Proper Corn Lightly Sea Salted,70g,£1.50,£2.15/100g,save 50p. Was £2.00,Food Cupboard
770501,Baxters Favourites Soup Cream of Chicken,G,false,2188,https://ecom-su-static-prod.wtrecom.com/images/products/3/LN_770501_BP_3.jpg,https://www.waitrose.com/ecom/products/baxters-favourites-soup-cream-of-chicken/770501-347862-347863,Baxters Favourites Soup Cream of Chicken,400g,£2.00,50p/100g,,Food Cupboard
581154,Maidea Gluten Free Paccheri Pasta,G,false,2189,https://ecom-su-static-prod.wtrecom.com/images/products/3/LN_581154_BP_3.jpg,https://www.waitrose.com/ecom/products/maidea-gluten-free-paccheri-pasta/581154-745101-745102,Maidea Gluten Free Paccheri Pasta,250g,£3.60,£1.44/100g,,Food Cupboard
850825,Billington's Demerara Cane Sugar,G,true,2190,https://ecom-su-static-prod.wtrecom.com/images/products/3/LN_850825_BP_3.jpg,https://www.waitrose.com/ecom/products/billingtons-demerara-cane-sugar/850825-343650-343651,Billington's Demerara Cane Sugar,1kg,£2.25,£2.25/kg,Save 1/3. Was £3.40,Food Cupboard
838968,Food Thoughts FT Organic Cacao Powder,G,true,2191,https://ecom-su-static-prod.wtrecom.com/images/products/3/LN_838968_BP_3.jpg,https://www.waitrose.com/ecom/products/food-thoughts-ft-organic-cacao-powder/838968-593937-593938,Food Thoughts FT Organic Cacao Powder,125g,£2.55,£2.04/100g,25% Off. Was £3.40,Food Cupboard
520980,Tiptree No Peel Marmalade,G,false,2192,https://ecom-su-static-prod.wtrecom.com/images/products/3/LN_520980_BP_3.jpg,https://www.waitrose.com/ecom/products/tiptree-no-peel-marmalade/520980-801124-801125,Tiptree No Peel Marmalade,340g,£2.95,86.8p/100g,,Food Cupboard
525588,Waitrose Free From Gluten Green Pea Pasta,G,false,2193,https://ecom-su-static-prod.wtrecom.com/images/products/3/LN_525588_BP_3.jpg,https://www.waitrose.com/ecom/products/waitrose-free-from-gluten-green-pea-pasta/525588-496324-496325,Waitrose Free From Gluten Green Pea Pasta,250g,£2.00,£8/kg,,Food Cupboard
568023,Sharwood's Butter Chicken Cooking Sauce,G,false,2194,https://ecom-su-static-prod.wtrecom.com/images/products/3/LN_568023_BP_3.jpg,https://www.waitrose.com/ecom/products/sharwoods-butter-chicken-cooking-sauce/568023-702781-702782,Sharwood's Butter Chicken Cooking Sauce,420g,£2.50,59.5p/100g,,Food Cupboard
414770,McVities Penguin Family Pack 14s,G,false,2195,https://ecom-su-static-prod.wtrecom.com/images/products/3/LN_414770_BP_3.jpg,https://www.waitrose.com/ecom/products/mcvities-penguin-family-pack-14s/414770-812395-812396,McVities Penguin Family Pack 14s,344g,£3.30,95.9p/100g,,Food Cupboard
520078,Plants By Deliciously Ella Spinach Fusilli,G,true,2196,https://ecom-su-static-prod.wtrecom.com/images/products/3/LN_520078_BP_3.jpg,https://www.waitrose.com/ecom/products/plants-by-deliciously-ella-spinach-fusilli/520078-802549-802550,Plants By Deliciously Ella Spinach Fusilli,250g,£2.00,£8/kg,20% Off. Was £2.50,Food Cupboard
382718,Essential Squeezy Half Fat Mayonnaise,G,false,2197,https://ecom-su-static-prod.wtrecom.com/images/products/3/LN_382718_BP_3.jpg,https://www.waitrose.com/ecom/products/essential-squeezy-half-fat-mayonnaise/382718-203212-203213,Essential Squeezy Half Fat Mayonnaise,500ml,£1.40,,,Food Cupboard
528240,Cooks' Ingredients Hot Chilli Powder,G,false,2198,https://ecom-su-static-prod.wtrecom.com/images/products/3/LN_528240_BP_3.jpg,https://www.waitrose.com/ecom/products/cooks-ingredients-hot-chilli-powder/528240-784898-784899,Cooks' Ingredients Hot Chilli Powder,40g,£1.60,40p/10g,,Food Cupboard
809889,Peter's Yard Pumpkin & Sunflower Seed Sourdough Crackers,G,false,2199,https://ecom-su-static-prod.wtrecom.com/images/products/3/LN_809889_BP_3.jpg,https://www.waitrose.com/ecom/products/peters-yard-pumpkin-sunflower-seed-sourdough-crackers/809889-813782-813783,Peter's Yard Pumpkin & Sunflower Seed Sourdough Crackers,105g,£2.65,£2.53/100g,,Food Cupboard
649006,Del Monte Fruit Cocktail in Light Syrup,G,false,2200,https://ecom-su-static-prod.wtrecom.com/images/products/3/LN_649006_BP_3.jpg,https://www.waitrose.com/ecom/products/del-monte-fruit-cocktail-in-light-syrup/649006-747492-747493,Del Monte Fruit Cocktail in Light Syrup,420g,£1.25,50p/100g,,Food Cupboard
731965,Gallo Risotto Arborio Rice,G,false,2201,https://ecom-su-static-prod.wtrecom.com/images/products/3/LN_731965_BP_3.jpg,https://www.waitrose.com/ecom/products/gallo-risotto-arborio-rice/731965-723994-723995,Gallo Risotto Arborio Rice,500g,£3.00,£6/kg,,Food Cupboard
826220,Graze Peanut Butter Oat Boosts,G,false,2202,https://ecom-su-static-prod.wtrecom.com/images/products/3/LN_826220_BP_3.jpg,https://www.waitrose.com/ecom/products/graze-peanut-butter-oat-boosts/826220-786360-786361,Graze Peanut Butter Oat Boosts,4x30g,£2.90,£2.42/100g,,Food Cupboard
036374,"Filippo Berio Olive Oil, Mild & Light Colour",G,false,2203,https://ecom-su-static-prod.wtrecom.com/images/products/3/LN_036374_BP_3.jpg,https://www.waitrose.com/ecom/products/filippo-berio-olive-oil-mild-light-colour/036374-18227-18228,"Filippo Berio Olive Oil, Mild & Light Colour",500ml,£10.15,£2.03/100ml,,Food Cupboard
630522,Wrigleys Extra White Bubblemint,G,false,2204,https://ecom-su-static-prod.wtrecom.com/images/products/3/LN_630522_BP_3.jpg,https://www.waitrose.com/ecom/products/wrigleys-extra-white-bubblemint/630522-706459-706460,Wrigleys Extra White Bubblemint,5x14g,£3.15,£4.50/100g,,Food Cupboard
494644,Tony's Chocolonely Dark Milk Pretzel Toffee,G,false,2205,https://ecom-su-static-prod.wtrecom.com/images/products/3/LN_494644_BP_3.jpg,https://www.waitrose.com/ecom/products/tonys-chocolonely-dark-milk-pretzel-toffee/494644-744505-744506,Tony's Chocolonely Dark Milk Pretzel Toffee,180g,£3.50,£1.95/100g,,Food Cupboard
448790,"Waitrose Sea Salt, Chilli & Lime Mix",G,false,2206,https://ecom-su-static-prod.wtrecom.com/images/products/3/LN_448790_BP_3.jpg,https://www.waitrose.com/ecom/products/waitrose-sea-salt-chilli-lime-mix/448790-762956-762957,"Waitrose Sea Salt, Chilli & Lime Mix",150g,£1.85,£1.24/100g,,Food Cupboard
839363,Waitrose Chopped & Dried Pitted Dates,G,false,2207,https://ecom-su-static-prod.wtrecom.com/images/products/3/LN_839363_BP_3.jpg,https://www.waitrose.com/ecom/products/waitrose-chopped-dried-pitted-dates/839363-782563-782564,Waitrose Chopped & Dried Pitted Dates,250g,£2.00,80p/100g,,Food Cupboard
608605,BEAR Giant Yoyo Apple & Blackcurrant,G,true,2208,https://ecom-su-static-prod.wtrecom.com/images/products/3/LN_608605_BP_3.jpg,https://www.waitrose.com/ecom/products/bear-giant-yoyo-apple-blackcurrant/608605-728310-728311,BEAR Giant Yoyo Apple & Blackcurrant,5s,£2.00,40p each,save 85p. Was £2.85,Food Cupboard
816509,Walkers Wotsits Crunchy Sweet & Spicy Flamin' Hot,G,true,2209,https://ecom-su-static-prod.wtrecom.com/images/products/3/LN_816509_BP_3.jpg,https://www.waitrose.com/ecom/products/walkers-wotsits-crunchy-sweet-spicy-flamin-hot/816509-804192-804193,Walkers Wotsits Crunchy Sweet & Spicy Flamin' Hot,140g,£1.50,£1.08/100g,save £1.00. Was £2.50,Food Cupboard
496098,Lily O'Brien's Desserts Collection,G,true,2210,https://ecom-su-static-prod.wtrecom.com/images/products/3/LN_496098_BP_3.jpg,https://www.waitrose.com/ecom/products/lily-obriens-desserts-collection/496098-70130-70131,Lily O'Brien's Desserts Collection,210g,£5.60,£2.67/100g,20% Off. Was £7.00,Food Cupboard
888532,Ember Original Biltong,G,false,2211,https://ecom-su-static-prod.wtrecom.com/images/products/3/LN_888532_BP_3.jpg,https://www.waitrose.com/ecom/products/ember-original-biltong/888532-663326-663327,Ember Original Biltong,25g,£2.20,£88/kg,,Food Cupboard
870657,Flahavan's Irish Multi Seed Porridge Oats,G,false,2212,https://ecom-su-static-prod.wtrecom.com/images/products/3/LN_870657_BP_3.jpg,https://www.waitrose.com/ecom/products/flahavans-irish-multi-seed-porridge-oats/870657-443086-443087,Flahavan's Irish Multi Seed Porridge Oats,600g,£3.40,56.7p/100g,,Food Cupboard
685722,Eat Real Lentil Chips Creamy Dill,G,false,2213,https://ecom-su-static-prod.wtrecom.com/images/products/3/LN_685722_BP_3.jpg,https://www.waitrose.com/ecom/products/eat-real-lentil-chips-creamy-dill/685722-818824-818825,Eat Real Lentil Chips Creamy Dill,95g,£2.10,£2.22/100g,,Food Cupboard
881090,Ambrosia Chocolate Devon Custard,G,false,2214,https://ecom-su-static-prod.wtrecom.com/images/products/3/LN_881090_BP_3.jpg,https://www.waitrose.com/ecom/products/ambrosia-chocolate-devon-custard/881090-343770-343771,Ambrosia Chocolate Devon Custard,150g,95p,63.3p/100g,,Food Cupboard
612649,Waitrose Roasted Salted Cashews,G,false,2215,https://ecom-su-static-prod.wtrecom.com/images/products/3/LN_612649_BP_3.jpg,https://www.waitrose.com/ecom/products/waitrose-roasted-salted-cashews/612649-782797-782798,Waitrose Roasted Salted Cashews,100g,£1.95,£1.95/100g,,Food Cupboard
539450,Waitrose Peppered Mackerel,G,false,2216,https://ecom-su-static-prod.wtrecom.com/images/products/3/LN_539450_BP_3.jpg,https://www.waitrose.com/ecom/products/waitrose-peppered-mackerel/539450-747418-747419,Waitrose Peppered Mackerel,drained 70g,£2.30,£3.29/100g,,Food Cupboard
546964,Waitrose Ploughman's Pickle,G,false,2217,https://ecom-su-static-prod.wtrecom.com/images/products/3/LN_546964_BP_3.jpg,https://www.waitrose.com/ecom/products/waitrose-ploughmans-pickle/546964-692896-692897,Waitrose Ploughman's Pickle,310g,£2.50,80.6p/100g,,Food Cupboard
375679,Baldjis Kalamata Figs In Syrup,G,false,2218,https://ecom-su-static-prod.wtrecom.com/images/products/3/LN_375679_BP_3.jpg,https://www.waitrose.com/ecom/products/baldjis-kalamata-figs-in-syrup/375679-147887-147888,Baldjis Kalamata Figs In Syrup,drained 210g,£1.65,£7.86/kg,,Food Cupboard
006745,Essential Mixed Fruit,G,false,2219,https://ecom-su-static-prod.wtrecom.com/images/products/3/LN_006745_BP_3.jpg,https://www.waitrose.com/ecom/products/essential-mixed-fruit/006745-3013-3014,Essential Mixed Fruit,1kg,£3.25,£3.25/kg,,Food Cupboard
597482,Belazu Truffle & Pecorino Nut Mix,G,true,2220,https://ecom-su-static-prod.wtrecom.com/images/products/3/LN_597482_BP_3.jpg,https://www.waitrose.com/ecom/products/belazu-truffle-pecorino-nut-mix/597482-754063-754064,Belazu Truffle & Pecorino Nut Mix,135g,£4.00,£2.97/100g,20% Off. Was £5.00,Food Cupboard
605513,Walkers Assorted Crisp Box,G,false,2221,https://ecom-su-static-prod.wtrecom.com/images/products/3/LN_605513_BP_3.jpg,https://www.waitrose.com/ecom/products/walkers-assorted-crisp-box/605513-803652-803652,Walkers Assorted Crisp Box,20x25g,£4.25,85p/100g,,Food Cupboard
034613,HP Brown Sauce Glass Bottle,G,false,2222,https://ecom-su-static-prod.wtrecom.com/images/products/3/LN_034613_BP_3.jpg,https://www.waitrose.com/ecom/products/hp-brown-sauce-glass-bottle/034613-17403-17404,HP Brown Sauce Glass Bottle,255g,£2.30,90.2p/100g,,Food Cupboard
620493,No.1 Dark Chocolate with Spiced Orange,G,false,2223,https://ecom-su-static-prod.wtrecom.com/images/products/3/LN_620493_BP_3.jpg,https://www.waitrose.com/ecom/products/no1-dark-chocolate-with-spiced-orange/620493-706930-706931,No.1 Dark Chocolate with Spiced Orange,100g,£2.25,£2.25/100g,,Food Cupboard
462132,Essential For Chicken Gravy Granules,G,false,2224,https://ecom-su-static-prod.wtrecom.com/images/products/3/LN_462132_BP_3.jpg,https://www.waitrose.com/ecom/products/essential-for-chicken-gravy-granules/462132-812786-812787,Essential For Chicken Gravy Granules,170g,£1.00,58.8p/100g,,Food Cupboard
559863,Cirio Pelati Peeled Plum Tomatoes,G,false,2225,https://ecom-su-static-prod.wtrecom.com/images/products/3/LN_559863_BP_3.jpg,https://www.waitrose.com/ecom/products/cirio-pelati-peeled-plum-tomatoes/559863-79264-79265,Cirio Pelati Peeled Plum Tomatoes,drained 250g,£1.40,£5.60/kg,,Food Cupboard
495468,Weetabix Protein,G,false,2226,https://ecom-su-static-prod.wtrecom.com/images/products/3/LN_495468_BP_3.jpg,https://www.waitrose.com/ecom/products/weetabix-protein/495468-479418-479419,Weetabix Protein,24s,£4.00,16.7p each,,Food Cupboard
787068,Baxters Baby Beetroot,G,false,2227,https://ecom-su-static-prod.wtrecom.com/images/products/3/LN_787068_BP_3.jpg,https://www.waitrose.com/ecom/products/baxters-baby-beetroot/787068-371824-371825,Baxters Baby Beetroot,drained 335g,£2.40,71.6p/100g,,Food Cupboard
578153,Stute NAS Fine Cut Orange Marmalade,G,true,2228,https://ecom-su-static-prod.wtrecom.com/images/products/3/LN_578153_BP_3.jpg,https://www.waitrose.com/ecom/products/stute-nas-fine-cut-orange-marmalade/578153-275907-275908,Stute NAS Fine Cut Orange Marmalade,430g,£2.20,51.2p/100g,save 60p. Was £2.80,Food Cupboard
842224,Duchy Organic Ground Almonds,G,false,2229,https://ecom-su-static-prod.wtrecom.com/images/products/3/LN_842224_BP_3.jpg,https://www.waitrose.com/ecom/products/duchy-organic-ground-almonds/842224-752677-752678,Duchy Organic Ground Almonds,200g,£4.50,£22.50/kg,,Food Cupboard
399626,The Spice Tailor Rustic Rogan Josh,G,true,2230,https://ecom-su-static-prod.wtrecom.com/images/products/3/LN_399626_BP_3.jpg,https://www.waitrose.com/ecom/products/the-spice-tailor-rustic-rogan-josh/399626-139974-139975,The Spice Tailor Rustic Rogan Josh,300g,£3.75,£1.25/100g,Add 2 for £5,Food Cupboard
706276,Carr's Table Water Cracked Black Pepper Crackers,G,false,2231,https://ecom-su-static-prod.wtrecom.com/images/products/3/LN_706276_BP_3.jpg,https://www.waitrose.com/ecom/products/carrs-table-water-cracked-black-pepper-crackers/706276-100303-100304,Carr's Table Water Cracked Black Pepper Crackers,125g,£1.80,£1.44/100g,,Food Cupboard
666401,Baxters Albert's Victorian Chutney,G,true,2232,https://ecom-su-static-prod.wtrecom.com/images/products/3/LN_666401_BP_3.jpg,https://www.waitrose.com/ecom/products/baxters-alberts-victorian-chutney/666401-758596-758597,Baxters Albert's Victorian Chutney,270g,£1.75,64.8p/100g,20% Off. Was £2.20,Food Cupboard
067979,Kellogg's Special K Peach & Apricot Breakfast Cereal,G,false,2233,https://ecom-su-static-prod.wtrecom.com/images/products/3/LN_067979_BP_3.jpg,https://www.waitrose.com/ecom/products/kelloggs-special-k-peach-apricot-breakfast-cereal/067979-34509-34510,Kellogg's Special K Peach & Apricot Breakfast Cereal,360g,£3.45,95.8p/100g,,Food Cupboard
527275,Lusso Vita Anchovy Paste,G,false,2234,https://ecom-su-static-prod.wtrecom.com/images/products/3/LN_527275_BP_3.jpg,https://www.waitrose.com/ecom/products/lusso-vita-anchovy-paste/527275-287942-287943,Lusso Vita Anchovy Paste,60g,£1.40,£2.34/100g,,Food Cupboard
484959,Heinz 50% Less Sugar & Salt Tomato Ketchup,G,false,2235,https://ecom-su-static-prod.wtrecom.com/images/products/3/LN_484959_BP_3.jpg,https://www.waitrose.com/ecom/products/heinz-50-less-sugar-salt-tomato-ketchup/484959-727066-727067,Heinz 50% Less Sugar & Salt Tomato Ketchup,880g,£4.50,51.1p/100g,,Food Cupboard
748964,Olly's Pretzels Thins Salted Original,G,true,2236,https://ecom-su-static-prod.wtrecom.com/images/products/3/LN_748964_BP_3.jpg,https://www.waitrose.com/ecom/products/ollys-pretzels-thins-salted-original/748964-778984-778985,Olly's Pretzels Thins Salted Original,140g,£1.50,£1.08/100g,save 70p. Was £2.20,Food Cupboard
461208,Eat Real Hummus Chips Sea Salt,G,false,2237,https://ecom-su-static-prod.wtrecom.com/images/products/3/LN_461208_BP_3.jpg,https://www.waitrose.com/ecom/products/eat-real-hummus-chips-sea-salt/461208-818337-818338,Eat Real Hummus Chips Sea Salt,110g,£2.10,£1.91/100g,,Food Cupboard
019139,Heinz Macaroni Cheese,G,true,2238,https://ecom-su-static-prod.wtrecom.com/images/products/3/LN_019139_BP_3.jpg,https://www.waitrose.com/ecom/products/heinz-macaroni-cheese/019139-9257-9258,Heinz Macaroni Cheese,400g,£2.00,£5/kg,Add 3 for £4.50,Food Cupboard
401757,Groovy Food Organic Coconut Sugar,G,false,2239,https://ecom-su-static-prod.wtrecom.com/images/products/3/LN_401757_BP_3.jpg,https://www.waitrose.com/ecom/products/groovy-food-organic-coconut-sugar/401757-647944-647945,Groovy Food Organic Coconut Sugar,500g,£4.20,84p/100g,,Food Cupboard
440384,Waitrose Chocolate Biscuit Selection,G,false,2240,https://ecom-su-static-prod.wtrecom.com/images/products/3/LN_440384_BP_3.jpg,https://www.waitrose.com/ecom/products/waitrose-chocolate-biscuit-selection/440384-815187-815188,Waitrose Chocolate Biscuit Selection,400g,£6.00,£1.50/100g,,Food Cupboard
848416,Plants By Deliciously Ella Mediterranean Sundried Red Tomato Vegan Pesto,G,true,2241,https://ecom-su-static-prod.wtrecom.com/images/products/3/LN_848416_BP_3.jpg,https://www.waitrose.com/ecom/products/plants-by-deliciously-ella-mediterranean-sundried-red-tomato-vegan-pesto/848416-802646-802647,Plants By Deliciously Ella Mediterranean Sundried Red Tomato Vegan Pesto,180g,£2.40,£1.34/100g,20% Off. Was £3.00,Food Cupboard
006993,Heinz Classic Scotch Broth Soup,G,true,2242,https://ecom-su-static-prod.wtrecom.com/images/products/3/LN_006993_BP_3.jpg,https://www.waitrose.com/ecom/products/heinz-classic-scotch-broth-soup/006993-3155-3156,Heinz Classic Scotch Broth Soup,400g,£1.75,43.8p/100g,Add 3 for £4.50,Food Cupboard
402605,Get Buzzing Banana Bars,G,true,2243,https://ecom-su-static-prod.wtrecom.com/images/products/3/LN_402605_BP_3.jpg,https://www.waitrose.com/ecom/products/get-buzzing-banana-bars/402605-56656-56657,Get Buzzing Banana Bars,3x62g,£2.00,£1.08/100g,save 50p. Was £2.50,Food Cupboard
538317,Buckwud Organic Canadian Maple Syrup,G,false,2244,https://ecom-su-static-prod.wtrecom.com/images/products/3/LN_538317_BP_3.jpg,https://www.waitrose.com/ecom/products/buckwud-organic-canadian-maple-syrup/538317-197920-197921,Buckwud Organic Canadian Maple Syrup,250g,£6.30,£2.52/100g,,Food Cupboard
392125,Cooks' Ingredients Glace Cherries,G,false,2245,https://ecom-su-static-prod.wtrecom.com/images/products/3/LN_392125_BP_3.jpg,https://www.waitrose.com/ecom/products/cooks-ingredients-glace-cherries/392125-55121-55122,Cooks' Ingredients Glace Cherries,200g,£2.35,£11.75/kg,,Food Cupboard
067395,Waitrose Vine Fruit Mix,G,false,2246,https://ecom-su-static-prod.wtrecom.com/images/products/3/LN_067395_BP_3.jpg,https://www.waitrose.com/ecom/products/waitrose-vine-fruit-mix/067395-34191-34192,Waitrose Vine Fruit Mix,1kg,£4.95,49.5p/100g,,Food Cupboard
672614,Waitrose Roasted & Salted Pistachio Nuts Can,G,false,2247,https://ecom-su-static-prod.wtrecom.com/images/products/3/LN_672614_BP_3.jpg,https://www.waitrose.com/ecom/products/waitrose-roasted-salted-pistachio-nuts-can/672614-818797-818798,Waitrose Roasted & Salted Pistachio Nuts Can,250g,£5.00,£2/100g,,Food Cupboard
694816,Cooks' Ingredients Mixed Spice,G,true,2248,https://ecom-su-static-prod.wtrecom.com/images/products/3/LN_694816_BP_3.jpg,https://www.waitrose.com/ecom/products/cooks-ingredients-mixed-spice/694816-785046-785047,Cooks' Ingredients Mixed Spice,35g,£1.60,45.7p/10g,Add 2 for £2.75,Food Cupboard
831595,Heinz Seriously Good Light Mayonnaise,G,false,2249,https://ecom-su-static-prod.wtrecom.com/images/products/3/LN_831595_BP_3.jpg,https://www.waitrose.com/ecom/products/heinz-seriously-good-light-mayonnaise/831595-826774-826775,Heinz Seriously Good Light Mayonnaise,815g,£3.50,42.9p/100g,,Food Cupboard
048765,Clearspring 7 Sheets Sushi Nori,G,false,2250,https://ecom-su-static-prod.wtrecom.com/images/products/3/LN_048765_BP_3.jpg,https://www.waitrose.com/ecom/products/clearspring-7-sheets-sushi-nori/048765-24258-24259,Clearspring 7 Sheets Sushi Nori,17g,£3.25,£19.12/100g,,Food Cupboard
686492,Tilda Kids Cheese & Tomato Rice,G,false,2251,https://ecom-su-static-prod.wtrecom.com/images/products/3/LN_686492_BP_3.jpg,https://www.waitrose.com/ecom/products/tilda-kids-cheese-tomato-rice/686492-187451-187452,Tilda Kids Cheese & Tomato Rice,125g,£1.30,£10.40/kg,,Food Cupboard
471847,Waitrose Reduced Sugar Orange Marmalade,G,false,2252,https://ecom-su-static-prod.wtrecom.com/images/products/3/LN_471847_BP_3.jpg,https://www.waitrose.com/ecom/products/waitrose-reduced-sugar-orange-marmalade/471847-759650-759651,Waitrose Reduced Sugar Orange Marmalade,320g,£1.85,57.8p/100g,,Food Cupboard
418252,No.1 Almond & Hazelnut Italian Nougat,G,false,2253,https://ecom-su-static-prod.wtrecom.com/images/products/3/LN_418252_BP_3.jpg,https://www.waitrose.com/ecom/products/no1-almond-hazelnut-italian-nougat/418252-674100-674101,No.1 Almond & Hazelnut Italian Nougat,100g,£3.50,£3.50/100g,,Food Cupboard
784988,Montezuma's Absolute Black,G,false,2254,https://ecom-su-static-prod.wtrecom.com/images/products/3/LN_784988_BP_3.jpg,https://www.waitrose.com/ecom/products/montezumas-absolute-black/784988-744665-744666,Montezuma's Absolute Black,90g,£3.00,£3.34/100g,,Food Cupboard
663738,Bio & Me Super Berry Multipack,G,false,2255,https://ecom-su-static-prod.wtrecom.com/images/products/3/LN_663738_BP_3.jpg,https://www.waitrose.com/ecom/products/bio-me-super-berry-multipack/663738-824151-824152,Bio & Me Super Berry Multipack,3x38g,£3.00,£2.64/100g,,Food Cupboard
435778,Canderel Sugarly Granulated Sweetener,G,true,2256,https://ecom-su-static-prod.wtrecom.com/images/products/3/LN_435778_BP_3.jpg,https://www.waitrose.com/ecom/products/canderel-sugarly-granulated-sweetener/435778-731036-731037,Canderel Sugarly Granulated Sweetener,275g,£2.60,£9.46/kg,25% Off. Was £3.50,Food Cupboard
810877,Geeta's Premium Mango Chilli Chutney,G,false,2257,https://ecom-su-static-prod.wtrecom.com/images/products/3/LN_810877_BP_3.jpg,https://www.waitrose.com/ecom/products/geetas-premium-mango-chilli-chutney/810877-707134-707135,Geeta's Premium Mango Chilli Chutney,230g,£1.95,84.8p/100g,,Food Cupboard
068860,Ryvita Crispbread Fruit Crunch Crackers,G,false,2258,https://ecom-su-static-prod.wtrecom.com/images/products/3/LN_068860_BP_3.jpg,https://www.waitrose.com/ecom/products/ryvita-crispbread-fruit-crunch-crackers/068860-34913-34914,Ryvita Crispbread Fruit Crunch Crackers,200g,£2.10,£1.05/100g,,Food Cupboard
660116,Baxters Favourites Royal Game Soup,G,false,2259,https://ecom-su-static-prod.wtrecom.com/images/products/3/LN_660116_BP_3.jpg,https://www.waitrose.com/ecom/products/baxters-favourites-royal-game-soup/660116-674676-674677,Baxters Favourites Royal Game Soup,400g,£2.00,50p/100g,,Food Cupboard
588923,Nissin Soba Teriyaki Cup Noodles,G,true,2260,https://ecom-su-static-prod.wtrecom.com/images/products/3/LN_588923_BP_3.jpg,https://www.waitrose.com/ecom/products/nissin-soba-teriyaki-cup-noodles/588923-727291-727292,Nissin Soba Teriyaki Cup Noodles,90g,£1.60,£1.78/100g,20% Off. Was £2.00,Food Cupboard
012550,Trebor Extra Strong Mints Roll,G,false,2261,https://ecom-su-static-prod.wtrecom.com/images/products/3/LN_012550_BP_3.jpg,https://www.waitrose.com/ecom/products/trebor-extra-strong-mints-roll/012550-6164-6165,Trebor Extra Strong Mints Roll,41g,85p,£2.08/100g,,Food Cupboard
490154,Kellogg's Krave Chocolate Hazelnut Breakfast Cereal,G,true,2262,https://ecom-su-static-prod.wtrecom.com/images/products/3/LN_490154_BP_3.jpg,https://www.waitrose.com/ecom/products/kelloggs-krave-chocolate-hazelnut-breakfast-cereal/490154-772578-772579,Kellogg's Krave Chocolate Hazelnut Breakfast Cereal,410g,£2.75,67.1p/100g,save 70p. Was £3.45,Food Cupboard
657808,Lindt Lindor Salted Caramel,G,false,2263,https://ecom-su-static-prod.wtrecom.com/images/products/3/LN_657808_BP_3.jpg,https://www.waitrose.com/ecom/products/lindt-lindor-salted-caramel/657808-731645-731646,Lindt Lindor Salted Caramel,200g,£6.30,£3.15/100g,,Food Cupboard
684822,Crespo Pitted Green Olives Chilli,G,true,2264,https://ecom-su-static-prod.wtrecom.com/images/products/3/LN_684822_BP_3.jpg,https://www.waitrose.com/ecom/products/crespo-pitted-green-olives-chilli/684822-357498-357499,Crespo Pitted Green Olives Chilli,70g,£1.10,£1.58/100g,25% Off. Was £1.50,Food Cupboard
849307,Manomasa Green Lemon & Pink Peppercorn,G,false,2265,https://ecom-su-static-prod.wtrecom.com/images/products/3/LN_849307_BP_3.jpg,https://www.waitrose.com/ecom/products/manomasa-green-lemon-pink-peppercorn/849307-786396-786397,Manomasa Green Lemon & Pink Peppercorn,140g,£2.30,£1.65/100g,,Food Cupboard
784175,Walkers Ready Salted Crisps,G,true,2266,https://ecom-su-static-prod.wtrecom.com/images/products/3/LN_784175_BP_3.jpg,https://www.waitrose.com/ecom/products/walkers-ready-salted-crisps/784175-719817-719818,Walkers Ready Salted Crisps,45g,£1.00,£2.23/100g,"£5 Food to Go Meal Deal: Add 1 Main, 1 Snack and 1 Drink",Food Cupboard
412111,Lee Kum Kee Hoisin Sauce,G,true,2267,https://ecom-su-static-prod.wtrecom.com/images/products/3/LN_412111_BP_3.jpg,https://www.waitrose.com/ecom/products/lee-kum-kee-hoisin-sauce/412111-58005-58006,Lee Kum Kee Hoisin Sauce,210g,£1.65,78.6p/100g,25% Off. Was £2.25,Food Cupboard
499389,Sulá Mint Humbugs,G,false,2268,https://ecom-su-static-prod.wtrecom.com/images/products/3/LN_499389_BP_3.jpg,https://www.waitrose.com/ecom/products/sula-mint-humbugs/499389-367696-367697,Sulá Mint Humbugs,42g,£1.70,£4.05/100g,,Food Cupboard
017239,Clearspring Organic Purée Apple & Blueberry,G,false,2269,https://ecom-su-static-prod.wtrecom.com/images/products/3/LN_017239_BP_3.jpg,https://www.waitrose.com/ecom/products/clearspring-organic-puree-apple-blueberry/017239-8320-8321,Clearspring Organic Purée Apple & Blueberry,2x100g,£1.80,90p/100g,,Food Cupboard
513987,Quaker Oat So Simple Apple & Blueberry Porridge Pot,G,true,2270,https://ecom-su-static-prod.wtrecom.com/images/products/3/LN_513987_BP_3.jpg,https://www.waitrose.com/ecom/products/quaker-oat-so-simple-apple-blueberry-porridge-pot/513987-151529-151530,Quaker Oat So Simple Apple & Blueberry Porridge Pot,57g,£1.35,£2.37/100g,Add 4 for £4,Food Cupboard
831847,Hartley's Lime Flavour Jelly,G,false,2271,https://ecom-su-static-prod.wtrecom.com/images/products/3/LN_831847_BP_3.jpg,https://www.waitrose.com/ecom/products/hartleys-lime-flavour-jelly/831847-824195-824196,Hartley's Lime Flavour Jelly,135g,£1.00,£7.41/kg,,Food Cupboard
018820,Waitrose Green Olives Pimiento Puree,G,true,2272,https://ecom-su-static-prod.wtrecom.com/images/products/3/LN_018820_BP_3.jpg,https://www.waitrose.com/ecom/products/waitrose-green-olives-pimiento-puree/018820-9111-9112,Waitrose Green Olives Pimiento Puree,drained 85g,£1.35,£1.59/100g,20% Off. Was £1.70,Food Cupboard
022442,Glenryck Pilchards in Tomato Sauce,G,false,2273,https://ecom-su-static-prod.wtrecom.com/images/products/3/LN_022442_BP_3.jpg,https://www.waitrose.com/ecom/products/glenryck-pilchards-in-tomato-sauce/022442-10936-10937,Glenryck Pilchards in Tomato Sauce,400g,£1.40,35p/100g,,Food Cupboard
775548,Lindt Classic Recipe Crispy,G,false,2274,https://ecom-su-static-prod.wtrecom.com/images/products/3/LN_775548_BP_3.jpg,https://www.waitrose.com/ecom/products/lindt-classic-recipe-crispy/775548-784558-784559,Lindt Classic Recipe Crispy,100g,£2.10,£2.10/100g,,Food Cupboard
871831,Ryvita Snack It Thins Sour Cream & Chive,G,true,2275,https://ecom-su-static-prod.wtrecom.com/images/products/3/LN_871831_BP_3.jpg,https://www.waitrose.com/ecom/products/ryvita-snack-it-thins-sour-cream-chive/871831-813594-813595,Ryvita Snack It Thins Sour Cream & Chive,125g,£1.25,£1/100g,save 95p. Was £2.20,Food Cupboard
844821,Mutti Regional Passata Tuscany,G,false,2276,https://ecom-su-static-prod.wtrecom.com/images/products/3/LN_844821_BP_3.jpg,https://www.waitrose.com/ecom/products/mutti-regional-passata-tuscany/844821-806840-806841,Mutti Regional Passata Tuscany,400g,£2.75,68.8p/100g,,Food Cupboard
875386,McVities Tasties Pink Wafers,G,false,2277,https://ecom-su-static-prod.wtrecom.com/images/products/3/LN_875386_BP_3.jpg,https://www.waitrose.com/ecom/products/mcvities-tasties-pink-wafers/875386-793192-793193,McVities Tasties Pink Wafers,100g,£1.50,£1.50/100g,,Food Cupboard
687566,Cooks' Ingredients Dill,G,true,2278,https://ecom-su-static-prod.wtrecom.com/images/products/3/LN_687566_BP_3.jpg,https://www.waitrose.com/ecom/products/cooks-ingredients-dill/687566-785038-785039,Cooks' Ingredients Dill,15g,£1.60,£1.07/10g,Add 2 for £2.75,Food Cupboard
476707,Crosta & Mollica Ovali,G,false,2279,https://ecom-su-static-prod.wtrecom.com/images/products/3/LN_476707_BP_3.jpg,https://www.waitrose.com/ecom/products/crosta-mollica-ovali/476707-748953-748954,Crosta & Mollica Ovali,120g,£2.10,£1.75/100g,,Food Cupboard
646803,Waitrose Quick Cook Italian Spelt,G,false,2280,https://ecom-su-static-prod.wtrecom.com/images/products/3/LN_646803_BP_3.jpg,https://www.waitrose.com/ecom/products/waitrose-quick-cook-italian-spelt/646803-237584-237585,Waitrose Quick Cook Italian Spelt,250g,£1.80,£7.20/kg,,Food Cupboard
017350,Napolina 2 Large Pizza Bases,G,false,2281,https://ecom-su-static-prod.wtrecom.com/images/products/3/LN_017350_BP_3.jpg,https://www.waitrose.com/ecom/products/napolina-2-large-pizza-bases/017350-8376-8377,Napolina 2 Large Pizza Bases,2x150g,£2.35,£7.84/kg,,Food Cupboard
819836,Kellogg's Coco Pops Chocolate Breakfast Cereal,G,false,2282,https://ecom-su-static-prod.wtrecom.com/images/products/3/LN_819836_BP_3.jpg,https://www.waitrose.com/ecom/products/kelloggs-coco-pops-chocolate-breakfast-cereal/819836-803406-803407,Kellogg's Coco Pops Chocolate Breakfast Cereal,430g,£3.45,80.2p/100g,,Food Cupboard
675701,Kings Wagyu Beef Jerky,G,false,2283,https://ecom-su-static-prod.wtrecom.com/images/products/3/LN_675701_BP_3.jpg,https://www.waitrose.com/ecom/products/kings-wagyu-beef-jerky/675701-741266-741267,Kings Wagyu Beef Jerky,45g,£3.30,£7.34/100g,,Food Cupboard
876692,Nando's Sweet Chilli Jam,G,false,2284,https://ecom-su-static-prod.wtrecom.com/images/products/3/LN_876692_BP_3.jpg,https://www.waitrose.com/ecom/products/nandos-sweet-chilli-jam/876692-779861-779862,Nando's Sweet Chilli Jam,285g,£2.65,93p/100g,,Food Cupboard
756176,John West No Drain Tuna Steak in Olive Oil,G,false,2285,https://ecom-su-static-prod.wtrecom.com/images/products/3/LN_756176_BP_3.jpg,https://www.waitrose.com/ecom/products/john-west-no-drain-tuna-steak-in-olive-oil/756176-631547-631548,John West No Drain Tuna Steak in Olive Oil,110g,£2.50,£2.28/100g,,Food Cupboard
671406,Arden's Gruyère & Spinach Twists,G,false,2286,https://ecom-su-static-prod.wtrecom.com/images/products/3/LN_671406_BP_3.jpg,https://www.waitrose.com/ecom/products/ardens-gruyere-spinach-twists/671406-136613-136614,Arden's Gruyère & Spinach Twists,100g,£2.00,£2/100g,,Food Cupboard
426525,Merchant Gourmet Korean-Style Grains,G,true,2287,https://ecom-su-static-prod.wtrecom.com/images/products/3/LN_426525_BP_3.jpg,https://www.waitrose.com/ecom/products/merchant-gourmet-korean-style-grains/426525-723631-723632,Merchant Gourmet Korean-Style Grains,250g,£1.50,£6/kg,save 60p. Was £2.10,Food Cupboard
029152,Heinz Weight Watchers Tomato Soup,G,true,2288,https://ecom-su-static-prod.wtrecom.com/images/products/3/LN_029152_BP_3.jpg,https://www.waitrose.com/ecom/products/heinz-weight-watchers-tomato-soup/029152-14219-14220,Heinz Weight Watchers Tomato Soup,295g,£1.30,44.1p/100g,Add 3 for £3.50,Food Cupboard
011630,Waitrose Muesli Base,G,false,2289,https://ecom-su-static-prod.wtrecom.com/images/products/3/LN_011630_BP_3.jpg,https://www.waitrose.com/ecom/products/waitrose-muesli-base/011630-5772-5773,Waitrose Muesli Base,750g,£3.00,40p/100g,,Food Cupboard
004311,Wilkin & Sons Ltd Tiptree Raspberry Conserve,G,false,2290,https://ecom-su-static-prod.wtrecom.com/images/products/3/LN_004311_BP_3.jpg,https://www.waitrose.com/ecom/products/wilkin-sons-ltd-tiptree-raspberry-conserve/004311-1763-1764,Wilkin & Sons Ltd Tiptree Raspberry Conserve,340g,£3.50,£1.03/100g,,Food Cupboard
525367,Cooks' Ingredients Mild Curry Powder,G,false,2291,https://ecom-su-static-prod.wtrecom.com/images/products/3/LN_525367_BP_3.jpg,https://www.waitrose.com/ecom/products/cooks-ingredients-mild-curry-powder/525367-784896-784897,Cooks' Ingredients Mild Curry Powder,38g,£1.60,42.1p/10g,,Food Cupboard
474016,Nestle KitKat 4 Bars,G,true,2292,https://ecom-su-static-prod.wtrecom.com/images/products/3/LN_474016_BP_3.jpg,https://www.waitrose.com/ecom/products/nestle-kitkat-4-bars/474016-825802-825803,Nestle KitKat 4 Bars,4x41.5g,£1.60,96.4p/100g,save 40p. Was £2.00,Food Cupboard
786716,TREK Peanut Butter Protein Flapjacks Multipack,G,false,2293,https://ecom-su-static-prod.wtrecom.com/images/products/3/LN_786716_BP_3.jpg,https://www.waitrose.com/ecom/products/trek-peanut-butter-protein-flapjacks-multipack/786716-786308-786309,TREK Peanut Butter Protein Flapjacks Multipack,3x50g,£3.00,£2/100g,,Food Cupboard
691255,Menier Dark Chocolate Drops,G,false,2294,https://ecom-su-static-prod.wtrecom.com/images/products/3/LN_691255_BP_3.jpg,https://www.waitrose.com/ecom/products/menier-dark-chocolate-drops/691255-729970-729971,Menier Dark Chocolate Drops,100g,£2.75,£2.75/100g,,Food Cupboard
659434,Cooks' Ingredients Celery Salt,G,true,2295,https://ecom-su-static-prod.wtrecom.com/images/products/3/LN_659434_BP_3.jpg,https://www.waitrose.com/ecom/products/cooks-ingredients-celery-salt/659434-785014-785015,Cooks' Ingredients Celery Salt,85g,£1.60,18.8p/10g,Add 2 for £2.75,Food Cupboard
916593,Deliciously Ella Lemon & Poppy Seed Oat Bars,G,false,2296,https://ecom-su-static-prod.wtrecom.com/images/products/3/LN_916593_BP_3.jpg,https://www.waitrose.com/ecom/products/deliciously-ella-lemon-poppy-seed-oat-bars/916593-826798-826799,Deliciously Ella Lemon & Poppy Seed Oat Bars,3x50g,£2.80,£1.87/100g,,Food Cupboard
686646,Snack a Jacks Sizzlin' Barbecue,G,true,2297,https://ecom-su-static-prod.wtrecom.com/images/products/3/LN_686646_BP_3.jpg,https://www.waitrose.com/ecom/products/snack-a-jacks-sizzlin-barbecue/686646-786232-786233,Snack a Jacks Sizzlin' Barbecue,5x19g,£2.25,£2.37/100g,Add 2 for £3.25,Food Cupboard
503378,Nature's Finest Tropical Fruit in Juice,G,false,2298,https://ecom-su-static-prod.wtrecom.com/images/products/3/LN_503378_BP_3.jpg,https://www.waitrose.com/ecom/products/natures-finest-tropical-fruit-in-juice/503378-71106-71107,Nature's Finest Tropical Fruit in Juice,drained 375g,£3.35,£8.94/kg,,Food Cupboard
452579,Booja-Booja Gluten Free & Vegan Hazelnut Crunch Truffles,G,false,2299,https://ecom-su-static-prod.wtrecom.com/images/products/3/LN_452579_BP_3.jpg,https://www.waitrose.com/ecom/products/booja-booja-gluten-free-vegan-hazelnut-crunch-truffles/452579-728136-728137,Booja-Booja Gluten Free & Vegan Hazelnut Crunch Truffles,92g,£6.50,£7.07/100g,,Food Cupboard
378793,Pizza Express Caesar Dressing,G,false,2300,https://ecom-su-static-prod.wtrecom.com/images/products/3/LN_378793_BP_3.jpg,https://www.waitrose.com/ecom/products/pizza-express-caesar-dressing/378793-53318-53319,Pizza Express Caesar Dressing,235ml,£2.65,£1.13/100ml,,Food Cupboard
078744,Belazu 1.34 Balsamic Vinegar of Modena,G,false,2301,https://ecom-su-static-prod.wtrecom.com/images/products/3/LN_078744_BP_3.jpg,https://www.waitrose.com/ecom/products/belazu-134-balsamic-vinegar-of-modena/078744-40089-40090,Belazu 1.34 Balsamic Vinegar of Modena,250ml,£15.25,£6.10/100ml,,Food Cupboard
757723,Divine FT 70% Dark Chocolate with Raspberries,G,false,2302,https://ecom-su-static-prod.wtrecom.com/images/products/3/LN_757723_BP_3.jpg,https://www.waitrose.com/ecom/products/divine-ft-70-dark-chocolate-with-raspberries/757723-107791-107792,Divine FT 70% Dark Chocolate with Raspberries,90g,£2.80,£3.12/100g,,Food Cupboard
568655,Pipers Longhorn Beef Crisps,G,false,2303,https://ecom-su-static-prod.wtrecom.com/images/products/3/LN_568655_BP_3.jpg,https://www.waitrose.com/ecom/products/pipers-longhorn-beef-crisps/568655-824121-824122,Pipers Longhorn Beef Crisps,150g,£3.00,£2/100g,,Food Cupboard
880826,Heinz Baked Beans Barbecue,G,true,2304,https://ecom-su-static-prod.wtrecom.com/images/products/3/LN_880826_BP_3.jpg,https://www.waitrose.com/ecom/products/heinz-baked-beans-barbecue/880826-362067-362068,Heinz Baked Beans Barbecue,390g,£1.40,£3.59/kg,Add 2 for £2,Food Cupboard
088812,Waitrose Deglet Nour Dates,G,false,2305,https://ecom-su-static-prod.wtrecom.com/images/products/3/LN_088812_BP_3.jpg,https://www.waitrose.com/ecom/products/waitrose-deglet-nour-dates/088812-45643-45644,Waitrose Deglet Nour Dates,225g,£3.00,£13.34/kg,,Food Cupboard
029441,Baxters Cock-A-Leekie Soup,G,false,2306,https://ecom-su-static-prod.wtrecom.com/images/products/3/LN_029441_BP_3.jpg,https://www.waitrose.com/ecom/products/baxters-cock-a-leekie-soup/029441-14397-14398,Baxters Cock-A-Leekie Soup,400g,£2.00,50p/100g,,Food Cupboard
668171,Maple Shack Maple Syrup Blend,G,false,2307,https://ecom-su-static-prod.wtrecom.com/images/products/3/LN_668171_BP_3.jpg,https://www.waitrose.com/ecom/products/maple-shack-maple-syrup-blend/668171-824155-824156,Maple Shack Maple Syrup Blend,250g,£3.00,£1.20/100g,,Food Cupboard
468744,Colman's Sausage Casserole Recipe Mix,G,true,2308,https://ecom-su-static-prod.wtrecom.com/images/products/3/LN_468744_BP_3.jpg,https://www.waitrose.com/ecom/products/colmans-sausage-casserole-recipe-mix/468744-66059-66060,Colman's Sausage Casserole Recipe Mix,39g,£1.00,£2.57/100g,Add 2 for £1.50,Food Cupboard
701829,McDougalls Plain Flour,G,false,2309,https://ecom-su-static-prod.wtrecom.com/images/products/3/LN_701829_BP_3.jpg,https://www.waitrose.com/ecom/products/mcdougalls-plain-flour/701829-810766-810767,McDougalls Plain Flour,1.1Kg,£2.10,£1.91/kg,,Food Cupboard
028152,Waitrose Poppy Seeds,G,false,2310,https://ecom-su-static-prod.wtrecom.com/images/products/3/LN_028152_BP_3.jpg,https://www.waitrose.com/ecom/products/waitrose-poppy-seeds/028152-13690-13691,Waitrose Poppy Seeds,100g,£1.25,£12.50/kg,,Food Cupboard
445740,Cooks' Ingredients Sumac,G,false,2311,https://ecom-su-static-prod.wtrecom.com/images/products/3/LN_445740_BP_3.jpg,https://www.waitrose.com/ecom/products/cooks-ingredients-sumac/445740-807556-807557,Cooks' Ingredients Sumac,49g,£1.70,34.7p/10g,,Food Cupboard
589075,Eat Real Hummus Chips Tomato & Basil Flavour,G,false,2312,https://ecom-su-static-prod.wtrecom.com/images/products/3/LN_589075_BP_3.jpg,https://www.waitrose.com/ecom/products/eat-real-hummus-chips-tomato-basil-flavour/589075-820082-820083,Eat Real Hummus Chips Tomato & Basil Flavour,110g,£2.10,£1.91/100g,,Food Cupboard
741774,Nissin Soba Chilli Cup Noodles,G,true,2313,https://ecom-su-static-prod.wtrecom.com/images/products/3/LN_741774_BP_3.jpg,https://www.waitrose.com/ecom/products/nissin-soba-chilli-cup-noodles/741774-727575-727576,Nissin Soba Chilli Cup Noodles,92g,£1.60,£1.74/100g,20% Off. Was £2.00,Food Cupboard
042120,Humble Eggs Double Yolk Free Range Eggs,G,false,2314,https://ecom-su-static-prod.wtrecom.com/images/products/3/LN_042120_BP_3.jpg,https://www.waitrose.com/ecom/products/humble-eggs-double-yolk-free-range-eggs/042120-20862-20863,Humble Eggs Double Yolk Free Range Eggs,6s,£2.95,49.2p each,,Food Cupboard
714166,Candy Kittens Limited Edition Loves,G,false,2315,https://ecom-su-static-prod.wtrecom.com/images/products/3/LN_714166_BP_3.jpg,https://www.waitrose.com/ecom/products/candy-kittens-limited-edition-loves/714166-777173-777174,Candy Kittens Limited Edition Loves,140g,£2.75,£1.97/100g,,Food Cupboard
663734,Ambrosia Deluxe Custard & West Country Cream,G,false,2316,https://ecom-su-static-prod.wtrecom.com/images/products/3/LN_663734_BP_3.jpg,https://www.waitrose.com/ecom/products/ambrosia-deluxe-custard-west-country-cream/663734-767629-767630,Ambrosia Deluxe Custard & West Country Cream,750g,£3.00,40p/100g,,Food Cupboard
418657,Waitrose Tomato & Chorizo Soup,G,false,2317,https://ecom-su-static-prod.wtrecom.com/images/products/3/LN_418657_BP_3.jpg,https://www.waitrose.com/ecom/products/waitrose-tomato-chorizo-soup/418657-696462-696463,Waitrose Tomato & Chorizo Soup,400g,£1.10,27.5p/100g,,Food Cupboard
777842,Walker's Oat Shortbread,G,false,2318,https://ecom-su-static-prod.wtrecom.com/images/products/3/LN_777842_BP_3.jpg,https://www.waitrose.com/ecom/products/walkers-oat-shortbread/777842-743975-743976,Walker's Oat Shortbread,171g,£2.30,£1.35/100g,,Food Cupboard
635888,Batchelors 4 Chicken Cup a Soup,G,false,2319,https://ecom-su-static-prod.wtrecom.com/images/products/3/LN_635888_BP_3.jpg,https://www.waitrose.com/ecom/products/batchelors-4-chicken-cup-a-soup/635888-347790-347791,Batchelors 4 Chicken Cup a Soup,81g,£1.70,£2.10/100g,,Food Cupboard
788460,BEAR Yo Yos Apple,G,true,2320,https://ecom-su-static-prod.wtrecom.com/images/products/3/LN_788460_BP_3.jpg,https://www.waitrose.com/ecom/products/bear-yo-yos-apple/788460-281907-281908,BEAR Yo Yos Apple,5s,£2.00,40p each,save 85p. Was £2.85,Food Cupboard
067078,Waitrose Cheese & Shallot Croutons,G,false,2321,https://ecom-su-static-prod.wtrecom.com/images/products/3/LN_067078_BP_3.jpg,https://www.waitrose.com/ecom/products/waitrose-cheese-shallot-croutons/067078-33972-33973,Waitrose Cheese & Shallot Croutons,100g,£1.20,£1.20/100g,,Food Cupboard
898219,The Jelly Bean Factory 36 Gourmet Flavours,G,false,2322,https://ecom-su-static-prod.wtrecom.com/images/products/3/LN_898219_BP_3.jpg,https://www.waitrose.com/ecom/products/the-jelly-bean-factory-36-gourmet-flavours/898219-589689-589690,The Jelly Bean Factory 36 Gourmet Flavours,200g,£3.50,£1.75/100g,,Food Cupboard
697429,Cooks' Ingredients Makrut Lime Leaves,G,false,2323,https://ecom-su-static-prod.wtrecom.com/images/products/3/LN_697429_BP_3.jpg,https://www.waitrose.com/ecom/products/cooks-ingredients-makrut-lime-leaves/697429-98997-98998,Cooks' Ingredients Makrut Lime Leaves,1g,£1.80,£18/10g,,Food Cupboard
065164,Elsinore Clam Chowder Soup,G,true,2324,https://ecom-su-static-prod.wtrecom.com/images/products/3/LN_065164_BP_3.jpg,https://www.waitrose.com/ecom/products/elsinore-clam-chowder-soup/065164-33022-33023,Elsinore Clam Chowder Soup,400g,£2.50,62.5p/100g,Add 2 for £4.50,Food Cupboard
605831,Green & Black's Organic Tasting Collection Chocolate Box,G,false,2325,https://ecom-su-static-prod.wtrecom.com/images/products/3/LN_605831_BP_3.jpg,https://www.waitrose.com/ecom/products/green-blacks-organic-tasting-collection-chocolate-box/605831-457138-457139,Green & Black's Organic Tasting Collection Chocolate Box,395g,£12.00,£3.04/100g,,Food Cupboard
041476,Leckford Estate Self-Raising White Flour,G,false,2326,https://ecom-su-static-prod.wtrecom.com/images/products/3/LN_041476_BP_3.jpg,https://www.waitrose.com/ecom/products/leckford-estate-self-raising-white-flour/041476-20536-20537,Leckford Estate Self-Raising White Flour,1.5kg,£1.90,£1.27/kg,,Food Cupboard
863466,The Foraging Fox Avocado & Lemon Mayo,G,true,2327,https://ecom-su-static-prod.wtrecom.com/images/products/3/LN_863466_BP_3.jpg,https://www.waitrose.com/ecom/products/the-foraging-fox-avocado-lemon-mayo/863466-730962-730963,The Foraging Fox Avocado & Lemon Mayo,240g,£3.00,£1.25/100g,25% Off. Was £4.00,Food Cupboard
454130,Baxters Vegetarian Green Lentil & Tomato,G,false,2328,https://ecom-su-static-prod.wtrecom.com/images/products/3/LN_454130_BP_3.jpg,https://www.waitrose.com/ecom/products/baxters-vegetarian-green-lentil-tomato/454130-371224-371225,Baxters Vegetarian Green Lentil & Tomato,400g,£2.10,52.5p/100g,,Food Cupboard
552508,Dr. Oetker Platinum Leaf Gelatine 8s,G,false,2329,https://ecom-su-static-prod.wtrecom.com/images/products/3/LN_552508_BP_3.jpg,https://www.waitrose.com/ecom/products/dr-oetker-platinum-leaf-gelatine-8s/552508-729930-729931,Dr. Oetker Platinum Leaf Gelatine 8s,13g,£2.25,£17.31/100g,,Food Cupboard
883414,Eat Real Lentil Chips Chilli & Lemon,G,false,2330,https://ecom-su-static-prod.wtrecom.com/images/products/3/LN_883414_BP_3.jpg,https://www.waitrose.com/ecom/products/eat-real-lentil-chips-chilli-lemon/883414-819377-819378,Eat Real Lentil Chips Chilli & Lemon,95g,£2.10,£2.22/100g,,Food Cupboard
484779,Belazu Black Olive Tapenade,G,false,2331,https://ecom-su-static-prod.wtrecom.com/images/products/3/LN_484779_BP_3.jpg,https://www.waitrose.com/ecom/products/belazu-black-olive-tapenade/484779-662552-662553,Belazu Black Olive Tapenade,170g,£3.80,£2.24/100g,,Food Cupboard
472426,Waitrose Madras Spice Paste,G,false,2332,https://ecom-su-static-prod.wtrecom.com/images/products/3/LN_472426_BP_3.jpg,https://www.waitrose.com/ecom/products/waitrose-madras-spice-paste/472426-766807-766808,Waitrose Madras Spice Paste,180g,£2.00,£1.12/100g,,Food Cupboard
076972,Essential Minestrone Cup Soup with Croutons,G,false,2333,https://ecom-su-static-prod.wtrecom.com/images/products/3/LN_076972_BP_3.jpg,https://www.waitrose.com/ecom/products/essential-minestrone-cup-soup-with-croutons/076972-39127-39128,Essential Minestrone Cup Soup with Croutons,4x18g,90p,£1.25/100g,,Food Cupboard
677528,Colmans Pepper Sauce,G,true,2334,https://ecom-su-static-prod.wtrecom.com/images/products/3/LN_677528_BP_3.jpg,https://www.waitrose.com/ecom/products/colmans-pepper-sauce/677528-812930-812931,Colmans Pepper Sauce,40g,£1.00,£2.50/100g,Add 2 for £1.50,Food Cupboard
597423,Del Monte Mandarin Segments in Juice,G,false,2335,https://ecom-su-static-prod.wtrecom.com/images/products/3/LN_597423_BP_3.jpg,https://www.waitrose.com/ecom/products/del-monte-mandarin-segments-in-juice/597423-747472-747473,Del Monte Mandarin Segments in Juice,300g,£1.25,71.4p/100g,,Food Cupboard
776091,Lindt Noccionoir Dark Hazelnut,G,false,2336,https://ecom-su-static-prod.wtrecom.com/images/products/3/LN_776091_BP_3.jpg,https://www.waitrose.com/ecom/products/lindt-noccionoir-dark-hazelnut/776091-764964-764965,Lindt Noccionoir Dark Hazelnut,35g,£1.00,£2.86/100g,,Food Cupboard
664146,Hellmann's Roasted Garlic Mayonnaise,G,true,2337,https://ecom-su-static-prod.wtrecom.com/images/products/3/LN_664146_BP_3.jpg,https://www.waitrose.com/ecom/products/hellmanns-roasted-garlic-mayonnaise/664146-94289-94290,Hellmann's Roasted Garlic Mayonnaise,250ml,£2.00,80p/100ml,save 80p. Was £2.80,Food Cupboard
013359,Spam Chopped Pork & Ham,G,false,2338,https://ecom-su-static-prod.wtrecom.com/images/products/3/LN_013359_BP_3.jpg,https://www.waitrose.com/ecom/products/spam-chopped-pork-ham/013359-6495-6496,Spam Chopped Pork & Ham,200g,£3.30,£1.65/100g,,Food Cupboard
677418,Border Dark Chocolate Orange,G,false,2339,https://ecom-su-static-prod.wtrecom.com/images/products/3/LN_677418_BP_3.jpg,https://www.waitrose.com/ecom/products/border-dark-chocolate-orange/677418-793130-793131,Border Dark Chocolate Orange,150g,£2.00,£1.34/100g,,Food Cupboard
839951,Nature's Path Gluten Free Maple Sunrise Cereal Flakes,G,false,2340,https://ecom-su-static-prod.wtrecom.com/images/products/3/LN_839951_BP_3.jpg,https://www.waitrose.com/ecom/products/natures-path-gluten-free-maple-sunrise-cereal-flakes/839951-174747-174748,Nature's Path Gluten Free Maple Sunrise Cereal Flakes,332g,£3.65,£1.10/100g,,Food Cupboard
858075,Cooks' Ingredients Chicken Seasoning,G,true,2341,https://ecom-su-static-prod.wtrecom.com/images/products/3/LN_858075_BP_3.jpg,https://www.waitrose.com/ecom/products/cooks-ingredients-chicken-seasoning/858075-785236-785237,Cooks' Ingredients Chicken Seasoning,41g,£1.70,41.5p/10g,Add 2 for £2.75,Food Cupboard
693481,"Kellogg's Special K Protein Nuts, Clusters & Seeds Breakfast Cereal",G,false,2342,https://ecom-su-static-prod.wtrecom.com/images/products/3/LN_693481_BP_3.jpg,https://www.waitrose.com/ecom/products/kelloggs-special-k-protein-nuts-clusters-seeds-breakfast-cereal/693481-684265-684266,"Kellogg's Special K Protein Nuts, Clusters & Seeds Breakfast Cereal",330g,£3.25,98.5p/100g,,Food Cupboard
455285,Cooks' Ingredients Tarragon,G,false,2343,https://ecom-su-static-prod.wtrecom.com/images/products/3/LN_455285_BP_3.jpg,https://www.waitrose.com/ecom/products/cooks-ingredients-tarragon/455285-784818-784819,Cooks' Ingredients Tarragon,11g,£1.60,£1.46/10g,,Food Cupboard
792679,Heinz Baked Beans Curry,G,true,2344,https://ecom-su-static-prod.wtrecom.com/images/products/3/LN_792679_BP_3.jpg,https://www.waitrose.com/ecom/products/heinz-baked-beans-curry/792679-229985-229986,Heinz Baked Beans Curry,390g,£1.40,£3.59/kg,Add 2 for £2,Food Cupboard
875556,Colman's Horseradish Sauce,G,false,2345,https://ecom-su-static-prod.wtrecom.com/images/products/3/LN_875556_BP_3.jpg,https://www.waitrose.com/ecom/products/colmans-horseradish-sauce/875556-589639-589640,Colman's Horseradish Sauce,136g,£1.80,£1.33/100g,,Food Cupboard
608959,Merchant Gourmet Cajun-Style Lentils & Beans,G,true,2346,https://ecom-su-static-prod.wtrecom.com/images/products/3/LN_608959_BP_3.jpg,https://www.waitrose.com/ecom/products/merchant-gourmet-cajun-style-lentils-beans/608959-747476-747477,Merchant Gourmet Cajun-Style Lentils & Beans,250g,£1.50,60p/100g,save 60p. Was £2.10,Food Cupboard
458722,Tilda Tomato & Basil Basmati Rice,G,true,2347,https://ecom-su-static-prod.wtrecom.com/images/products/3/LN_458722_BP_3.jpg,https://www.waitrose.com/ecom/products/tilda-tomato-basil-basmati-rice/458722-211632-211633,Tilda Tomato & Basil Basmati Rice,250g,£1.00,£4/kg,save 85p. Was £1.85,Food Cupboard
669413,Tilda Sweet Chilli & Lime Basmati Rice,G,true,2348,https://ecom-su-static-prod.wtrecom.com/images/products/3/LN_669413_BP_3.jpg,https://www.waitrose.com/ecom/products/tilda-sweet-chilli-lime-basmati-rice/669413-95011-95012,Tilda Sweet Chilli & Lime Basmati Rice,250g,£1.00,£4/kg,save 85p. Was £1.85,Food Cupboard
636921,Quaker Oat So Simple Sweet Cinnamon Porridge Pot,G,true,2349,https://ecom-su-static-prod.wtrecom.com/images/products/3/LN_636921_BP_3.jpg,https://www.waitrose.com/ecom/products/quaker-oat-so-simple-sweet-cinnamon-porridge-pot/636921-181519-181520,Quaker Oat So Simple Sweet Cinnamon Porridge Pot,57g,£1.35,£2.37/100g,Add 4 for £4,Food Cupboard
602927,Deliciously Ella Vegan Peanut Butter Cups,G,false,2350,https://ecom-su-static-prod.wtrecom.com/images/products/3/LN_602927_BP_3.jpg,https://www.waitrose.com/ecom/products/deliciously-ella-vegan-peanut-butter-cups/602927-768241-768242,Deliciously Ella Vegan Peanut Butter Cups,36g,£1.65,£4.59/100g,,Food Cupboard
837107,Kikkoman Teriyaki Marinade & Sauce,G,false,2351,https://ecom-su-static-prod.wtrecom.com/images/products/3/LN_837107_BP_3.jpg,https://www.waitrose.com/ecom/products/kikkoman-teriyaki-marinade-sauce/837107-388016-388017,Kikkoman Teriyaki Marinade & Sauce,250ml,£3.50,£1.40/100ml,,Food Cupboard
728440,Bio & Me Cocoa Hazelnut Multipack,G,false,2352,https://ecom-su-static-prod.wtrecom.com/images/products/3/LN_728440_BP_3.jpg,https://www.waitrose.com/ecom/products/bio-me-cocoa-hazelnut-multipack/728440-824167-824168,Bio & Me Cocoa Hazelnut Multipack,3x38g,£3.00,£2.64/100g,,Food Cupboard
086327,Waitrose Dried Pitted Deglet Nour Dates,G,false,2353,https://ecom-su-static-prod.wtrecom.com/images/products/3/LN_086327_BP_3.jpg,https://www.waitrose.com/ecom/products/waitrose-dried-pitted-deglet-nour-dates/086327-44082-44083,Waitrose Dried Pitted Deglet Nour Dates,500g,£4.50,£9/kg,,Food Cupboard
867427,Baxters Vegetarian Soup Spicy Parsnip,G,false,2354,https://ecom-su-static-prod.wtrecom.com/images/products/3/LN_867427_BP_3.jpg,https://www.waitrose.com/ecom/products/baxters-vegetarian-soup-spicy-parsnip/867427-230097-230098,Baxters Vegetarian Soup Spicy Parsnip,400g,£2.10,52.5p/100g,,Food Cupboard
068903,Waitrose Balsamic Vinegar of Modena,G,false,2355,https://ecom-su-static-prod.wtrecom.com/images/products/3/LN_068903_BP_3.jpg,https://www.waitrose.com/ecom/products/waitrose-balsamic-vinegar-of-modena/068903-34925-34926,Waitrose Balsamic Vinegar of Modena,250ml,£6.75,£2.70/100ml,,Food Cupboard
099777,Schwartz Gravy Mix Roast Beef,G,false,2356,https://ecom-su-static-prod.wtrecom.com/images/products/3/LN_099777_BP_3.jpg,https://www.waitrose.com/ecom/products/schwartz-gravy-mix-roast-beef/099777-50968-50969,Schwartz Gravy Mix Roast Beef,27g,£1.25,£4.63/100g,,Food Cupboard
039651,Duchy Organic Couscous,G,false,2357,https://ecom-su-static-prod.wtrecom.com/images/products/3/LN_039651_BP_3.jpg,https://www.waitrose.com/ecom/products/duchy-organic-couscous/039651-19638-19639,Duchy Organic Couscous,500g,£2.00,£4/kg,,Food Cupboard
461500,Border Lemon Drizzle Melts,G,false,2358,https://ecom-su-static-prod.wtrecom.com/images/products/3/LN_461500_BP_3.jpg,https://www.waitrose.com/ecom/products/border-lemon-drizzle-melts/461500-697978-697979,Border Lemon Drizzle Melts,150g,£2.00,£1.34/100g,,Food Cupboard
034020,Fragata Hot Peppers Guindillas,G,true,2359,https://ecom-su-static-prod.wtrecom.com/images/products/3/LN_034020_BP_3.jpg,https://www.waitrose.com/ecom/products/fragata-hot-peppers-guindillas/034020-17033-17034,Fragata Hot Peppers Guindillas,drained 120g,£2.50,£2.09/100g,20% Off. Was £3.15,Food Cupboard
748902,John West On The Go Honey & Ginger Super Tuna,G,false,2360,https://ecom-su-static-prod.wtrecom.com/images/products/3/LN_748902_BP_3.jpg,https://www.waitrose.com/ecom/products/john-west-on-the-go-honey-ginger-super-tuna/748902-758644-758645,John West On The Go Honey & Ginger Super Tuna,220g,£2.85,£1.30/100g,,Food Cupboard
815717,Heinz Chicken Noodle & Vegetable Cup Soup,G,true,2361,https://ecom-su-static-prod.wtrecom.com/images/products/3/LN_815717_BP_3.jpg,https://www.waitrose.com/ecom/products/heinz-chicken-noodle-vegetable-cup-soup/815717-675033-675034,Heinz Chicken Noodle & Vegetable Cup Soup,4x18g,£1.50,£2.09/100g,Add 3 for £4,Food Cupboard
770089,Waitrose Roasted & Salted Almonds Can,G,false,2362,https://ecom-su-static-prod.wtrecom.com/images/products/3/LN_770089_BP_3.jpg,https://www.waitrose.com/ecom/products/waitrose-roasted-salted-almonds-can/770089-818973-818974,Waitrose Roasted & Salted Almonds Can,300g,£5.00,£1.67/100g,,Food Cupboard
798262,Groovy Food Rich & Dark Agave Nectar,G,false,2363,https://ecom-su-static-prod.wtrecom.com/images/products/3/LN_798262_BP_3.jpg,https://www.waitrose.com/ecom/products/groovy-food-rich-dark-agave-nectar/798262-159658-159659,Groovy Food Rich & Dark Agave Nectar,250ml,£3.00,£1.20/100ml,,Food Cupboard
034320,Garner's Original Pickled Onions,G,false,2364,https://ecom-su-static-prod.wtrecom.com/images/products/3/LN_034320_BP_3.jpg,https://www.waitrose.com/ecom/products/garners-original-pickled-onions/034320-17197-17198,Garner's Original Pickled Onions,drained 230g,£4.10,£1.79/100g,,Food Cupboard
883057,Heinz Beanz with Vegan Sausage,G,true,2365,https://ecom-su-static-prod.wtrecom.com/images/products/3/LN_883057_BP_3.jpg,https://www.waitrose.com/ecom/products/heinz-beanz-with-vegan-sausage/883057-800876-800877,Heinz Beanz with Vegan Sausage,415g,£2.00,£4.82/kg,Add 3 for £4.50,Food Cupboard
062395,Tilda Wholegrain Basmati Rice,G,false,2366,https://ecom-su-static-prod.wtrecom.com/images/products/3/LN_062395_BP_3.jpg,https://www.waitrose.com/ecom/products/tilda-wholegrain-basmati-rice/062395-31679-31680,Tilda Wholegrain Basmati Rice,1kg,£5.25,£5.25/kg,,Food Cupboard
064452,Sharwood's Stir-Fry Sweet & Sour Sauce,G,true,2367,https://ecom-su-static-prod.wtrecom.com/images/products/3/LN_064452_BP_3.jpg,https://www.waitrose.com/ecom/products/sharwoods-stir-fry-sweet-sour-sauce/064452-32720-32721,Sharwood's Stir-Fry Sweet & Sour Sauce,195g,£1.60,82.1p/100g,save 50p. Was £2.10,Food Cupboard
857262,Opies Summer Berry Compote,G,false,2368,https://ecom-su-static-prod.wtrecom.com/images/products/3/LN_857262_BP_3.jpg,https://www.waitrose.com/ecom/products/opies-summer-berry-compote/857262-231287-231288,Opies Summer Berry Compote,360g,£2.50,69.4p/100g,,Food Cupboard
687504,No.1 Salted Caramel Sauce,G,false,2369,https://ecom-su-static-prod.wtrecom.com/images/products/3/LN_687504_BP_3.jpg,https://www.waitrose.com/ecom/products/no1-salted-caramel-sauce/687504-442964-442965,No.1 Salted Caramel Sauce,250g,£3.20,£1.28/100g,,Food Cupboard
022408,John West Soft Cod Roes,G,false,2370,https://ecom-su-static-prod.wtrecom.com/images/products/3/LN_022408_BP_3.jpg,https://www.waitrose.com/ecom/products/john-west-soft-cod-roes/022408-10916-10917,John West Soft Cod Roes,100g,£1.80,£1.80/100g,,Food Cupboard
631414,Urban Fruit Gluten Free Baked Coconut Chips,G,false,2371,https://ecom-su-static-prod.wtrecom.com/images/products/3/LN_631414_BP_3.jpg,https://www.waitrose.com/ecom/products/urban-fruit-gluten-free-baked-coconut-chips/631414-658371-658372,Urban Fruit Gluten Free Baked Coconut Chips,4x18g,£3.20,£4.45/100g,,Food Cupboard
844459,Bisto Best Gravy Granules Vegetable,G,false,2372,https://ecom-su-static-prod.wtrecom.com/images/products/3/LN_844459_BP_3.jpg,https://www.waitrose.com/ecom/products/bisto-best-gravy-granules-vegetable/844459-711316-711317,Bisto Best Gravy Granules Vegetable,230g,£4.00,£1.74/100g,,Food Cupboard
893783,Schär Gluten Free Pizza Base,G,false,2373,https://ecom-su-static-prod.wtrecom.com/images/products/3/LN_893783_BP_3.jpg,https://www.waitrose.com/ecom/products/schar-gluten-free-pizza-base/893783-368564-368565,Schär Gluten Free Pizza Base,2x150g,£3.50,£11.67/kg,,Food Cupboard
775178,Prewetts Gluten Free Viennese Fingers,G,false,2374,https://ecom-su-static-prod.wtrecom.com/images/products/3/LN_775178_BP_3.jpg,https://www.waitrose.com/ecom/products/prewetts-gluten-free-viennese-fingers/775178-812535-812536,Prewetts Gluten Free Viennese Fingers,120g,£2.90,£2.42/100g,,Food Cupboard
676735,"Waitrose Pea, Edamame & Spinach Soup",G,false,2375,https://ecom-su-static-prod.wtrecom.com/images/products/3/LN_676735_BP_3.jpg,https://www.waitrose.com/ecom/products/waitrose-pea-edamame-spinach-soup/676735-696582-696583,"Waitrose Pea, Edamame & Spinach Soup",400g,£1.10,27.5p/100g,,Food Cupboard
800847,Cooks' Ingredients Japanese Vinegar,G,false,2376,https://ecom-su-static-prod.wtrecom.com/images/products/3/LN_800847_BP_3.jpg,https://www.waitrose.com/ecom/products/cooks-ingredients-japanese-vinegar/800847-767149-767150,Cooks' Ingredients Japanese Vinegar,150ml,£2.50,£1.67/100ml,,Food Cupboard
824008,Lily O'Brien's Creamy Caramels with Sea Salt,G,true,2377,https://ecom-su-static-prod.wtrecom.com/images/products/3/LN_824008_BP_3.jpg,https://www.waitrose.com/ecom/products/lily-obriens-creamy-caramels-with-sea-salt/824008-368324-368325,Lily O'Brien's Creamy Caramels with Sea Salt,100g,£1.65,£1.65/100g,Save 1/3. Was £2.50,Food Cupboard
857033,Mutti Peeled Tomatoes,G,false,2378,https://ecom-su-static-prod.wtrecom.com/images/products/3/LN_857033_BP_3.jpg,https://www.waitrose.com/ecom/products/mutti-peeled-tomatoes/857033-730954-730955,Mutti Peeled Tomatoes,drained 260g,£1.60,£6.16/kg,,Food Cupboard
555783,Lee Kum Kee Oyster Sauce,G,true,2379,https://ecom-su-static-prod.wtrecom.com/images/products/3/LN_555783_BP_3.jpg,https://www.waitrose.com/ecom/products/lee-kum-kee-oyster-sauce/555783-78574-78575,Lee Kum Kee Oyster Sauce,255g,£2.40,94.1p/100g,25% Off. Was £3.25,Food Cupboard
478720,Kikkoman Organic Soy Sauce,G,false,2380,https://ecom-su-static-prod.wtrecom.com/images/products/3/LN_478720_BP_3.jpg,https://www.waitrose.com/ecom/products/kikkoman-organic-soy-sauce/478720-755835-755836,Kikkoman Organic Soy Sauce,250ml,£4.50,£1.80/100ml,,Food Cupboard
866778,Billington's Light Muscovado Sugar,G,false,2381,https://ecom-su-static-prod.wtrecom.com/images/products/3/LN_866778_BP_3.jpg,https://www.waitrose.com/ecom/products/billingtons-light-muscovado-sugar/866778-823370-823371,Billington's Light Muscovado Sugar,500g,£2.20,£4.40/kg,,Food Cupboard
771321,Kallo Organic Mushroom 6 Stock Cubes,G,false,2382,https://ecom-su-static-prod.wtrecom.com/images/products/3/LN_771321_BP_3.jpg,https://www.waitrose.com/ecom/products/kallo-organic-mushroom-6-stock-cubes/771321-730846-730847,Kallo Organic Mushroom 6 Stock Cubes,66g,£1.55,£2.35/100g,,Food Cupboard
445129,Sharwood's Rogan Josh Curry Sauce,G,false,2383,https://ecom-su-static-prod.wtrecom.com/images/products/3/LN_445129_BP_3.jpg,https://www.waitrose.com/ecom/products/sharwoods-rogan-josh-curry-sauce/445129-140044-140045,Sharwood's Rogan Josh Curry Sauce,420g,£2.50,59.5p/100g,,Food Cupboard
420061,Cooks Ingredients Cream of Tartar,G,false,2384,https://ecom-su-static-prod.wtrecom.com/images/products/3/LN_420061_BP_3.jpg,https://www.waitrose.com/ecom/products/cooks-ingredients-cream-of-tartar/420061-59102-59103,Cooks Ingredients Cream of Tartar,140g,£1.35,£9.65/kg,,Food Cupboard
892284,Bonne Maman Chocolate Chip Cookies,G,false,2385,https://ecom-su-static-prod.wtrecom.com/images/products/3/LN_892284_BP_3.jpg,https://www.waitrose.com/ecom/products/bonne-maman-chocolate-chip-cookies/892284-777482-777483,Bonne Maman Chocolate Chip Cookies,250g,£2.80,£1.12/100g,,Food Cupboard
434199,MOMA Coconut & Chia Jumbo Oat Porridge Pot Gluten Free,G,true,2386,https://ecom-su-static-prod.wtrecom.com/images/products/3/LN_434199_BP_3.jpg,https://www.waitrose.com/ecom/products/moma-coconut-chia-jumbo-oat-porridge-pot-gluten-free/434199-499228-499229,MOMA Coconut & Chia Jumbo Oat Porridge Pot Gluten Free,55g,£1.35,£2.46/100g,Add 4 for £4,Food Cupboard
423020,Waitrose Chopped Brazil Nuts,G,true,2387,https://ecom-su-static-prod.wtrecom.com/images/products/3/LN_423020_BP_3.jpg,https://www.waitrose.com/ecom/products/waitrose-chopped-brazil-nuts/423020-260682-260683,Waitrose Chopped Brazil Nuts,100g,£1.60,£1.60/100g,20% Off. Was £2.00,Food Cupboard
612304,Kallo Veggie Cakes Spinach & Pesto,G,true,2388,https://ecom-su-static-prod.wtrecom.com/images/products/3/LN_612304_BP_3.jpg,https://www.waitrose.com/ecom/products/kallo-veggie-cakes-spinach-pesto/612304-728318-728319,Kallo Veggie Cakes Spinach & Pesto,122g,£2.25,£1.85/100g,save 65p. Was £2.90,Food Cupboard
416911,Mr. Porky Hand Cooked Scratchings,G,true,2389,https://ecom-su-static-prod.wtrecom.com/images/products/3/LN_416911_BP_3.jpg,https://www.waitrose.com/ecom/products/mr-porky-hand-cooked-scratchings/416911-740976-740977,Mr. Porky Hand Cooked Scratchings,65g,£1.50,£2.31/100g,save 35p. Was £1.85,Food Cupboard
731341,Walker's Chocolate Chip Shortbread,G,false,2390,https://ecom-su-static-prod.wtrecom.com/images/products/3/LN_731341_BP_3.jpg,https://www.waitrose.com/ecom/products/walkers-chocolate-chip-shortbread/731341-343368-343369,Walker's Chocolate Chip Shortbread,150g,£2.30,£1.54/100g,,Food Cupboard
583051,Waitrose Butter Chicken Sauce,G,false,2391,https://ecom-su-static-prod.wtrecom.com/images/products/3/LN_583051_BP_3.jpg,https://www.waitrose.com/ecom/products/waitrose-butter-chicken-sauce/583051-776989-776990,Waitrose Butter Chicken Sauce,450g,£1.50,33.3p/100g,,Food Cupboard
753876,No.1 King Medjool Dates,G,false,2392,https://ecom-su-static-prod.wtrecom.com/images/products/3/LN_753876_BP_3.jpg,https://www.waitrose.com/ecom/products/no1-king-medjool-dates/753876-815005-815006,No.1 King Medjool Dates,160g,£3.75,£2.35/100g,,Food Cupboard
830198,Fox's Classic Biscuit Selection,G,false,2393,https://ecom-su-static-prod.wtrecom.com/images/products/3/LN_830198_BP_3.jpg,https://www.waitrose.com/ecom/products/foxs-classic-biscuit-selection/830198-610724-492193,Fox's Classic Biscuit Selection,275g,£4.75,£1.73/100g,,Food Cupboard
879768,Camp Chicory & Coffee Essence,G,false,2394,https://ecom-su-static-prod.wtrecom.com/images/products/3/LN_879768_BP_3.jpg,https://www.waitrose.com/ecom/products/camp-chicory-coffee-essence/879768-730054-730055,Camp Chicory & Coffee Essence,241ml,£2.00,83p/100ml,,Food Cupboard
059799,Loacker Tortina Original,G,false,2395,https://ecom-su-static-prod.wtrecom.com/images/products/3/LN_059799_BP_3.jpg,https://www.waitrose.com/ecom/products/loacker-tortina-original/059799-30185-30186,Loacker Tortina Original,126g,£3.25,£2.58/100g,,Food Cupboard
865060,Jacob's Cream Crackers,G,false,2396,https://ecom-su-static-prod.wtrecom.com/images/products/3/LN_865060_BP_3.jpg,https://www.waitrose.com/ecom/products/jacobs-cream-crackers/865060-824215-824216,Jacob's Cream Crackers,200g,£1.35,67.5p/100g,,Food Cupboard
499988,Tracklements British Piccalilli,G,true,2397,https://ecom-su-static-prod.wtrecom.com/images/products/3/LN_499988_BP_3.jpg,https://www.waitrose.com/ecom/products/tracklements-british-piccalilli/499988-70639-70640,Tracklements British Piccalilli,230g,£3.10,£1.35/100g,20% Off. Was £3.90,Food Cupboard
562622,Old El Paso Original Tortilla Chips,G,false,2398,https://ecom-su-static-prod.wtrecom.com/images/products/3/LN_562622_BP_3.jpg,https://www.waitrose.com/ecom/products/old-el-paso-original-tortilla-chips/562622-408620-408621,Old El Paso Original Tortilla Chips,185g,£2.25,£1.22/100g,,Food Cupboard
620391,Waitrose Buckwheat,G,true,2399,https://ecom-su-static-prod.wtrecom.com/images/products/3/LN_620391_BP_3.jpg,https://www.waitrose.com/ecom/products/waitrose-buckwheat/620391-780089-780090,Waitrose Buckwheat,500g,£2.00,£4/kg,20% Off. Was £2.50,Food Cupboard
592505,Marmite Peanuts,G,true,2400,https://ecom-su-static-prod.wtrecom.com/images/products/3/LN_592505_BP_3.jpg,https://www.waitrose.com/ecom/products/marmite-peanuts/592505-758047-758048,Marmite Peanuts,190g,£2.50,£1.32/100g,save 65p. Was £3.15,Food Cupboard
056402,Giuseppe Cocco Spaghetti,G,false,2401,https://ecom-su-static-prod.wtrecom.com/images/products/3/LN_056402_BP_3.jpg,https://www.waitrose.com/ecom/products/giuseppe-cocco-spaghetti/056402-28323-28324,Giuseppe Cocco Spaghetti,500g,£4.30,£8.60/kg,,Food Cupboard
615829,Oxo 12 Reduced Salt Beef Cubes,G,false,2402,https://ecom-su-static-prod.wtrecom.com/images/products/3/LN_615829_BP_3.jpg,https://www.waitrose.com/ecom/products/oxo-12-reduced-salt-beef-cubes/615829-457148-457149,Oxo 12 Reduced Salt Beef Cubes,71g,£2.50,£3.53/100g,,Food Cupboard
881317,Knorr Gluten Free Vegetable Stock Cubes,G,false,2403,https://ecom-su-static-prod.wtrecom.com/images/products/3/LN_881317_BP_3.jpg,https://www.waitrose.com/ecom/products/knorr-gluten-free-vegetable-stock-cubes/881317-628522-628523,Knorr Gluten Free Vegetable Stock Cubes,200g,£3.50,£1.75/100g,,Food Cupboard
001029,Nestlé Box Bowls Variety 6 Portion Pack,G,false,2404,https://ecom-su-static-prod.wtrecom.com/images/products/3/LN_001029_BP_3.jpg,https://www.waitrose.com/ecom/products/nestle-box-bowls-variety-6-portion-pack/001029-16-16,Nestlé Box Bowls Variety 6 Portion Pack,210g,£2.30,£1.10/100g,,Food Cupboard
616628,Cadbury Dairy Milk Giant Buttons Chocolate Bag Single,G,false,2405,https://ecom-su-static-prod.wtrecom.com/images/products/3/LN_616628_BP_3.jpg,https://www.waitrose.com/ecom/products/cadbury-dairy-milk-giant-buttons-chocolate-bag-single/616628-87491-87492,Cadbury Dairy Milk Giant Buttons Chocolate Bag Single,40g,90p,£2.25/100g,,Food Cupboard
648563,NISSIN Soba Classic Bag,G,true,2406,https://ecom-su-static-prod.wtrecom.com/images/products/3/LN_648563_BP_3.jpg,https://www.waitrose.com/ecom/products/nissin-soba-classic-bag/648563-800364-800365,NISSIN Soba Classic Bag,111g,£1.15,£1.04/100g,20% Off. Was £1.49,Food Cupboard
820758,Quavers BBQ Multipack Crisps,G,true,2407,https://ecom-su-static-prod.wtrecom.com/images/products/3/LN_820758_BP_3.jpg,https://www.waitrose.com/ecom/products/quavers-bbq-multipack-crisps/820758-804196-804197,Quavers BBQ Multipack Crisps,6x16Each,£2.25,£2.35/100g,Add 2 for £3.25,Food Cupboard
737988,Royal Dansk Danish Butter Cookies,G,false,2408,https://ecom-su-static-prod.wtrecom.com/images/products/3/LN_737988_BP_3.jpg,https://www.waitrose.com/ecom/products/royal-dansk-danish-butter-cookies/737988-680399-680400,Royal Dansk Danish Butter Cookies,340g,£3.60,£1.06/100g,,Food Cupboard
613379,Potts' Vegetable Stock,G,false,2409,https://ecom-su-static-prod.wtrecom.com/images/products/3/LN_613379_BP_3.jpg,https://www.waitrose.com/ecom/products/potts-vegetable-stock/613379-815612-815613,Potts' Vegetable Stock,500ml,£2.30,46p/100ml,,Food Cupboard
059853,Colman's Beef Casserole Recipe Mix,G,true,2410,https://ecom-su-static-prod.wtrecom.com/images/products/3/LN_059853_BP_3.jpg,https://www.waitrose.com/ecom/products/colmans-beef-casserole-recipe-mix/059853-30223-30224,Colman's Beef Casserole Recipe Mix,40g,£1.00,£2.50/100g,Add 2 for £1.50,Food Cupboard
460826,Sweet Baby Ray's BBQ Sauce,G,false,2411,https://ecom-su-static-prod.wtrecom.com/images/products/3/LN_460826_BP_3.jpg,https://www.waitrose.com/ecom/products/sweet-baby-rays-bbq-sauce/460826-782783-782784,Sweet Baby Ray's BBQ Sauce,510g,£3.90,76.5p/100g,,Food Cupboard
471089,Sharwood's Balti Curry Sauce,G,false,2412,https://ecom-su-static-prod.wtrecom.com/images/products/3/LN_471089_BP_3.jpg,https://www.waitrose.com/ecom/products/sharwoods-balti-curry-sauce/471089-140092-140093,Sharwood's Balti Curry Sauce,420g,£2.50,59.5p/100g,,Food Cupboard
090340,Sharwood's Plain Naans,G,false,2413,https://ecom-su-static-prod.wtrecom.com/images/products/3/LN_090340_BP_3.jpg,https://www.waitrose.com/ecom/products/sharwoods-plain-naans/090340-46536-46537,Sharwood's Plain Naans,2s,£2.00,£1 each,,Food Cupboard
679775,Duchy Organic Black Peppercorns,G,false,2414,https://ecom-su-static-prod.wtrecom.com/images/products/3/LN_679775_BP_3.jpg,https://www.waitrose.com/ecom/products/duchy-organic-black-peppercorns/679775-785030-785031,Duchy Organic Black Peppercorns,40g,£1.95,48.8p/10g,,Food Cupboard
636206,Cooks' Ingredients Smoked Garlic Granules,G,true,2415,https://ecom-su-static-prod.wtrecom.com/images/products/3/LN_636206_BP_3.jpg,https://www.waitrose.com/ecom/products/cooks-ingredients-smoked-garlic-granules/636206-784994-784995,Cooks' Ingredients Smoked Garlic Granules,56g,£1.60,28.6p/10g,Add 2 for £2.75,Food Cupboard
835166,Walker's Candied Ginger Shortbread Biscuit,G,false,2416,https://ecom-su-static-prod.wtrecom.com/images/products/3/LN_835166_BP_3.jpg,https://www.waitrose.com/ecom/products/walkers-candied-ginger-shortbread-biscuit/835166-804262-804263,Walker's Candied Ginger Shortbread Biscuit,180g,£2.30,£1.28/100g,,Food Cupboard
034151,Cooks' Ingredients Walnut Oil,G,false,2417,https://ecom-su-static-prod.wtrecom.com/images/products/3/LN_034151_BP_3.jpg,https://www.waitrose.com/ecom/products/cooks-ingredients-walnut-oil/034151-17099-17100,Cooks' Ingredients Walnut Oil,250ml,£2.60,£1.04/100ml,,Food Cupboard
407998,Tim Tam Dark Chocolate Biscuits,G,false,2418,https://ecom-su-static-prod.wtrecom.com/images/products/3/LN_407998_BP_3.jpg,https://www.waitrose.com/ecom/products/tim-tam-dark-chocolate-biscuits/407998-823020-823021,Tim Tam Dark Chocolate Biscuits,163g,£2.50,£1.54/100g,,Food Cupboard
802423,Lu Le Petit Ganache Chocolate Hazlenut Filled Biscuits,G,false,2419,https://ecom-su-static-prod.wtrecom.com/images/products/3/LN_802423_BP_3.jpg,https://www.waitrose.com/ecom/products/lu-le-petit-ganache-chocolate-hazlenut-filled-biscuits/802423-823090-823091,Lu Le Petit Ganache Chocolate Hazlenut Filled Biscuits,105g,£1.80,£1.72/100g,,Food Cupboard
851991,Capsicana Tasty Taco Seasoning Mix,G,false,2420,https://ecom-su-static-prod.wtrecom.com/images/products/3/LN_851991_BP_3.jpg,https://www.waitrose.com/ecom/products/capsicana-tasty-taco-seasoning-mix/851991-756181-756182,Capsicana Tasty Taco Seasoning Mix,28g,£1.40,50p/10g,,Food Cupboard
017540,Gallo Carnaroli Risotto Rice,G,false,2421,https://ecom-su-static-prod.wtrecom.com/images/products/3/LN_017540_BP_3.jpg,https://www.waitrose.com/ecom/products/gallo-carnaroli-risotto-rice/017540-8524-8525,Gallo Carnaroli Risotto Rice,500g,£3.00,£6/kg,,Food Cupboard
748903,La Vieja Fábrica Blood Orange Conserve,G,false,2422,https://ecom-su-static-prod.wtrecom.com/images/products/3/LN_748903_BP_3.jpg,https://www.waitrose.com/ecom/products/la-vieja-fabrica-blood-orange-conserve/748903-752825-752826,La Vieja Fábrica Blood Orange Conserve,290g,£2.80,96.6p/100g,,Food Cupboard
616236,Walkers Sensations Balsamic Vinegar & Onion,G,true,2423,https://ecom-su-static-prod.wtrecom.com/images/products/3/LN_616236_BP_3.jpg,https://www.waitrose.com/ecom/products/walkers-sensations-balsamic-vinegar-onion/616236-786176-786177,Walkers Sensations Balsamic Vinegar & Onion,150g,£1.50,£1/100g,save £1.00. Was £2.50,Food Cupboard
897328,Pip & Nut Sweet & Salty Peanut Butter,G,false,2424,https://ecom-su-static-prod.wtrecom.com/images/products/3/LN_897328_BP_3.jpg,https://www.waitrose.com/ecom/products/pip-nut-sweet-salty-peanut-butter/897328-785866-785867,Pip & Nut Sweet & Salty Peanut Butter,300g,£3.25,£1.09/100g,,Food Cupboard
869376,Jordans No Added Sugar Triple Nut Granola 425g,G,false,2425,https://ecom-su-static-prod.wtrecom.com/images/products/3/LN_869376_BP_3.jpg,https://www.waitrose.com/ecom/products/jordans-no-added-sugar-triple-nut-granola-425g/869376-806406-806407,Jordans No Added Sugar Triple Nut Granola 425g,425g,£3.60,84.7p/100g,,Food Cupboard
870373,Cooks' Ingredients Ground Nutmeg,G,true,2426,https://ecom-su-static-prod.wtrecom.com/images/products/3/LN_870373_BP_3.jpg,https://www.waitrose.com/ecom/products/cooks-ingredients-ground-nutmeg/870373-785258-785259,Cooks' Ingredients Ground Nutmeg,42g,£1.60,38.1p/10g,Add 2 for £2.75,Food Cupboard
669308,Jacob's Flatbreads Salt & Pepper Crackers,G,false,2427,https://ecom-su-static-prod.wtrecom.com/images/products/3/LN_669308_BP_3.jpg,https://www.waitrose.com/ecom/products/jacobs-flatbreads-salt-pepper-crackers/669308-791153-791154,Jacob's Flatbreads Salt & Pepper Crackers,150g,£2.10,£1.40/100g,,Food Cupboard
724404,Heinz Chicken Soup,G,true,2428,https://ecom-su-static-prod.wtrecom.com/images/products/3/LN_724404_BP_3.jpg,https://www.waitrose.com/ecom/products/heinz-chicken-soup/724404-793146-793147,Heinz Chicken Soup,4x400g,£4.00,25p/100g,Add 2 for £7,Food Cupboard
504878,Deliciously Ella Gluten Free & Vegan Hazelnut Oat Bars,G,false,2429,https://ecom-su-static-prod.wtrecom.com/images/products/3/LN_504878_BP_3.jpg,https://www.waitrose.com/ecom/products/deliciously-ella-gluten-free-vegan-hazelnut-oat-bars/504878-791061-791062,Deliciously Ella Gluten Free & Vegan Hazelnut Oat Bars,3x50g,£2.80,£1.87/100g,,Food Cupboard
776619,Tyrrell's Tomato & Chilli Chutney Flavour,G,false,2430,https://ecom-su-static-prod.wtrecom.com/images/products/3/LN_776619_BP_3.jpg,https://www.waitrose.com/ecom/products/tyrrells-tomato-chilli-chutney-flavour/776619-804176-804177,Tyrrell's Tomato & Chilli Chutney Flavour,150g,£2.75,£1.84/100g,,Food Cupboard
017457,Waitrose White Basmati Aged Rice,G,false,2431,https://ecom-su-static-prod.wtrecom.com/images/products/3/LN_017457_BP_3.jpg,https://www.waitrose.com/ecom/products/waitrose-white-basmati-aged-rice/017457-8460-8461,Waitrose White Basmati Aged Rice,2kg,£6.50,£3.25/kg,,Food Cupboard
886061,Pipers Burrow Hill Cider Vinegar,G,false,2432,https://ecom-su-static-prod.wtrecom.com/images/products/3/LN_886061_BP_3.jpg,https://www.waitrose.com/ecom/products/pipers-burrow-hill-cider-vinegar/886061-803681-803682,Pipers Burrow Hill Cider Vinegar,150g,£3.00,£2/100g,,Food Cupboard
677470,Deliciously Ella Gluten Free & Vegan Bircher Muesli,G,false,2433,https://ecom-su-static-prod.wtrecom.com/images/products/3/LN_677470_BP_3.jpg,https://www.waitrose.com/ecom/products/deliciously-ella-gluten-free-vegan-bircher-muesli/677470-600750-600751,Deliciously Ella Gluten Free & Vegan Bircher Muesli,400g,£4.00,£1/100g,,Food Cupboard
716625,Levantine Table Freekeh,G,false,2434,https://ecom-su-static-prod.wtrecom.com/images/products/3/LN_716625_BP_3.jpg,https://www.waitrose.com/ecom/products/levantine-table-freekeh/716625-756041-756042,Levantine Table Freekeh,500g,£3.25,£6.50/kg,,Food Cupboard
095430,Tilda Coconut Chilli Lemongrass Basmati Rice,G,true,2435,https://ecom-su-static-prod.wtrecom.com/images/products/3/LN_095430_BP_3.jpg,https://www.waitrose.com/ecom/products/tilda-coconut-chilli-lemongrass-basmati-rice/095430-48899-48900,Tilda Coconut Chilli Lemongrass Basmati Rice,250g,£1.00,£4/kg,save 85p. Was £1.85,Food Cupboard
524128,Cooks' Ingredients Hot Smoked Paprika,G,false,2436,https://ecom-su-static-prod.wtrecom.com/images/products/3/LN_524128_BP_3.jpg,https://www.waitrose.com/ecom/products/cooks-ingredients-hot-smoked-paprika/524128-784892-784893,Cooks' Ingredients Hot Smoked Paprika,45g,£1.60,35.6p/10g,,Food Cupboard
909961,Dr. Will's Tomato Ketchup,G,false,2437,https://ecom-su-static-prod.wtrecom.com/images/products/3/LN_909961_BP_3.jpg,https://www.waitrose.com/ecom/products/dr-wills-tomato-ketchup/909961-826788-826789,Dr. Will's Tomato Ketchup,250g,£2.80,£1.12/100g,,Food Cupboard
080852,Schär Gluten Free Custard Creams,G,false,2438,https://ecom-su-static-prod.wtrecom.com/images/products/3/LN_080852_BP_3.jpg,https://www.waitrose.com/ecom/products/schar-gluten-free-custard-creams/080852-41139-41140,Schär Gluten Free Custard Creams,125g,£1.60,£1.28/100g,,Food Cupboard
619211,Deliciously Ella Sweet Potato Cracker Thins,G,true,2439,https://ecom-su-static-prod.wtrecom.com/images/products/3/LN_619211_BP_3.jpg,https://www.waitrose.com/ecom/products/deliciously-ella-sweet-potato-cracker-thins/619211-818664-818665,Deliciously Ella Sweet Potato Cracker Thins,100g,£2.00,£2/100g,save 50p. Was £2.50,Food Cupboard
017561,Sacla' Italia Tomato & Olive Intenso Sauce,G,true,2440,https://ecom-su-static-prod.wtrecom.com/images/products/3/LN_017561_BP_3.jpg,https://www.waitrose.com/ecom/products/sacla-italia-tomato-olive-intenso-sauce/017561-8540-8541,Sacla' Italia Tomato & Olive Intenso Sauce,190g,£2.50,£1.32/100g,save £1.00. Was £3.50,Food Cupboard
448626,Bonne Maman Fig Conserve,G,false,2441,https://ecom-su-static-prod.wtrecom.com/images/products/3/LN_448626_BP_3.jpg,https://www.waitrose.com/ecom/products/bonne-maman-fig-conserve/448626-168512-168513,Bonne Maman Fig Conserve,370g,£3.50,94.6p/100g,,Food Cupboard
457778,Cadbury Dairy Milk Orange Giant Buttons Chocolate Bag,G,false,2442,https://ecom-su-static-prod.wtrecom.com/images/products/3/LN_457778_BP_3.jpg,https://www.waitrose.com/ecom/products/cadbury-dairy-milk-orange-giant-buttons-chocolate-bag/457778-756713-756714,Cadbury Dairy Milk Orange Giant Buttons Chocolate Bag,110g,£1.90,£1.73/100g,,Food Cupboard
894247,Candy Kittens Wild Strawberry,G,false,2443,https://ecom-su-static-prod.wtrecom.com/images/products/3/LN_894247_BP_3.jpg,https://www.waitrose.com/ecom/products/candy-kittens-wild-strawberry/894247-721760-721761,Candy Kittens Wild Strawberry,140g,£2.75,£1.97/100g,,Food Cupboard
775671,Waitrose Crunchy Chilli Coated Peanuts,G,false,2444,https://ecom-su-static-prod.wtrecom.com/images/products/3/LN_775671_BP_3.jpg,https://www.waitrose.com/ecom/products/waitrose-crunchy-chilli-coated-peanuts/775671-778990-778991,Waitrose Crunchy Chilli Coated Peanuts,175g,£1.25,71.4p/100g,,Food Cupboard
738187,Newman's Own Ranch Dressing & Dip,G,false,2445,https://ecom-su-static-prod.wtrecom.com/images/products/3/LN_738187_BP_3.jpg,https://www.waitrose.com/ecom/products/newmans-own-ranch-dressing-dip/738187-724002-724003,Newman's Own Ranch Dressing & Dip,250ml,£2.30,92p/100ml,,Food Cupboard
712953,Eat Natural Protein Granola Almonds & Seeds,G,true,2446,https://ecom-su-static-prod.wtrecom.com/images/products/3/LN_712953_BP_3.jpg,https://www.waitrose.com/ecom/products/eat-natural-protein-granola-almonds-seeds/712953-674780-674781,Eat Natural Protein Granola Almonds & Seeds,400g,£3.35,83.8p/100g,20% Off. Was £4.25,Food Cupboard
424848,The Spice Tailor Thai Massaman Curry,G,false,2447,https://ecom-su-static-prod.wtrecom.com/images/products/3/LN_424848_BP_3.jpg,https://www.waitrose.com/ecom/products/the-spice-tailor-thai-massaman-curry/424848-702451-702452,The Spice Tailor Thai Massaman Curry,275g,£3.75,£1.37/100g,,Food Cupboard
472674,Waitrose Duchy Organic Blanched Almonds,G,true,2448,https://ecom-su-static-prod.wtrecom.com/images/products/3/LN_472674_BP_3.jpg,https://www.waitrose.com/ecom/products/waitrose-duchy-organic-blanched-almonds/472674-790603-790604,Waitrose Duchy Organic Blanched Almonds,100g,£2.00,£2/100g,20% Off. Was £2.50,Food Cupboard
034124,Mazola Corn Oil,G,false,2449,https://ecom-su-static-prod.wtrecom.com/images/products/3/LN_034124_BP_3.jpg,https://www.waitrose.com/ecom/products/mazola-corn-oil/034124-17075-17076,Mazola Corn Oil,1litre,£4.50,45p/100ml,,Food Cupboard
885464,Waitrose Black Bean Sauce,G,false,2450,https://ecom-su-static-prod.wtrecom.com/images/products/3/LN_885464_BP_3.jpg,https://www.waitrose.com/ecom/products/waitrose-black-bean-sauce/885464-784768-784769,Waitrose Black Bean Sauce,220g,£2.50,£1.14/100g,,Food Cupboard
429505,Bahlsen PiCK Up! Hazelnut,G,true,2451,https://ecom-su-static-prod.wtrecom.com/images/products/3/LN_429505_BP_3.jpg,https://www.waitrose.com/ecom/products/bahlsen-pick-up-hazelnut/429505-823028-823029,Bahlsen PiCK Up! Hazelnut,5x28g,£1.25,89.3p/100g,save 75p. Was £2.00,Food Cupboard
436074,Ainsley Harriott Broccoli & Stilton Cup Soup,G,false,2452,https://ecom-su-static-prod.wtrecom.com/images/products/3/LN_436074_BP_3.jpg,https://www.waitrose.com/ecom/products/ainsley-harriott-broccoli-stilton-cup-soup/436074-450342-450343,Ainsley Harriott Broccoli & Stilton Cup Soup,72g,£1.35,£1.88/100g,,Food Cupboard
856122,Nestlé Carnation Caramel,G,false,2453,https://ecom-su-static-prod.wtrecom.com/images/products/3/LN_856122_BP_3.jpg,https://www.waitrose.com/ecom/products/nestle-carnation-caramel/856122-648278-648279,Nestlé Carnation Caramel,397g,£2.40,60.5p/100g,,Food Cupboard
818370,La Vieja Fábrica Seville St Clement Marmalade,G,false,2454,https://ecom-su-static-prod.wtrecom.com/images/products/3/LN_818370_BP_3.jpg,https://www.waitrose.com/ecom/products/la-vieja-fabrica-seville-st-clement-marmalade/818370-697184-697185,La Vieja Fábrica Seville St Clement Marmalade,365g,£2.50,68.5p/100g,,Food Cupboard
512942,Prewett's Gluten Free Chocoful Biscuits,G,false,2455,https://ecom-su-static-prod.wtrecom.com/images/products/3/LN_512942_BP_3.jpg,https://www.waitrose.com/ecom/products/prewetts-gluten-free-chocoful-biscuits/512942-600600-600601,Prewett's Gluten Free Chocoful Biscuits,100g,£2.85,£2.85/100g,,Food Cupboard
559124,Cerebos Iodised Table Salt,G,false,2456,https://ecom-su-static-prod.wtrecom.com/images/products/3/LN_559124_BP_3.jpg,https://www.waitrose.com/ecom/products/cerebos-iodised-table-salt/559124-79136-79137,Cerebos Iodised Table Salt,400g,£1.80,£4.50/kg,,Food Cupboard
893922,Chupa Chups Assorted Lollipops 10 Pack,G,false,2457,https://ecom-su-static-prod.wtrecom.com/images/products/3/LN_893922_BP_3.jpg,https://www.waitrose.com/ecom/products/chupa-chups-assorted-lollipops-10-pack/893922-784620-784621,Chupa Chups Assorted Lollipops 10 Pack,10s,£1.65,,,Food Cupboard
850158,Milkybar White Chocolate Sharing Bar,G,false,2458,https://ecom-su-static-prod.wtrecom.com/images/products/3/LN_850158_BP_3.jpg,https://www.waitrose.com/ecom/products/milkybar-white-chocolate-sharing-bar/850158-336418-336419,Milkybar White Chocolate Sharing Bar,90g,£1.40,£1.56/100g,,Food Cupboard
017560,Sacla' Italia Tomato & Mascarpone Pasta Sauce,G,true,2459,https://ecom-su-static-prod.wtrecom.com/images/products/3/LN_017560_BP_3.jpg,https://www.waitrose.com/ecom/products/sacla-italia-tomato-mascarpone-pasta-sauce/017560-8538-8539,Sacla' Italia Tomato & Mascarpone Pasta Sauce,190g,£2.50,£1.32/100g,save £1.00. Was £3.50,Food Cupboard
522853,Stute No Sugar Added Strawberry Extra Jam,G,true,2460,https://ecom-su-static-prod.wtrecom.com/images/products/3/LN_522853_BP_3.jpg,https://www.waitrose.com/ecom/products/stute-no-sugar-added-strawberry-extra-jam/522853-275883-275884,Stute No Sugar Added Strawberry Extra Jam,430g,£2.20,51.2p/100g,save 60p. Was £2.80,Food Cupboard
022451,John West Skippers in Tomato Sauce,G,false,2461,https://ecom-su-static-prod.wtrecom.com/images/products/3/LN_022451_BP_3.jpg,https://www.waitrose.com/ecom/products/john-west-skippers-in-tomato-sauce/022451-10944-10945,John West Skippers in Tomato Sauce,106g,£1.60,£1.51/100g,,Food Cupboard
825503,Belazu Cornicabra Extra Virgin Olive Oil,G,false,2462,https://ecom-su-static-prod.wtrecom.com/images/products/3/LN_825503_BP_3.jpg,https://www.waitrose.com/ecom/products/belazu-cornicabra-extra-virgin-olive-oil/825503-585695-585696,Belazu Cornicabra Extra Virgin Olive Oil,500ml,£11.50,£2.30/100ml,,Food Cupboard
764728,Waitrose Dried Cherries,G,false,2463,https://ecom-su-static-prod.wtrecom.com/images/products/3/LN_764728_BP_3.jpg,https://www.waitrose.com/ecom/products/waitrose-dried-cherries/764728-754673-754674,Waitrose Dried Cherries,180g,£4.75,£26.39/kg,,Food Cupboard
679469,LOVE CORN Smoked BBQ,G,false,2464,https://ecom-su-static-prod.wtrecom.com/images/products/3/LN_679469_BP_3.jpg,https://www.waitrose.com/ecom/products/love-corn-smoked-bbq/679469-694600-694601,LOVE CORN Smoked BBQ,115g,£2.30,£2/100g,,Food Cupboard
008918,Canderel Sweetener Tablets,G,false,2465,https://ecom-su-static-prod.wtrecom.com/images/products/3/LN_008918_BP_3.jpg,https://www.waitrose.com/ecom/products/canderel-sweetener-tablets/008918-4243-4244,Canderel Sweetener Tablets,300s,£3.45,1.2p each,,Food Cupboard
820070,Cooks' Ingredients Black Mustard Seeds,G,true,2466,https://ecom-su-static-prod.wtrecom.com/images/products/3/LN_820070_BP_3.jpg,https://www.waitrose.com/ecom/products/cooks-ingredients-black-mustard-seeds/820070-785178-785179,Cooks' Ingredients Black Mustard Seeds,55g,£1.60,29.1p/10g,Add 2 for £2.75,Food Cupboard
820311,Aero Peppermint Mint Chocolate Sharing Bar,G,false,2467,https://ecom-su-static-prod.wtrecom.com/images/products/3/LN_820311_BP_3.jpg,https://www.waitrose.com/ecom/products/aero-peppermint-mint-chocolate-sharing-bar/820311-336352-336353,Aero Peppermint Mint Chocolate Sharing Bar,90g,£1.40,£1.56/100g,,Food Cupboard
819819,Waitrose Belgian Chocolate Flaked Truffles,G,false,2468,https://ecom-su-static-prod.wtrecom.com/images/products/3/LN_819819_BP_3.jpg,https://www.waitrose.com/ecom/products/waitrose-belgian-chocolate-flaked-truffles/819819-759208-759209,Waitrose Belgian Chocolate Flaked Truffles,150g,£4.50,£3/100g,,Food Cupboard
406520,Kellogg's Rice Krispies Squares Chocolate & Caramel Cereal Snack Bars,G,false,2469,https://ecom-su-static-prod.wtrecom.com/images/products/3/LN_406520_BP_3.jpg,https://www.waitrose.com/ecom/products/kelloggs-rice-krispies-squares-chocolate-caramel-cereal-snack-bars/406520-808031-808032,Kellogg's Rice Krispies Squares Chocolate & Caramel Cereal Snack Bars,4x36g,£2.35,£1.64/100g,,Food Cupboard
862691,Duchy Organic Oregano,G,false,2470,https://ecom-su-static-prod.wtrecom.com/images/products/3/LN_862691_BP_3.jpg,https://www.waitrose.com/ecom/products/duchy-organic-oregano/862691-785246-785247,Duchy Organic Oregano,8g,£1.95,£2.44/10g,,Food Cupboard
006347,Geo Watkins Mushroom Ketchup,G,true,2471,https://ecom-su-static-prod.wtrecom.com/images/products/3/LN_006347_BP_3.jpg,https://www.waitrose.com/ecom/products/geo-watkins-mushroom-ketchup/006347-2824-2825,Geo Watkins Mushroom Ketchup,190ml,£1.70,89.5p/100ml,25% Off. Was £2.30,Food Cupboard
895359,I Love Snacks Smoked Almonds,G,true,2472,https://ecom-su-static-prod.wtrecom.com/images/products/3/LN_895359_BP_3.jpg,https://www.waitrose.com/ecom/products/i-love-snacks-smoked-almonds/895359-693410-693411,I Love Snacks Smoked Almonds,25g,£1.10,£4.40/100g,"£5 Food to Go Meal Deal: Add 1 Main, 1 Snack and 1 Drink",Food Cupboard
617742,Bahlsen Choco Leibniz Chunky Mint,G,true,2473,https://ecom-su-static-prod.wtrecom.com/images/products/3/LN_617742_BP_3.jpg,https://www.waitrose.com/ecom/products/bahlsen-choco-leibniz-chunky-mint/617742-654139-654140,Bahlsen Choco Leibniz Chunky Mint,120g,£1.60,£1.34/100g,save 55p. Was £2.15,Food Cupboard
774697,Old El Paso Cheesy Baked Enchiladas,G,false,2474,https://ecom-su-static-prod.wtrecom.com/images/products/3/LN_774697_BP_3.jpg,https://www.waitrose.com/ecom/products/old-el-paso-cheesy-baked-enchiladas/774697-110163-110164,Old El Paso Cheesy Baked Enchiladas,663g,£4.00,60.3p/100g,,Food Cupboard
791298,Graze Sweet Chilli Crunch,G,false,2475,https://ecom-su-static-prod.wtrecom.com/images/products/3/LN_791298_BP_3.jpg,https://www.waitrose.com/ecom/products/graze-sweet-chilli-crunch/791298-710985-710986,Graze Sweet Chilli Crunch,100g,£2.65,£2.65/100g,,Food Cupboard
682477,Cooks' Ingredients Ras el Hanout,G,false,2476,https://ecom-su-static-prod.wtrecom.com/images/products/3/LN_682477_BP_3.jpg,https://www.waitrose.com/ecom/products/cooks-ingredients-ras-el-hanout/682477-312359-312360,Cooks' Ingredients Ras el Hanout,50g,£2.75,55p/10g,,Food Cupboard
017298,Cooks' Ingredients Chilli Olive Oil,G,false,2477,https://ecom-su-static-prod.wtrecom.com/images/products/3/LN_017298_BP_3.jpg,https://www.waitrose.com/ecom/products/cooks-ingredients-chilli-olive-oil/017298-8352-8353,Cooks' Ingredients Chilli Olive Oil,250ml,£4.50,£1.80/100ml,,Food Cupboard
413145,Waitrose Couscous,G,false,2478,https://ecom-su-static-prod.wtrecom.com/images/products/3/LN_413145_BP_3.jpg,https://www.waitrose.com/ecom/products/waitrose-couscous/413145-805737-805738,Waitrose Couscous,1Kg,£1.65,£1.65/kg,,Food Cupboard
034475,Opies Organic Capers in Salt Water,G,false,2479,https://ecom-su-static-prod.wtrecom.com/images/products/3/LN_034475_BP_3.jpg,https://www.waitrose.com/ecom/products/opies-organic-capers-in-salt-water/034475-17303-17304,Opies Organic Capers in Salt Water,drained 100g,£3.40,£3.40/100g,,Food Cupboard
585801,Proper Corn Sweet Cinnamon Popcorn,G,true,2480,https://ecom-su-static-prod.wtrecom.com/images/products/3/LN_585801_BP_3.jpg,https://www.waitrose.com/ecom/products/proper-corn-sweet-cinnamon-popcorn/585801-804116-804117,Proper Corn Sweet Cinnamon Popcorn,90g,£1.50,£1.67/100g,save 50p. Was £2.00,Food Cupboard
785803,Mentos Mint Multipack,G,false,2481,https://ecom-su-static-prod.wtrecom.com/images/products/3/LN_785803_BP_3.jpg,https://www.waitrose.com/ecom/products/mentos-mint-multipack/785803-566661-566662,Mentos Mint Multipack,5x38g,£2.00,£1.06/100g,,Food Cupboard
889507,Bull's-Eye Original BBQ Sauce,G,true,2482,https://ecom-su-static-prod.wtrecom.com/images/products/3/LN_889507_BP_3.jpg,https://www.waitrose.com/ecom/products/bulls-eye-original-bbq-sauce/889507-663328-663329,Bull's-Eye Original BBQ Sauce,300ml,£2.00,66.7p/100ml,save £1.15. Was £3.15,Food Cupboard
513029,Kabuto Noodles Chilli Chicken Ramen,G,true,2483,https://ecom-su-static-prod.wtrecom.com/images/products/3/LN_513029_BP_3.jpg,https://www.waitrose.com/ecom/products/kabuto-noodles-chilli-chicken-ramen/513029-781145-781146,Kabuto Noodles Chilli Chicken Ramen,65g,£1.30,£2/100g,save 45p. Was £1.75,Food Cupboard
800633,Cadbury Bournville Cocoa,G,false,2484,https://ecom-su-static-prod.wtrecom.com/images/products/3/LN_800633_BP_3.jpg,https://www.waitrose.com/ecom/products/cadbury-bournville-cocoa/800633-813424-813425,Cadbury Bournville Cocoa,250g,£4.20,£1.68/100g,,Food Cupboard
489538,Jacob's Krackawheat Crackers,G,false,2485,https://ecom-su-static-prod.wtrecom.com/images/products/3/LN_489538_BP_3.jpg,https://www.waitrose.com/ecom/products/jacobs-krackawheat-crackers/489538-791045-791046,Jacob's Krackawheat Crackers,230g,£2.20,95.7p/100g,,Food Cupboard
742230,Ombar Vegan Coco Mylk Bar,G,false,2486,https://ecom-su-static-prod.wtrecom.com/images/products/3/LN_742230_BP_3.jpg,https://www.waitrose.com/ecom/products/ombar-vegan-coco-mylk-bar/742230-600804-600805,Ombar Vegan Coco Mylk Bar,70g,£3.10,£4.43/100g,,Food Cupboard
620288,Lorenzo N°5 Extra Virgin Olive Oil,G,false,2487,https://ecom-su-static-prod.wtrecom.com/images/products/3/LN_620288_BP_3.jpg,https://www.waitrose.com/ecom/products/lorenzo-n5-extra-virgin-olive-oil/620288-690264-690265,Lorenzo N°5 Extra Virgin Olive Oil,500ml,£18.30,£3.66/100ml,,Food Cupboard
739701,Doves Farm Baking Powder,G,true,2488,https://ecom-su-static-prod.wtrecom.com/images/products/3/LN_739701_BP_3.jpg,https://www.waitrose.com/ecom/products/doves-farm-baking-powder/739701-806392-806393,Doves Farm Baking Powder,130g,£1.25,£9.62/kg,25% Off. Was £1.70,Food Cupboard
506587,Rude Health Organic Ultimate Muesli,G,false,2489,https://ecom-su-static-prod.wtrecom.com/images/products/3/LN_506587_BP_3.jpg,https://www.waitrose.com/ecom/products/rude-health-organic-ultimate-muesli/506587-741725-741726,Rude Health Organic Ultimate Muesli,400g,£4.20,£1.05/100g,,Food Cupboard
859546,Clearspring Organic Buckwheat Soba Gluten Free Noodle,G,false,2490,https://ecom-su-static-prod.wtrecom.com/images/products/3/LN_859546_BP_3.jpg,https://www.waitrose.com/ecom/products/clearspring-organic-buckwheat-soba-gluten-free-noodle/859546-166940-166941,Clearspring Organic Buckwheat Soba Gluten Free Noodle,200g,£4.50,£2.25/100g,,Food Cupboard
039125,Elsinore Seafood Gumbo Soup,G,true,2491,https://ecom-su-static-prod.wtrecom.com/images/products/3/LN_039125_BP_3.jpg,https://www.waitrose.com/ecom/products/elsinore-seafood-gumbo-soup/039125-19411-19412,Elsinore Seafood Gumbo Soup,400g,£2.50,62.5p/100g,Add 2 for £4.50,Food Cupboard
646580,Prewett's Gluten Free Milk Chocolate Digestives,G,false,2492,https://ecom-su-static-prod.wtrecom.com/images/products/3/LN_646580_BP_3.jpg,https://www.waitrose.com/ecom/products/prewetts-gluten-free-milk-chocolate-digestives/646580-450548-450549,Prewett's Gluten Free Milk Chocolate Digestives,155g,£2.25,£1.46/100g,,Food Cupboard
007736,Knorr All Purpose Aromat Savoury Seasoning,G,false,2493,https://ecom-su-static-prod.wtrecom.com/images/products/3/LN_007736_BP_3.jpg,https://www.waitrose.com/ecom/products/knorr-all-purpose-aromat-savoury-seasoning/007736-3622-3623,Knorr All Purpose Aromat Savoury Seasoning,90g,£2.00,£2.23/100g,,Food Cupboard
828109,Waitrose Milk Chocolate Dessert Sauce,G,false,2494,https://ecom-su-static-prod.wtrecom.com/images/products/3/LN_828109_BP_3.jpg,https://www.waitrose.com/ecom/products/waitrose-milk-chocolate-dessert-sauce/828109-693974-693975,Waitrose Milk Chocolate Dessert Sauce,300g,£2.25,75p/100g,,Food Cupboard
435619,Knorr Gluten Free Rich Beef Stock Pot,G,false,2495,https://ecom-su-static-prod.wtrecom.com/images/products/3/LN_435619_BP_3.jpg,https://www.waitrose.com/ecom/products/knorr-gluten-free-rich-beef-stock-pot/435619-61289-61290,Knorr Gluten Free Rich Beef Stock Pot,8x28g,£3.20,£1.43/100g,,Food Cupboard
004644,Lyle's Black Treacle,G,false,2496,https://ecom-su-static-prod.wtrecom.com/images/products/3/LN_004644_BP_3.jpg,https://www.waitrose.com/ecom/products/lyles-black-treacle/004644-1977-1978,Lyle's Black Treacle,454g,£1.90,41.9p/100g,,Food Cupboard
706912,Plants High Protein Rigatoni,G,true,2497,https://ecom-su-static-prod.wtrecom.com/images/products/3/LN_706912_BP_3.jpg,https://www.waitrose.com/ecom/products/plants-high-protein-rigatoni/706912-823354-823355,Plants High Protein Rigatoni,215g,£2.00,£9.31/kg,20% Off. Was £2.50,Food Cupboard
460757,La Espanola Organic Extra Virgin Olive Oil,G,false,2498,https://ecom-su-static-prod.wtrecom.com/images/products/3/LN_460757_BP_3.jpg,https://www.waitrose.com/ecom/products/la-espanola-organic-extra-virgin-olive-oil/460757-805751-805752,La Espanola Organic Extra Virgin Olive Oil,500ml,£8.75,£1.75/100ml,,Food Cupboard
573180,Fox's Fabulous Chocolatey Indulgent Creams Honeycomb,G,false,2499,https://ecom-su-static-prod.wtrecom.com/images/products/3/LN_573180_BP_3.jpg,https://www.waitrose.com/ecom/products/foxs-fabulous-chocolatey-indulgent-creams-honeycomb/573180-812447-812448,Fox's Fabulous Chocolatey Indulgent Creams Honeycomb,130g,£1.75,£1.35/100g,,Food Cupboard
845513,Merchant Gourmet Mediterranean Style Grains,G,true,2500,https://ecom-su-static-prod.wtrecom.com/images/products/3/LN_845513_BP_3.jpg,https://www.waitrose.com/ecom/products/merchant-gourmet-mediterranean-style-grains/845513-806842-806843,Merchant Gourmet Mediterranean Style Grains,250g,£1.50,£6/kg,save 70p. Was £2.20,Food Cupboard
593597,Doves Farm Organic Wholemeal Rye Flour,G,false,2501,https://ecom-su-static-prod.wtrecom.com/images/products/3/LN_593597_BP_3.jpg,https://www.waitrose.com/ecom/products/doves-farm-organic-wholemeal-rye-flour/593597-816972-816973,Doves Farm Organic Wholemeal Rye Flour,1Kg,£2.85,£2.85/kg,,Food Cupboard
073352,Doves Farm Organic Malthouse Bread Flour,G,true,2502,https://ecom-su-static-prod.wtrecom.com/images/products/3/LN_073352_BP_3.jpg,https://www.waitrose.com/ecom/products/doves-farm-organic-malthouse-bread-flour/073352-37222-37223,Doves Farm Organic Malthouse Bread Flour,1kg,£2.20,£2.20/kg,20% Off. Was £2.75,Food Cupboard
422416,McCoy's Ridge Cut Salt & Malt Vinegar Crisps,G,true,2503,https://ecom-su-static-prod.wtrecom.com/images/products/3/LN_422416_BP_3.jpg,https://www.waitrose.com/ecom/products/mccoys-ridge-cut-salt-malt-vinegar-crisps/422416-162348-162349,McCoy's Ridge Cut Salt & Malt Vinegar Crisps,45g,£1.15,£2.56/100g,"£5 Food to Go Meal Deal: Add 1 Main, 1 Snack and 1 Drink",Food Cupboard
763943,Kingfisher Shredded Crab Meat,G,false,2504,https://ecom-su-static-prod.wtrecom.com/images/products/3/LN_763943_BP_3.jpg,https://www.waitrose.com/ecom/products/kingfisher-shredded-crab-meat/763943-150173-150174,Kingfisher Shredded Crab Meat,drained 105g,£2.40,£2.29/100g,,Food Cupboard
882404,Bacofoil 2 Oventray,G,false,2505,https://ecom-su-static-prod.wtrecom.com/images/products/3/LN_882404_BP_3.jpg,https://www.waitrose.com/ecom/products/bacofoil-2-oventray/882404-413121-413122,Bacofoil 2 Oventray,each,£2.75,£2.75 each,,Food Cupboard
432293,Ottolenghi Citrus & Spice Seasoning,G,false,2506,https://ecom-su-static-prod.wtrecom.com/images/products/3/LN_432293_BP_3.jpg,https://www.waitrose.com/ecom/products/ottolenghi-citrus-spice-seasoning/432293-824746-824747,Ottolenghi Citrus & Spice Seasoning,50g,£3.95,79p/10g,,Food Cupboard
447510,KP Honey Roast Peanuts,G,true,2507,https://ecom-su-static-prod.wtrecom.com/images/products/3/LN_447510_BP_3.jpg,https://www.waitrose.com/ecom/products/kp-honey-roast-peanuts/447510-63019-63020,KP Honey Roast Peanuts,225g,£3.25,£1.45/100g,Add 2 for £5.50,Food Cupboard
409164,Candy Kittens Very Cherry,G,false,2508,https://ecom-su-static-prod.wtrecom.com/images/products/3/LN_409164_BP_3.jpg,https://www.waitrose.com/ecom/products/candy-kittens-very-cherry/409164-758412-758413,Candy Kittens Very Cherry,140g,£2.75,£1.97/100g,,Food Cupboard
821102,Jordans Frusli Sticky Toffee & Apple Cereal Bars 6 x 30g (180g),G,true,2509,https://ecom-su-static-prod.wtrecom.com/images/products/3/LN_821102_BP_3.jpg,https://www.waitrose.com/ecom/products/jordans-frusli-sticky-toffee-apple-cereal-bars-6-x-30g-180g/821102-808104-808105,Jordans Frusli Sticky Toffee & Apple Cereal Bars 6 x 30g (180g),6x30g,£1.50,83.3p/100g,save 90p. Was £2.40,Food Cupboard
607435,Waitrose Goji Berries,G,false,2510,https://ecom-su-static-prod.wtrecom.com/images/products/3/LN_607435_BP_3.jpg,https://www.waitrose.com/ecom/products/waitrose-goji-berries/607435-818640-818641,Waitrose Goji Berries,100g,£1.95,£19.50/kg,,Food Cupboard
738228,Ottolenghi Sweet & Smoky Seasoning,G,false,2511,https://ecom-su-static-prod.wtrecom.com/images/products/3/LN_738228_BP_3.jpg,https://www.waitrose.com/ecom/products/ottolenghi-sweet-smoky-seasoning/738228-824868-824869,Ottolenghi Sweet & Smoky Seasoning,50g,£3.95,79p/10g,,Food Cupboard
819320,Cooks' Ingredients Star Anise,G,true,2512,https://ecom-su-static-prod.wtrecom.com/images/products/3/LN_819320_BP_3.jpg,https://www.waitrose.com/ecom/products/cooks-ingredients-star-anise/819320-785176-785177,Cooks' Ingredients Star Anise,12g,£1.60,£1.34/10g,Add 2 for £2.75,Food Cupboard
416509,Kinder Bueno 8 Bars,G,false,2513,https://ecom-su-static-prod.wtrecom.com/images/products/3/LN_416509_BP_3.jpg,https://www.waitrose.com/ecom/products/kinder-bueno-8-bars/416509-825794-825795,Kinder Bueno 8 Bars,4x43g,£2.80,£1.63/100g,,Food Cupboard
896428,Mug Shot Macaroni Cheese Pasta,G,false,2514,https://ecom-su-static-prod.wtrecom.com/images/products/3/LN_896428_BP_3.jpg,https://www.waitrose.com/ecom/products/mug-shot-macaroni-cheese-pasta/896428-362098-362099,Mug Shot Macaroni Cheese Pasta,68g,£1.00,£1.48/100g,,Food Cupboard
007805,Knorr Gluten Free Vegetable Stock Cubes,G,false,2515,https://ecom-su-static-prod.wtrecom.com/images/products/3/LN_007805_BP_3.jpg,https://www.waitrose.com/ecom/products/knorr-gluten-free-vegetable-stock-cubes/007805-3687-3688,Knorr Gluten Free Vegetable Stock Cubes,80g,£2.05,£2.57/100g,,Food Cupboard
856473,Heinz Tomato & Basil Pasta Sauce,G,false,2516,https://ecom-su-static-prod.wtrecom.com/images/products/3/LN_856473_BP_3.jpg,https://www.waitrose.com/ecom/products/heinz-tomato-basil-pasta-sauce/856473-802652-802653,Heinz Tomato & Basil Pasta Sauce,490g,£3.00,61.2p/100g,,Food Cupboard
832193,Cooks' Ingredients Sage,G,true,2517,https://ecom-su-static-prod.wtrecom.com/images/products/3/LN_832193_BP_3.jpg,https://www.waitrose.com/ecom/products/cooks-ingredients-sage/832193-785192-785193,Cooks' Ingredients Sage,12g,£1.60,£1.34/10g,Add 2 for £2.75,Food Cupboard
462894,Cooks' Ingredients Stripe Party Candles,G,false,2518,https://ecom-su-static-prod.wtrecom.com/images/products/3/LN_462894_BP_3.jpg,https://www.waitrose.com/ecom/products/cooks-ingredients-stripe-party-candles/462894-260718-260719,Cooks' Ingredients Stripe Party Candles,16s,£1.50,9.4p each,,Food Cupboard
559138,Jamie Oliver Incredible Curried Chickpeas,G,true,2519,https://ecom-su-static-prod.wtrecom.com/images/products/3/LN_559138_BP_3.jpg,https://www.waitrose.com/ecom/products/jamie-oliver-incredible-curried-chickpeas/559138-426919-426920,Jamie Oliver Incredible Curried Chickpeas,250g,£1.80,£7.20/kg,25% Off. Was £2.45,Food Cupboard
827629,Ainsley Harriott Thai Chicken Lemongrass Soup,G,false,2520,https://ecom-su-static-prod.wtrecom.com/images/products/3/LN_827629_BP_3.jpg,https://www.waitrose.com/ecom/products/ainsley-harriott-thai-chicken-lemongrass-soup/827629-450720-450721,Ainsley Harriott Thai Chicken Lemongrass Soup,69g,£1.35,£1.96/100g,,Food Cupboard
505668,Filippo Berio Classico Olive Oil,G,false,2521,https://ecom-su-static-prod.wtrecom.com/images/products/3/LN_505668_BP_3.jpg,https://www.waitrose.com/ecom/products/filippo-berio-classico-olive-oil/505668-721189-721190,Filippo Berio Classico Olive Oil,750ml,£13.65,£1.82/100ml,,Food Cupboard
563451,Fitbakes Belgian Chocolate Crunch,G,false,2522,https://ecom-su-static-prod.wtrecom.com/images/products/3/LN_563451_BP_3.jpg,https://www.waitrose.com/ecom/products/fitbakes-belgian-chocolate-crunch/563451-786120-786121,Fitbakes Belgian Chocolate Crunch,3x19g,£3.00,£5.27/100g,,Food Cupboard
467058,No.1 Dark Chocolate 80%,G,false,2523,https://ecom-su-static-prod.wtrecom.com/images/products/3/LN_467058_BP_3.jpg,https://www.waitrose.com/ecom/products/no1-dark-chocolate-80/467058-706917-706918,No.1 Dark Chocolate 80%,30g,60p,£2/100g,,Food Cupboard
909432,Deliciously Ella Strawberry & Almond Low Sugar Granola,G,false,2524,https://ecom-su-static-prod.wtrecom.com/images/products/3/LN_909432_BP_3.jpg,https://www.waitrose.com/ecom/products/deliciously-ella-strawberry-almond-low-sugar-granola/909432-826786-826787,Deliciously Ella Strawberry & Almond Low Sugar Granola,380g,£4.00,£1.06/100g,,Food Cupboard
711774,Cooks' Ingredients Chopped Mint,G,true,2525,https://ecom-su-static-prod.wtrecom.com/images/products/3/LN_711774_BP_3.jpg,https://www.waitrose.com/ecom/products/cooks-ingredients-chopped-mint/711774-807613-807614,Cooks' Ingredients Chopped Mint,12g,£1.60,£1.34/10g,Add 2 for £2.75,Food Cupboard
416610,Waitrose Wild Cranberry Sauce,G,false,2526,https://ecom-su-static-prod.wtrecom.com/images/products/3/LN_416610_BP_3.jpg,https://www.waitrose.com/ecom/products/waitrose-wild-cranberry-sauce/416610-206033-206034,Waitrose Wild Cranberry Sauce,205g,£2.20,£1.08/100g,,Food Cupboard
814790,Waitrose Dark Brown Soft Sugar,G,false,2527,https://ecom-su-static-prod.wtrecom.com/images/products/3/LN_814790_BP_3.jpg,https://www.waitrose.com/ecom/products/waitrose-dark-brown-soft-sugar/814790-260928-260929,Waitrose Dark Brown Soft Sugar,1kg,£3.50,£3.50/kg,,Food Cupboard
524674,Gallo My Risotto Perfetto Porcini Mushroom,G,false,2528,https://ecom-su-static-prod.wtrecom.com/images/products/3/LN_524674_BP_3.jpg,https://www.waitrose.com/ecom/products/gallo-my-risotto-perfetto-porcini-mushroom/524674-74200-74201,Gallo My Risotto Perfetto Porcini Mushroom,175g,£2.90,£16.58/kg,,Food Cupboard
072660,Toblerone Milk Chocolate Bar,G,false,2529,https://ecom-su-static-prod.wtrecom.com/images/products/3/LN_072660_BP_3.jpg,https://www.waitrose.com/ecom/products/toblerone-milk-chocolate-bar/072660-36878-36879,Toblerone Milk Chocolate Bar,100g,£1.75,£1.75/100g,,Food Cupboard
841083,841083 - Waitrose Spaghetti,G,false,2530,https://ecom-su-static-prod.wtrecom.com/images/products/3/LN_841083_BP_3.jpg,https://www.waitrose.com/ecom/products/841083-waitrose-spaghetti/841083-728062-728063,841083 - Waitrose Spaghetti,500g,£1.75,£3.50/kg,,Food Cupboard
402296,Maldon Sea Salt Mill,G,false,2531,https://ecom-su-static-prod.wtrecom.com/images/products/3/LN_402296_BP_3.jpg,https://www.waitrose.com/ecom/products/maldon-sea-salt-mill/402296-766715-766716,Maldon Sea Salt Mill,55g,£4.00,£7.28/100g,,Food Cupboard
450575,White's Organic Jumbo Oats,G,false,2532,https://ecom-su-static-prod.wtrecom.com/images/products/3/LN_450575_BP_3.jpg,https://www.waitrose.com/ecom/products/whites-organic-jumbo-oats/450575-759638-759639,White's Organic Jumbo Oats,1kg,£2.95,29.5p/100g,,Food Cupboard
096677,Duchy Organic Strong Wholemeal Bread Flour,G,false,2533,https://ecom-su-static-prod.wtrecom.com/images/products/3/LN_096677_BP_3.jpg,https://www.waitrose.com/ecom/products/duchy-organic-strong-wholemeal-bread-flour/096677-49440-49441,Duchy Organic Strong Wholemeal Bread Flour,1.5kg,£2.40,£1.60/kg,,Food Cupboard
466105,BEAR Yo Yos Strawberry,G,false,2534,https://ecom-su-static-prod.wtrecom.com/images/products/3/LN_466105_BP_3.jpg,https://www.waitrose.com/ecom/products/bear-yo-yos-strawberry/466105-336058-336059,BEAR Yo Yos Strawberry,9s,£4.90,54.4p each,,Food Cupboard
865748,Heinz Vegan Salad Cream,G,false,2535,https://ecom-su-static-prod.wtrecom.com/images/products/3/LN_865748_BP_3.jpg,https://www.waitrose.com/ecom/products/heinz-vegan-salad-cream/865748-752795-752796,Heinz Vegan Salad Cream,400ml,£3.20,80p/100ml,,Food Cupboard
832111,Tilda Boil in Bag Brown Basmati Rice,G,false,2536,https://ecom-su-static-prod.wtrecom.com/images/products/3/LN_832111_BP_3.jpg,https://www.waitrose.com/ecom/products/tilda-boil-in-bag-brown-basmati-rice/832111-343576-343577,Tilda Boil in Bag Brown Basmati Rice,4x62.5g,£2.25,£9/kg,,Food Cupboard
732014,Nestlé Shreddies The Frosted One,G,true,2537,https://ecom-su-static-prod.wtrecom.com/images/products/3/LN_732014_BP_3.jpg,https://www.waitrose.com/ecom/products/nestle-shreddies-the-frosted-one/732014-752823-752824,Nestlé Shreddies The Frosted One,560g,£2.50,44.6p/100g,save £1.70. Was £4.20,Food Cupboard
689800,KP Jumbo Peanuts Salt & Vinegar,G,true,2538,https://ecom-su-static-prod.wtrecom.com/images/products/3/LN_689800_BP_3.jpg,https://www.waitrose.com/ecom/products/kp-jumbo-peanuts-salt-vinegar/689800-97983-97984,KP Jumbo Peanuts Salt & Vinegar,225g,£3.25,£1.45/100g,Add 2 for £5.50,Food Cupboard
007142,Finn Crisp Multigrain Crispbread,G,false,2539,https://ecom-su-static-prod.wtrecom.com/images/products/3/LN_007142_BP_3.jpg,https://www.waitrose.com/ecom/products/finn-crisp-multigrain-crispbread/007142-3267-3268,Finn Crisp Multigrain Crispbread,175g,£1.40,80p/100g,,Food Cupboard
520876,Littleover Apiary Organic Wildflower Honey with Royal Jelly,G,false,2540,https://ecom-su-static-prod.wtrecom.com/images/products/3/LN_520876_BP_3.jpg,https://www.waitrose.com/ecom/products/littleover-apiary-organic-wildflower-honey-with-royal-jelly/520876-154539-154540,Littleover Apiary Organic Wildflower Honey with Royal Jelly,340g,£5.00,£1.48/100g,,Food Cupboard
828601,Nando's Medium Peri-Peri Marinade,G,false,2541,https://ecom-su-static-prod.wtrecom.com/images/products/3/LN_828601_BP_3.jpg,https://www.waitrose.com/ecom/products/nandos-medium-peri-peri-marinade/828601-203344-203345,Nando's Medium Peri-Peri Marinade,262g,£2.65,£1.02/100g,,Food Cupboard
664817,Aunty's Spotted Dick Steamed Puds,G,false,2542,https://ecom-su-static-prod.wtrecom.com/images/products/3/LN_664817_BP_3.jpg,https://www.waitrose.com/ecom/products/auntys-spotted-dick-steamed-puds/664817-94395-94396,Aunty's Spotted Dick Steamed Puds,2x95g,£1.60,84.2p/100g,,Food Cupboard
416885,Heinz Big Soup Lamb & Vegetable,G,true,2543,https://ecom-su-static-prod.wtrecom.com/images/products/3/LN_416885_BP_3.jpg,https://www.waitrose.com/ecom/products/heinz-big-soup-lamb-vegetable/416885-726937-726938,Heinz Big Soup Lamb & Vegetable,400g,£2.00,50p/100g,Add 3 for £4.50,Food Cupboard
661392,Cooks' Ingredients Bechamel Sauce,G,false,2544,https://ecom-su-static-prod.wtrecom.com/images/products/3/LN_661392_BP_3.jpg,https://www.waitrose.com/ecom/products/cooks-ingredients-bechamel-sauce/661392-255577-255578,Cooks' Ingredients Bechamel Sauce,500g,£3.50,70p/100g,,Food Cupboard
735884,Plants By Deliciously Ella Pea & Mint Soup,G,false,2545,https://ecom-su-static-prod.wtrecom.com/images/products/3/LN_735884_BP_3.jpg,https://www.waitrose.com/ecom/products/plants-by-deliciously-ella-pea-mint-soup/735884-810550-810551,Plants By Deliciously Ella Pea & Mint Soup,600g,£3.30,55p/100g,,Food Cupboard
588144,Waitrose Banana & Papaya Granola,G,false,2546,https://ecom-su-static-prod.wtrecom.com/images/products/3/LN_588144_BP_3.jpg,https://www.waitrose.com/ecom/products/waitrose-banana-papaya-granola/588144-769483-769484,Waitrose Banana & Papaya Granola,1Kg,£2.85,28.5p/100g,,Food Cupboard
525722,Tilda Spicy Mexican Rice,G,true,2547,https://ecom-su-static-prod.wtrecom.com/images/products/3/LN_525722_BP_3.jpg,https://www.waitrose.com/ecom/products/tilda-spicy-mexican-rice/525722-805759-805760,Tilda Spicy Mexican Rice,250g,£1.00,£4/kg,save 85p. Was £1.85,Food Cupboard
014899,Waitrose Pickled Onions in Vinegar,G,false,2548,https://ecom-su-static-prod.wtrecom.com/images/products/3/LN_014899_BP_3.jpg,https://www.waitrose.com/ecom/products/waitrose-pickled-onions-in-vinegar/014899-7138-7139,Waitrose Pickled Onions in Vinegar,drained 230g,£2.25,97.8p/100g,,Food Cupboard
546779,Cadbury Bitsa Wispa Chocolate Chocolate Bag,G,false,2549,https://ecom-su-static-prod.wtrecom.com/images/products/3/LN_546779_BP_3.jpg,https://www.waitrose.com/ecom/products/cadbury-bitsa-wispa-chocolate-chocolate-bag/546779-174544-174545,Cadbury Bitsa Wispa Chocolate Chocolate Bag,110g,£1.90,£1.73/100g,,Food Cupboard
022099,Cooks' Ingredients Sundried Tomatoes,G,false,2550,https://ecom-su-static-prod.wtrecom.com/images/products/3/LN_022099_BP_3.jpg,https://www.waitrose.com/ecom/products/cooks-ingredients-sundried-tomatoes/022099-10762-10763,Cooks' Ingredients Sundried Tomatoes,80g,£2.40,£3/100g,,Food Cupboard
068319,Waitrose Chopped Dried Pitted Apricots,G,false,2551,https://ecom-su-static-prod.wtrecom.com/images/products/3/LN_068319_BP_3.jpg,https://www.waitrose.com/ecom/products/waitrose-chopped-dried-pitted-apricots/068319-34679-34680,Waitrose Chopped Dried Pitted Apricots,250g,£3.00,£12/kg,,Food Cupboard
813052,Campbell's Condensed Tomato Soup,G,false,2552,https://ecom-su-static-prod.wtrecom.com/images/products/3/LN_813052_BP_3.jpg,https://www.waitrose.com/ecom/products/campbells-condensed-tomato-soup/813052-149837-149838,Campbell's Condensed Tomato Soup,295g,£1.60,54.2p/100g,,Food Cupboard
895259,Ambrosia Light Devon Custard,G,false,2553,https://ecom-su-static-prod.wtrecom.com/images/products/3/LN_895259_BP_3.jpg,https://www.waitrose.com/ecom/products/ambrosia-light-devon-custard/895259-343822-343823,Ambrosia Light Devon Custard,150g,95p,63.3p/100g,,Food Cupboard
394829,Betty Crocker Vanilla Buttercream Style Icing,G,false,2554,https://ecom-su-static-prod.wtrecom.com/images/products/3/LN_394829_BP_3.jpg,https://www.waitrose.com/ecom/products/betty-crocker-vanilla-buttercream-style-icing/394829-55485-55486,Betty Crocker Vanilla Buttercream Style Icing,400g,£3.15,£7.88/kg,,Food Cupboard
056259,Waitrose Basmati & Wild Rice,G,false,2555,https://ecom-su-static-prod.wtrecom.com/images/products/3/LN_056259_BP_3.jpg,https://www.waitrose.com/ecom/products/waitrose-basmati-wild-rice/056259-28217-28218,Waitrose Basmati & Wild Rice,1kg,£4.85,£4.85/kg,,Food Cupboard
876366,NOMO Vegan Fruit & Crunch Chocolate Bar,G,false,2556,https://ecom-su-static-prod.wtrecom.com/images/products/3/LN_876366_BP_3.jpg,https://www.waitrose.com/ecom/products/nomo-vegan-fruit-crunch-chocolate-bar/876366-702116-702117,NOMO Vegan Fruit & Crunch Chocolate Bar,32g,£1.20,£3.75/100g,,Food Cupboard
744262,Tony's Chocolonely Milk Crispy Wafer,G,false,2557,https://ecom-su-static-prod.wtrecom.com/images/products/3/LN_744262_BP_3.jpg,https://www.waitrose.com/ecom/products/tonys-chocolonely-milk-crispy-wafer/744262-777177-777178,Tony's Chocolonely Milk Crispy Wafer,180g,£3.50,£1.95/100g,,Food Cupboard
684227,Mug Shot Chicken & Sweetcorn Flavour Noodles,G,false,2558,https://ecom-su-static-prod.wtrecom.com/images/products/3/LN_684227_BP_3.jpg,https://www.waitrose.com/ecom/products/mug-shot-chicken-sweetcorn-flavour-noodles/684227-162185-162186,Mug Shot Chicken & Sweetcorn Flavour Noodles,54g,£1.00,£1.86/100g,,Food Cupboard
883988,Simply Roasted Sea Salt Crisps,G,false,2559,https://ecom-su-static-prod.wtrecom.com/images/products/3/LN_883988_BP_3.jpg,https://www.waitrose.com/ecom/products/simply-roasted-sea-salt-crisps/883988-786466-786467,Simply Roasted Sea Salt Crisps,93g,£2.30,£2.48/100g,,Food Cupboard
642599,Jacobs Cheddars Red Leicester,G,false,2560,https://ecom-su-static-prod.wtrecom.com/images/products/3/LN_642599_BP_3.jpg,https://www.waitrose.com/ecom/products/jacobs-cheddars-red-leicester/642599-824145-824146,Jacobs Cheddars Red Leicester,150g,£1.50,£1/100g,,Food Cupboard
645874,Doves Farm Organic Cornflour,G,true,2561,https://ecom-su-static-prod.wtrecom.com/images/products/3/LN_645874_BP_3.jpg,https://www.waitrose.com/ecom/products/doves-farm-organic-cornflour/645874-806386-806387,Doves Farm Organic Cornflour,110g,£1.25,£11.37/kg,25% Off. Was £1.70,Food Cupboard
047993,Waitrose Duchy Organic Hazelnuts,G,false,2562,https://ecom-su-static-prod.wtrecom.com/images/products/3/LN_047993_BP_3.jpg,https://www.waitrose.com/ecom/products/waitrose-duchy-organic-hazelnuts/047993-23775-23776,Waitrose Duchy Organic Hazelnuts,150g,£3.75,£2.50/100g,,Food Cupboard
736068,Waitrose Sweet Cured Mackerel,G,false,2563,https://ecom-su-static-prod.wtrecom.com/images/products/3/LN_736068_BP_3.jpg,https://www.waitrose.com/ecom/products/waitrose-sweet-cured-mackerel/736068-752509-752510,Waitrose Sweet Cured Mackerel,drained 70g,£2.30,£3.29/100g,,Food Cupboard
045446,Filippo Berio Mild & Light Olive Oil,G,false,2564,https://ecom-su-static-prod.wtrecom.com/images/products/3/LN_045446_BP_3.jpg,https://www.waitrose.com/ecom/products/filippo-berio-mild-light-olive-oil/045446-22398-22399,Filippo Berio Mild & Light Olive Oil,1litre,£15.95,£1.60/100ml,,Food Cupboard
565077,The Spice Tailor Thai Red Curry,G,false,2565,https://ecom-su-static-prod.wtrecom.com/images/products/3/LN_565077_BP_3.jpg,https://www.waitrose.com/ecom/products/the-spice-tailor-thai-red-curry/565077-702769-702770,The Spice Tailor Thai Red Curry,275g,£3.75,£1.37/100g,,Food Cupboard
520220,Geeta's Mango & Ginger Chutney,G,false,2566,https://ecom-su-static-prod.wtrecom.com/images/products/3/LN_520220_BP_3.jpg,https://www.waitrose.com/ecom/products/geetas-mango-ginger-chutney/520220-807587-807588,Geeta's Mango & Ginger Chutney,230g,£1.95,84.8p/100g,,Food Cupboard
500472,Lindt Lindor White Chocolate Truffles,G,false,2567,https://ecom-su-static-prod.wtrecom.com/images/products/3/LN_500472_BP_3.jpg,https://www.waitrose.com/ecom/products/lindt-lindor-white-chocolate-truffles/500472-70725-70726,Lindt Lindor White Chocolate Truffles,200g,£6.30,£3.15/100g,,Food Cupboard
045711,Divine Fairtrade 70% Dark Chocolate,G,false,2568,https://ecom-su-static-prod.wtrecom.com/images/products/3/LN_045711_BP_3.jpg,https://www.waitrose.com/ecom/products/divine-fairtrade-70-dark-chocolate/045711-22522-22523,Divine Fairtrade 70% Dark Chocolate,90g,£2.80,£3.12/100g,,Food Cupboard
768717,Merchant Gourmet Black Dhal,G,true,2569,https://ecom-su-static-prod.wtrecom.com/images/products/3/LN_768717_BP_3.jpg,https://www.waitrose.com/ecom/products/merchant-gourmet-black-dhal/768717-818971-818972,Merchant Gourmet Black Dhal,250g,£1.50,£6/kg,save 60p. Was £2.10,Food Cupboard
830582,La Vieja Fábrica Orange No Peel Marmalade,G,false,2570,https://ecom-su-static-prod.wtrecom.com/images/products/3/LN_830582_BP_3.jpg,https://www.waitrose.com/ecom/products/la-vieja-fabrica-orange-no-peel-marmalade/830582-706691-706692,La Vieja Fábrica Orange No Peel Marmalade,365g,£2.50,68.5p/100g,,Food Cupboard
045755,Garner's Pickled Shallots,G,false,2571,https://ecom-su-static-prod.wtrecom.com/images/products/3/LN_045755_BP_3.jpg,https://www.waitrose.com/ecom/products/garners-pickled-shallots/045755-22546-22547,Garner's Pickled Shallots,drained 160g,£4.10,£2.57/100g,,Food Cupboard
552474,Ottolenghi Chilli Sauce,G,false,2572,https://ecom-su-static-prod.wtrecom.com/images/products/3/LN_552474_BP_3.jpg,https://www.waitrose.com/ecom/products/ottolenghi-chilli-sauce/552474-824794-824795,Ottolenghi Chilli Sauce,170g,£4.50,£2.65/100g,,Food Cupboard
811849,Deliciously Ella Gluten Free & Vegan Roasted Almond Bars,G,false,2573,https://ecom-su-static-prod.wtrecom.com/images/products/3/LN_811849_BP_3.jpg,https://www.waitrose.com/ecom/products/deliciously-ella-gluten-free-vegan-roasted-almond-bars/811849-791223-791224,Deliciously Ella Gluten Free & Vegan Roasted Almond Bars,3x40g,£3.00,£2.50/100g,,Food Cupboard
835193,Lindt Lindor Double Chocolate Truffles,G,false,2574,https://ecom-su-static-prod.wtrecom.com/images/products/3/LN_835193_BP_3.jpg,https://www.waitrose.com/ecom/products/lindt-lindor-double-chocolate-truffles/835193-784594-784595,Lindt Lindor Double Chocolate Truffles,200g,£6.30,£3.15/100g,,Food Cupboard
005872,Waitrose Traditional Brown Basmati Aged Rice,G,false,2575,https://ecom-su-static-prod.wtrecom.com/images/products/3/LN_005872_BP_3.jpg,https://www.waitrose.com/ecom/products/waitrose-traditional-brown-basmati-aged-rice/005872-2574-2575,Waitrose Traditional Brown Basmati Aged Rice,1kg,£3.50,£3.50/kg,,Food Cupboard
516294,John West Tuna Chunks in Sunflower Oil,G,false,2576,https://ecom-su-static-prod.wtrecom.com/images/products/3/LN_516294_BP_3.jpg,https://www.waitrose.com/ecom/products/john-west-tuna-chunks-in-sunflower-oil/516294-148499-148500,John West Tuna Chunks in Sunflower Oil,drained 3x56g,£2.90,£1.73/100g,,Food Cupboard
412992,Farrington's Mellow Yellow Balsamic Vinegar Dressing,G,false,2577,https://ecom-su-static-prod.wtrecom.com/images/products/3/LN_412992_BP_3.jpg,https://www.waitrose.com/ecom/products/farringtons-mellow-yellow-balsamic-vinegar-dressing/412992-135333-135334,Farrington's Mellow Yellow Balsamic Vinegar Dressing,250ml,£3.45,£1.38/100ml,,Food Cupboard
860389,Cadbury Dairy Milk Daim Chocolate Bar,G,true,2578,https://ecom-su-static-prod.wtrecom.com/images/products/3/LN_860389_BP_3.jpg,https://www.waitrose.com/ecom/products/cadbury-dairy-milk-daim-chocolate-bar/860389-311446-311447,Cadbury Dairy Milk Daim Chocolate Bar,120g,£1.50,£1.25/100g,save 25p. Was £1.75,Food Cupboard
431014,The Flan Co. Large Sponge Flan Case,G,false,2579,https://ecom-su-static-prod.wtrecom.com/images/products/3/LN_431014_BP_3.jpg,https://www.waitrose.com/ecom/products/the-flan-co-large-sponge-flan-case/431014-801090-801091,The Flan Co. Large Sponge Flan Case,200g,£2.00,£1/100g,,Food Cupboard
894453,Nairn's Gluten Free Sourdough Flatbreads,G,false,2580,https://ecom-su-static-prod.wtrecom.com/images/products/3/LN_894453_BP_3.jpg,https://www.waitrose.com/ecom/products/nairns-gluten-free-sourdough-flatbreads/894453-798812-798813,Nairn's Gluten Free Sourdough Flatbreads,125g,£2.10,£1.68/100g,,Food Cupboard
644971,Essential Grapefruit Segments in Light Syrup,G,false,2581,https://ecom-su-static-prod.wtrecom.com/images/products/3/LN_644971_BP_3.jpg,https://www.waitrose.com/ecom/products/essential-grapefruit-segments-in-light-syrup/644971-229913-229914,Essential Grapefruit Segments in Light Syrup,drained 290g,£1.20,£4.14/kg,,Food Cupboard
090639,Wilkin & Sons Tiptree Redcurrant Jelly,G,false,2582,https://ecom-su-static-prod.wtrecom.com/images/products/3/LN_090639_BP_3.jpg,https://www.waitrose.com/ecom/products/wilkin-sons-tiptree-redcurrant-jelly/090639-46693-46694,Wilkin & Sons Tiptree Redcurrant Jelly,340g,£3.30,97.1p/100g,,Food Cupboard
684790,nakd. Protein Caramel Multipack,G,false,2583,https://ecom-su-static-prod.wtrecom.com/images/products/3/LN_684790_BP_3.jpg,https://www.waitrose.com/ecom/products/nakd-protein-caramel-multipack/684790-808072-808073,nakd. Protein Caramel Multipack,3x45g,£3.15,£2.34/100g,,Food Cupboard
891854,Waitrose Chopped Almonds,G,false,2584,https://ecom-su-static-prod.wtrecom.com/images/products/3/LN_891854_BP_3.jpg,https://www.waitrose.com/ecom/products/waitrose-chopped-almonds/891854-261060-261061,Waitrose Chopped Almonds,100g,£1.75,£17.50/kg,,Food Cupboard
013497,Cooks' Ingredients Sweet Pastry Case,G,false,2585,https://ecom-su-static-prod.wtrecom.com/images/products/3/LN_013497_BP_3.jpg,https://www.waitrose.com/ecom/products/cooks-ingredients-sweet-pastry-case/013497-6567-6568,Cooks' Ingredients Sweet Pastry Case,215g,£2.70,£1.26/100g,,Food Cupboard
507042,Jamie Oliver Ultimate Black Daal,G,true,2586,https://ecom-su-static-prod.wtrecom.com/images/products/3/LN_507042_BP_3.jpg,https://www.waitrose.com/ecom/products/jamie-oliver-ultimate-black-daal/507042-535210-535211,Jamie Oliver Ultimate Black Daal,250g,£1.80,£7.20/kg,25% Off. Was £2.45,Food Cupboard
456603,Whole Earth Crunchy Peanut Butter,G,false,2587,https://ecom-su-static-prod.wtrecom.com/images/products/3/LN_456603_BP_3.jpg,https://www.waitrose.com/ecom/products/whole-earth-crunchy-peanut-butter/456603-722806-722807,Whole Earth Crunchy Peanut Butter,1kg,£7.15,71.5p/100g,,Food Cupboard
841493,No.1 Mixed Berry Italian Nougat,G,false,2588,https://ecom-su-static-prod.wtrecom.com/images/products/3/LN_841493_BP_3.jpg,https://www.waitrose.com/ecom/products/no1-mixed-berry-italian-nougat/841493-675154-675155,No.1 Mixed Berry Italian Nougat,100g,£3.50,£3.50/100g,,Food Cupboard
004620,Lyle's Golden Syrup,G,false,2589,https://ecom-su-static-prod.wtrecom.com/images/products/3/LN_004620_BP_3.jpg,https://www.waitrose.com/ecom/products/lyles-golden-syrup/004620-1963-1964,Lyle's Golden Syrup,454g,£1.90,41.9p/100g,,Food Cupboard
851254,Mutti Organic Peeled Tomatoes,G,false,2590,https://ecom-su-static-prod.wtrecom.com/images/products/3/LN_851254_BP_3.jpg,https://www.waitrose.com/ecom/products/mutti-organic-peeled-tomatoes/851254-819267-819268,Mutti Organic Peeled Tomatoes,400g,£1.85,£4.63/kg,,Food Cupboard
844010,itsu Crispy Seaweed Thins Wasabi,G,false,2591,https://ecom-su-static-prod.wtrecom.com/images/products/3/LN_844010_BP_3.jpg,https://www.waitrose.com/ecom/products/itsu-crispy-seaweed-thins-wasabi/844010-813812-813813,itsu Crispy Seaweed Thins Wasabi,4x5g,£3.00,£15/100g,,Food Cupboard
899184,Jacob's Savours Sour Cream & Chive Thins Crackers,G,false,2592,https://ecom-su-static-prod.wtrecom.com/images/products/3/LN_899184_BP_3.jpg,https://www.waitrose.com/ecom/products/jacobs-savours-sour-cream-chive-thins-crackers/899184-202551-202552,Jacob's Savours Sour Cream & Chive Thins Crackers,150g,£2.00,£1.34/100g,,Food Cupboard
776050,Quaker Porridge To Go Golden Syrup Breakfast Bars,G,false,2593,https://ecom-su-static-prod.wtrecom.com/images/products/3/LN_776050_BP_3.jpg,https://www.waitrose.com/ecom/products/quaker-porridge-to-go-golden-syrup-breakfast-bars/776050-648200-648201,Quaker Porridge To Go Golden Syrup Breakfast Bars,2x55g,£1.85,£1.69/100g,,Food Cupboard
826547,"Quaker Oat So Simple Strawberry, Raspberry & Cranberry Porridge Sachets",G,true,2594,https://ecom-su-static-prod.wtrecom.com/images/products/3/LN_826547_BP_3.jpg,https://www.waitrose.com/ecom/products/quaker-oat-so-simple-strawberry-raspberry-cranberry-porridge-sachets/826547-234253-234254,"Quaker Oat So Simple Strawberry, Raspberry & Cranberry Porridge Sachets",339g,£3.50,£1.04/100g,Add 2 for £4.50,Food Cupboard
850607,Princes Minced Beef & Onion,G,false,2595,https://ecom-su-static-prod.wtrecom.com/images/products/3/LN_850607_BP_3.jpg,https://www.waitrose.com/ecom/products/princes-minced-beef-onion/850607-793066-793067,Princes Minced Beef & Onion,392g,£2.30,58.7p/100g,,Food Cupboard
574883,Waitrose Bulgur Wheat with White & Red Quinoa,G,true,2596,https://ecom-su-static-prod.wtrecom.com/images/products/3/LN_574883_BP_3.jpg,https://www.waitrose.com/ecom/products/waitrose-bulgur-wheat-with-white-red-quinoa/574883-135517-135518,Waitrose Bulgur Wheat with White & Red Quinoa,500g,£3.00,£6/kg,20% Off. Was £3.75,Food Cupboard
505756,Duchy Organic Orange Biscuits in Dark Choc,G,false,2597,https://ecom-su-static-prod.wtrecom.com/images/products/3/LN_505756_BP_3.jpg,https://www.waitrose.com/ecom/products/duchy-organic-orange-biscuits-in-dark-choc/505756-71456-71457,Duchy Organic Orange Biscuits in Dark Choc,100g,£3.00,£3/100g,,Food Cupboard
428250,Alfa One 100% Pure Rice Bran Oil,G,false,2598,https://ecom-su-static-prod.wtrecom.com/images/products/3/LN_428250_BP_3.jpg,https://www.waitrose.com/ecom/products/alfa-one-100-pure-rice-bran-oil/428250-60255-60256,Alfa One 100% Pure Rice Bran Oil,500ml,£3.00,60p/100ml,,Food Cupboard
860520,ManiLife Original Crunchy Peanut Butter,G,false,2599,https://ecom-su-static-prod.wtrecom.com/images/products/3/LN_860520_BP_3.jpg,https://www.waitrose.com/ecom/products/manilife-original-crunchy-peanut-butter/860520-731178-731179,ManiLife Original Crunchy Peanut Butter,900g,£10.75,£1.20/100g,,Food Cupboard
752228,Lazy Vegan Korean Noodles,G,false,2600,https://ecom-su-static-prod.wtrecom.com/images/products/3/LN_752228_BP_3.jpg,https://www.waitrose.com/ecom/products/lazy-vegan-korean-noodles/752228-816360-816361,Lazy Vegan Korean Noodles,450g,£3.80,£8.45/kg,,Food Cupboard
633862,Panda Original Liquorice,G,false,2601,https://ecom-su-static-prod.wtrecom.com/images/products/3/LN_633862_BP_3.jpg,https://www.waitrose.com/ecom/products/panda-original-liquorice/633862-750007-750008,Panda Original Liquorice,170g,£3.00,£1.77/100g,,Food Cupboard
496238,"Baxters Super Good Pea, Broccoli & Pesto Soup",G,false,2602,https://ecom-su-static-prod.wtrecom.com/images/products/3/LN_496238_BP_3.jpg,https://www.waitrose.com/ecom/products/baxters-super-good-pea-broccoli-pesto-soup/496238-606452-606453,"Baxters Super Good Pea, Broccoli & Pesto Soup",400g,£2.30,57.5p/100g,,Food Cupboard
487846,Cooks' Ingredients 'Nduja Paste,G,false,2603,https://ecom-su-static-prod.wtrecom.com/images/products/3/LN_487846_BP_3.jpg,https://www.waitrose.com/ecom/products/cooks-ingredients-nduja-paste/487846-672345-672346,Cooks' Ingredients 'Nduja Paste,90g,£5.25,58.3p/10g,,Food Cupboard
472738,Amoy Sweet & Sour Stir Fry Sauce,G,false,2604,https://ecom-su-static-prod.wtrecom.com/images/products/3/LN_472738_BP_3.jpg,https://www.waitrose.com/ecom/products/amoy-sweet-sour-stir-fry-sauce/472738-66692-66693,Amoy Sweet & Sour Stir Fry Sauce,120g,£1.05,87.5p/100g,,Food Cupboard
833422,Waitrose Lime Pickle,G,true,2605,https://ecom-su-static-prod.wtrecom.com/images/products/3/LN_833422_BP_3.jpg,https://www.waitrose.com/ecom/products/waitrose-lime-pickle/833422-628382-628383,Waitrose Lime Pickle,283g,£2.00,70.7p/100g,Reduced to Clear. Was £2.50,Food Cupboard
508844,Loacker Tortina Dark Chocolate,G,false,2606,https://ecom-su-static-prod.wtrecom.com/images/products/3/LN_508844_BP_3.jpg,https://www.waitrose.com/ecom/products/loacker-tortina-dark-chocolate/508844-71909-71910,Loacker Tortina Dark Chocolate,126g,£3.25,£2.58/100g,,Food Cupboard
847012,Plants By Deliciously Ella Roasted Peanut Butter,G,true,2607,https://ecom-su-static-prod.wtrecom.com/images/products/3/LN_847012_BP_3.jpg,https://www.waitrose.com/ecom/products/plants-by-deliciously-ella-roasted-peanut-butter/847012-801260-801261,Plants By Deliciously Ella Roasted Peanut Butter,270g,£2.40,88.9p/100g,20% Off. Was £3.00,Food Cupboard
425711,Bio & Me Toffee Apple Bar Multipack,G,false,2608,https://ecom-su-static-prod.wtrecom.com/images/products/3/LN_425711_BP_3.jpg,https://www.waitrose.com/ecom/products/bio-me-toffee-apple-bar-multipack/425711-824075-824076,Bio & Me Toffee Apple Bar Multipack,3x38g,£3.00,£2.64/100g,,Food Cupboard
011499,Knorr Gluten Free Beef Stock Cubes,G,false,2609,https://ecom-su-static-prod.wtrecom.com/images/products/3/LN_011499_BP_3.jpg,https://www.waitrose.com/ecom/products/knorr-gluten-free-beef-stock-cubes/011499-5708-5709,Knorr Gluten Free Beef Stock Cubes,80g,£2.05,£2.57/100g,,Food Cupboard
494160,Filippo Berio Mild & Light Colour Olive Oil,G,false,2610,https://ecom-su-static-prod.wtrecom.com/images/products/3/LN_494160_BP_3.jpg,https://www.waitrose.com/ecom/products/filippo-berio-mild-light-colour-olive-oil/494160-721163-721164,Filippo Berio Mild & Light Colour Olive Oil,750ml,£13.65,£1.82/100ml,,Food Cupboard
439256,Proper Chips Katsu Curry Chickpea Chips,G,false,2611,https://ecom-su-static-prod.wtrecom.com/images/products/3/LN_439256_BP_3.jpg,https://www.waitrose.com/ecom/products/proper-chips-katsu-curry-chickpea-chips/439256-824083-824084,Proper Chips Katsu Curry Chickpea Chips,85g,£2.00,£2.36/100g,,Food Cupboard
031975,Jules Destrooper Butter Crisps,G,false,2612,https://ecom-su-static-prod.wtrecom.com/images/products/3/LN_031975_BP_3.jpg,https://www.waitrose.com/ecom/products/jules-destrooper-butter-crisps/031975-15591-15592,Jules Destrooper Butter Crisps,100g,£2.30,£2.30/100g,,Food Cupboard
647948,Dr. Oetker Dark Chocolate Chunk,G,false,2613,https://ecom-su-static-prod.wtrecom.com/images/products/3/LN_647948_BP_3.jpg,https://www.waitrose.com/ecom/products/dr-oetker-dark-chocolate-chunk/647948-795118-795119,Dr. Oetker Dark Chocolate Chunk,100g,£1.95,£1.95/100g,,Food Cupboard
459295,Pom-Bear,G,false,2614,https://ecom-su-static-prod.wtrecom.com/images/products/3/LN_459295_BP_3.jpg,https://www.waitrose.com/ecom/products/pom-bear/459295-727038-727039,Pom-Bear,12x13g,£4.50,£2.89/100g,,Food Cupboard
676316,Belazu Truffle & Artichoke Pesto,G,false,2615,https://ecom-su-static-prod.wtrecom.com/images/products/3/LN_676316_BP_3.jpg,https://www.waitrose.com/ecom/products/belazu-truffle-artichoke-pesto/676316-704233-704234,Belazu Truffle & Artichoke Pesto,165g,£3.40,£2.07/100g,,Food Cupboard
789345,Thai Taste Folded Rice Noodles,G,true,2616,https://ecom-su-static-prod.wtrecom.com/images/products/3/LN_789345_BP_3.jpg,https://www.waitrose.com/ecom/products/thai-taste-folded-rice-noodles/789345-305349-305350,Thai Taste Folded Rice Noodles,200g,£1.35,£6.75/kg,Reduced to Clear. Was £1.65,Food Cupboard
431158,John West Mackerel Fillets in Sunflower Oil,G,false,2617,https://ecom-su-static-prod.wtrecom.com/images/products/3/LN_431158_BP_3.jpg,https://www.waitrose.com/ecom/products/john-west-mackerel-fillets-in-sunflower-oil/431158-60665-60666,John West Mackerel Fillets in Sunflower Oil,drained 80g,£1.95,£2.44/100g,,Food Cupboard
557193,Rude Health Maple & Pecan Granola,G,true,2618,https://ecom-su-static-prod.wtrecom.com/images/products/3/LN_557193_BP_3.jpg,https://www.waitrose.com/ecom/products/rude-health-maple-pecan-granola/557193-823336-823337,Rude Health Maple & Pecan Granola,400g,£2.70,67.5p/100g,Save 1/3. Was £4.20,Food Cupboard
542079,Snack a Jacks Sour Cream & Chive,G,false,2619,https://ecom-su-static-prod.wtrecom.com/images/products/3/LN_542079_BP_3.jpg,https://www.waitrose.com/ecom/products/snack-a-jacks-sour-cream-chive/542079-791087-791088,Snack a Jacks Sour Cream & Chive,117g,£2.35,£2.01/100g,,Food Cupboard
029801,Sacla' Classic Pesto,G,false,2620,https://ecom-su-static-prod.wtrecom.com/images/products/3/LN_029801_BP_3.jpg,https://www.waitrose.com/ecom/products/sacla-classic-pesto/029801-14549-14550,Sacla' Classic Pesto,290g,£4.50,£1.56/100g,,Food Cupboard
828687,Nando's Lemon & Herb Peri-Peri Sauce,G,true,2621,https://ecom-su-static-prod.wtrecom.com/images/products/3/LN_828687_BP_3.jpg,https://www.waitrose.com/ecom/products/nandos-lemon-herb-peri-peri-sauce/828687-261354-261355,Nando's Lemon & Herb Peri-Peri Sauce,125g,£1.75,£1.40/100g,save 60p. Was £2.35,Food Cupboard
411405,Waitrose Beef & Vegetable Soup,G,false,2622,https://ecom-su-static-prod.wtrecom.com/images/products/3/LN_411405_BP_3.jpg,https://www.waitrose.com/ecom/products/waitrose-beef-vegetable-soup/411405-696460-696461,Waitrose Beef & Vegetable Soup,400g,£1.10,27.5p/100g,,Food Cupboard
495484,Frank's RedHot Buffalo Wings Sauce,G,true,2623,https://ecom-su-static-prod.wtrecom.com/images/products/3/LN_495484_BP_3.jpg,https://www.waitrose.com/ecom/products/franks-redhot-buffalo-wings-sauce/495484-426887-426888,Frank's RedHot Buffalo Wings Sauce,148ml,£1.75,£1.19/100ml,25% Off. Was £2.35,Food Cupboard
878695,Waitrose Dried Blueberries,G,false,2624,https://ecom-su-static-prod.wtrecom.com/images/products/3/LN_878695_BP_3.jpg,https://www.waitrose.com/ecom/products/waitrose-dried-blueberries/878695-819352-819353,Waitrose Dried Blueberries,100g,£3.95,£39.50/kg,,Food Cupboard
816271,Hilltop Everyday Blossom Honey,G,false,2625,https://ecom-su-static-prod.wtrecom.com/images/products/3/LN_816271_BP_3.jpg,https://www.waitrose.com/ecom/products/hilltop-everyday-blossom-honey/816271-746401-746402,Hilltop Everyday Blossom Honey,720g,£4.45,61.8p/100g,,Food Cupboard
899858,Bio & Me Toffee and Ginger Granola,G,true,2626,https://ecom-su-static-prod.wtrecom.com/images/products/3/LN_899858_BP_3.jpg,https://www.waitrose.com/ecom/products/bio-me-toffee-and-ginger-granola/899858-823382-823383,Bio & Me Toffee and Ginger Granola,360g,£2.95,81.9p/100g,save £1.20. Was £4.15,Food Cupboard
405711,Filippo Berio Special Extra Virgin Olive Oil,G,true,2627,https://ecom-su-static-prod.wtrecom.com/images/products/3/LN_405711_BP_3.jpg,https://www.waitrose.com/ecom/products/filippo-berio-special-extra-virgin-olive-oil/405711-57085-57086,Filippo Berio Special Extra Virgin Olive Oil,500ml,£7.70,£1.54/100ml,Save 1/3. Was £11.55,Food Cupboard
029466,Baxters Potato & Leek Soup,G,false,2628,https://ecom-su-static-prod.wtrecom.com/images/products/3/LN_029466_BP_3.jpg,https://www.waitrose.com/ecom/products/baxters-potato-leek-soup/029466-14417-14418,Baxters Potato & Leek Soup,400g,£2.00,50p/100g,,Food Cupboard
415891,Cooks' Ingredients Mediterranean Seasoning,G,false,2629,https://ecom-su-static-prod.wtrecom.com/images/products/3/LN_415891_BP_3.jpg,https://www.waitrose.com/ecom/products/cooks-ingredients-mediterranean-seasoning/415891-784786-784787,Cooks' Ingredients Mediterranean Seasoning,20g,£1.70,85p/10g,,Food Cupboard
769158,Palirria Greek Eggplants,G,false,2630,https://ecom-su-static-prod.wtrecom.com/images/products/3/LN_769158_BP_3.jpg,https://www.waitrose.com/ecom/products/palirria-greek-eggplants/769158-703267-703268,Palirria Greek Eggplants,280g,£2.50,89.3p/100g,,Food Cupboard
430555,Duchy Organic Strong Malted Grain Bread Flour,G,false,2631,https://ecom-su-static-prod.wtrecom.com/images/products/3/LN_430555_BP_3.jpg,https://www.waitrose.com/ecom/products/duchy-organic-strong-malted-grain-bread-flour/430555-60573-60574,Duchy Organic Strong Malted Grain Bread Flour,1.5kg,£2.60,£1.74/kg,,Food Cupboard
008413,Tate & Lyle Brown Sugar Cubes,G,false,2632,https://ecom-su-static-prod.wtrecom.com/images/products/3/LN_008413_BP_3.jpg,https://www.waitrose.com/ecom/products/tate-lyle-brown-sugar-cubes/008413-3991-3992,Tate & Lyle Brown Sugar Cubes,500g,£2.15,£4.30/kg,,Food Cupboard
824923,Sulá Butterscotch,G,false,2633,https://ecom-su-static-prod.wtrecom.com/images/products/3/LN_824923_BP_3.jpg,https://www.waitrose.com/ecom/products/sula-butterscotch/824923-368326-368327,Sulá Butterscotch,42g,£1.70,£4.05/100g,,Food Cupboard
487888,Crosta & Mollica Crostini Chilli,G,false,2634,https://ecom-su-static-prod.wtrecom.com/images/products/3/LN_487888_BP_3.jpg,https://www.waitrose.com/ecom/products/crosta-mollica-crostini-chilli/487888-68917-68918,Crosta & Mollica Crostini Chilli,150g,£2.10,£1.40/100g,,Food Cupboard
025065,Waitrose Basil Infused Olive Oil,G,false,2635,https://ecom-su-static-prod.wtrecom.com/images/products/3/LN_025065_BP_3.jpg,https://www.waitrose.com/ecom/products/waitrose-basil-infused-olive-oil/025065-12148-12149,Waitrose Basil Infused Olive Oil,250ml,£4.50,£1.80/100ml,,Food Cupboard
404145,Jordans Fruit & Nut Muesli Breakfast Cereal,G,true,2636,https://ecom-su-static-prod.wtrecom.com/images/products/3/LN_404145_BP_3.jpg,https://www.waitrose.com/ecom/products/jordans-fruit-nut-muesli-breakfast-cereal/404145-56875-56876,Jordans Fruit & Nut Muesli Breakfast Cereal,620g,£3.00,48.4p/100g,save 80p. Was £3.80,Food Cupboard
649150,Difatti Gluten Free Spinach Gnocchi,G,false,2637,https://ecom-su-static-prod.wtrecom.com/images/products/3/LN_649150_BP_3.jpg,https://www.waitrose.com/ecom/products/difatti-gluten-free-spinach-gnocchi/649150-600724-600725,Difatti Gluten Free Spinach Gnocchi,250g,£2.10,£8.40/kg,,Food Cupboard
868321,Rowse Spreadable Honey,G,false,2638,https://ecom-su-static-prod.wtrecom.com/images/products/3/LN_868321_BP_3.jpg,https://www.waitrose.com/ecom/products/rowse-spreadable-honey/868321-347930-347931,Rowse Spreadable Honey,340g,£3.15,92.6p/100g,,Food Cupboard
894232,Idahoan Cheddar Cheese Perfect Mash,G,false,2639,https://ecom-su-static-prod.wtrecom.com/images/products/3/LN_894232_BP_3.jpg,https://www.waitrose.com/ecom/products/idahoan-cheddar-cheese-perfect-mash/894232-756253-756254,Idahoan Cheddar Cheese Perfect Mash,109g,£1.55,£14.23/kg,,Food Cupboard
038412,John West On The Go Mediterranean Tuna Salad,G,false,2640,https://ecom-su-static-prod.wtrecom.com/images/products/3/LN_038412_BP_3.jpg,https://www.waitrose.com/ecom/products/john-west-on-the-go-mediterranean-tuna-salad/038412-19157-19158,John West On The Go Mediterranean Tuna Salad,220g,£2.70,£1.23/100g,,Food Cupboard
887945,Border Biscuits Viennese Whirls,G,false,2641,https://ecom-su-static-prod.wtrecom.com/images/products/3/LN_887945_BP_3.jpg,https://www.waitrose.com/ecom/products/border-biscuits-viennese-whirls/887945-727935-727936,Border Biscuits Viennese Whirls,150g,£2.00,£1.34/100g,,Food Cupboard
460124,Sharwood's Plain Mini Poppadoms,G,false,2642,https://ecom-su-static-prod.wtrecom.com/images/products/3/LN_460124_BP_3.jpg,https://www.waitrose.com/ecom/products/sharwoods-plain-mini-poppadoms/460124-755815-755816,Sharwood's Plain Mini Poppadoms,55g,£2.35,£4.28/100g,,Food Cupboard
891077,Nairn's Gluten Free Seeded Crackers,G,false,2643,https://ecom-su-static-prod.wtrecom.com/images/products/3/LN_891077_BP_3.jpg,https://www.waitrose.com/ecom/products/nairns-gluten-free-seeded-crackers/891077-758313-758314,Nairn's Gluten Free Seeded Crackers,137g,£2.10,£1.54/100g,,Food Cupboard
398655,Dr. Will's BBQ Sauce,G,false,2644,https://ecom-su-static-prod.wtrecom.com/images/products/3/LN_398655_BP_3.jpg,https://www.waitrose.com/ecom/products/dr-wills-bbq-sauce/398655-826732-826733,Dr. Will's BBQ Sauce,250g,£2.80,£1.12/100g,,Food Cupboard
422668,Bahlsen Choco Leibniz White Chocolate,G,true,2645,https://ecom-su-static-prod.wtrecom.com/images/products/3/LN_422668_BP_3.jpg,https://www.waitrose.com/ecom/products/bahlsen-choco-leibniz-white-chocolate/422668-413705-413706,Bahlsen Choco Leibniz White Chocolate,111g,£1.25,£1.13/100g,save 75p. Was £2.00,Food Cupboard
407220,Doves Farm Organic White Spelt Flour,G,false,2646,https://ecom-su-static-prod.wtrecom.com/images/products/3/LN_407220_BP_3.jpg,https://www.waitrose.com/ecom/products/doves-farm-organic-white-spelt-flour/407220-816956-816957,Doves Farm Organic White Spelt Flour,1Kg,£2.85,£2.85/kg,,Food Cupboard
444381,Cadbury Dairy Milk Caramel Nibbles Sharing Chocolate Bag,G,true,2647,https://ecom-su-static-prod.wtrecom.com/images/products/3/LN_444381_BP_3.jpg,https://www.waitrose.com/ecom/products/cadbury-dairy-milk-caramel-nibbles-sharing-chocolate-bag/444381-615431-615432,Cadbury Dairy Milk Caramel Nibbles Sharing Chocolate Bag,186g,£2.50,£1.35/100g,save 25p. Was £2.75,Food Cupboard
492053,Bold Bean Co Queen Red Beans,G,false,2648,https://ecom-su-static-prod.wtrecom.com/images/products/3/LN_492053_BP_3.jpg,https://www.waitrose.com/ecom/products/bold-bean-co-queen-red-beans/492053-806798-806799,Bold Bean Co Queen Red Beans,700g,£4.00,£8/kg,,Food Cupboard
600511,Monty Bojangles Truffle Selection,G,true,2649,https://ecom-su-static-prod.wtrecom.com/images/products/3/LN_600511_BP_3.jpg,https://www.waitrose.com/ecom/products/monty-bojangles-truffle-selection/600511-784510-784511,Monty Bojangles Truffle Selection,135g,£3.15,£2.34/100g,save 80p. Was £3.95,Food Cupboard
618406,Nestlé Shreddies The Coco One,G,false,2650,https://ecom-su-static-prod.wtrecom.com/images/products/3/LN_618406_BP_3.jpg,https://www.waitrose.com/ecom/products/nestle-shreddies-the-coco-one/618406-752821-752822,Nestlé Shreddies The Coco One,560g,£4.20,75p/100g,,Food Cupboard
829405,Olina's Gluten Free Seeded Crackers,G,false,2651,https://ecom-su-static-prod.wtrecom.com/images/products/3/LN_829405_BP_3.jpg,https://www.waitrose.com/ecom/products/olinas-gluten-free-seeded-crackers/829405-791235-791236,Olina's Gluten Free Seeded Crackers,80g,£2.20,£2.75/100g,,Food Cupboard
813342,Ottolenghi Green Harissa Paste,G,false,2652,https://ecom-su-static-prod.wtrecom.com/images/products/3/LN_813342_BP_3.jpg,https://www.waitrose.com/ecom/products/ottolenghi-green-harissa-paste/813342-824908-824909,Ottolenghi Green Harissa Paste,170g,£5.00,£2.95/100g,,Food Cupboard
786453,Lee Kum Kee Teriyaki Sauce,G,true,2653,https://ecom-su-static-prod.wtrecom.com/images/products/3/LN_786453_BP_3.jpg,https://www.waitrose.com/ecom/products/lee-kum-kee-teriyaki-sauce/786453-111941-111942,Lee Kum Kee Teriyaki Sauce,200g,£1.65,82.5p/100g,25% Off. Was £2.25,Food Cupboard
426233,Baxters Crinkled Beetroot,G,false,2654,https://ecom-su-static-prod.wtrecom.com/images/products/3/LN_426233_BP_3.jpg,https://www.waitrose.com/ecom/products/baxters-crinkled-beetroot/426233-357164-357165,Baxters Crinkled Beetroot,drained 335g,£2.40,71.6p/100g,,Food Cupboard
039136,Doves Farm Organic Buckwheat Flour,G,false,2655,https://ecom-su-static-prod.wtrecom.com/images/products/3/LN_039136_BP_3.jpg,https://www.waitrose.com/ecom/products/doves-farm-organic-buckwheat-flour/039136-19419-19420,Doves Farm Organic Buckwheat Flour,1kg,£3.95,£3.95/kg,,Food Cupboard
574823,Linwoods Shelled Hemp,G,false,2656,https://ecom-su-static-prod.wtrecom.com/images/products/3/LN_574823_BP_3.jpg,https://www.waitrose.com/ecom/products/linwoods-shelled-hemp/574823-600664-600665,Linwoods Shelled Hemp,200g,£6.50,£3.25/100g,,Food Cupboard
525415,itsu Rice Noodles Chick-n Ramen,G,false,2657,https://ecom-su-static-prod.wtrecom.com/images/products/3/LN_525415_BP_3.jpg,https://www.waitrose.com/ecom/products/itsu-rice-noodles-chick-n-ramen/525415-793092-793093,itsu Rice Noodles Chick-n Ramen,64g,£1.95,£3.05/100g,,Food Cupboard
004444,Waitrose Raspberry Preserve,G,false,2658,https://ecom-su-static-prod.wtrecom.com/images/products/3/LN_004444_BP_3.jpg,https://www.waitrose.com/ecom/products/waitrose-raspberry-preserve/004444-1867-1868,Waitrose Raspberry Preserve,340g,£2.40,70.6p/100g,,Food Cupboard
750509,Sharwood's Jalfrezi Curry Sauce,G,false,2659,https://ecom-su-static-prod.wtrecom.com/images/products/3/LN_750509_BP_3.jpg,https://www.waitrose.com/ecom/products/sharwoods-jalfrezi-curry-sauce/750509-140520-140521,Sharwood's Jalfrezi Curry Sauce,420g,£2.50,59.5p/100g,,Food Cupboard
821617,Whole Earth Drizzler Smooth Peanut Butter,G,false,2660,https://ecom-su-static-prod.wtrecom.com/images/products/3/LN_821617_BP_3.jpg,https://www.waitrose.com/ecom/products/whole-earth-drizzler-smooth-peanut-butter/821617-778446-778447,Whole Earth Drizzler Smooth Peanut Butter,320g,£3.45,£1.08/100g,,Food Cupboard
872175,Monte Bello White Cooking Wine,G,false,2661,https://ecom-su-static-prod.wtrecom.com/images/products/3/LN_872175_BP_3.jpg,https://www.waitrose.com/ecom/products/monte-bello-white-cooking-wine/872175-457262-457263,Monte Bello White Cooking Wine,187ml,£2.40,£1.29/100ml,,Food Cupboard
019507,Essential Petits Pois in Water,G,false,2662,https://ecom-su-static-prod.wtrecom.com/images/products/3/LN_019507_BP_3.jpg,https://www.waitrose.com/ecom/products/essential-petits-pois-in-water/019507-9435-9436,Essential Petits Pois in Water,drained 265g,£1.10,£4.16/kg,,Food Cupboard
864058,Ocean Spray Whole Cranberry Sauce,G,false,2663,https://ecom-su-static-prod.wtrecom.com/images/products/3/LN_864058_BP_3.jpg,https://www.waitrose.com/ecom/products/ocean-spray-whole-cranberry-sauce/864058-153655-153656,Ocean Spray Whole Cranberry Sauce,250g,£2.10,84p/100g,,Food Cupboard
754251,Border Fiery Ginger Crunch,G,false,2664,https://ecom-su-static-prod.wtrecom.com/images/products/3/LN_754251_BP_3.jpg,https://www.waitrose.com/ecom/products/border-fiery-ginger-crunch/754251-823080-823081,Border Fiery Ginger Crunch,135g,£2.00,£1.49/100g,,Food Cupboard
007682,Patak's Medium Balti Spice Paste,G,true,2665,https://ecom-su-static-prod.wtrecom.com/images/products/3/LN_007682_BP_3.jpg,https://www.waitrose.com/ecom/products/pataks-medium-balti-spice-paste/007682-3594-3595,Patak's Medium Balti Spice Paste,283g,£2.80,98.9p/100g,20% Off. Was £3.50,Food Cupboard
762472,Duchy Organic Arborio Risotto Rice,G,false,2666,https://ecom-su-static-prod.wtrecom.com/images/products/3/LN_762472_BP_3.jpg,https://www.waitrose.com/ecom/products/duchy-organic-arborio-risotto-rice/762472-695174-695175,Duchy Organic Arborio Risotto Rice,500g,£3.65,£7.30/kg,,Food Cupboard
630429,Dolmio Meatballs Tomato & Basil Sauce,G,true,2667,https://ecom-su-static-prod.wtrecom.com/images/products/3/LN_630429_BP_3.jpg,https://www.waitrose.com/ecom/products/dolmio-meatballs-tomato-basil-sauce/630429-805783-805784,Dolmio Meatballs Tomato & Basil Sauce,450g,£2.65,58.9p/100g,Add 2 for £3.50,Food Cupboard
602562,Cooks' Ingredients Whole Nutmeg,G,false,2668,https://ecom-su-static-prod.wtrecom.com/images/products/3/LN_602562_BP_3.jpg,https://www.waitrose.com/ecom/products/cooks-ingredients-whole-nutmeg/602562-784962-784963,Cooks' Ingredients Whole Nutmeg,28g,£1.60,57.1p/10g,,Food Cupboard
008510,Billington's Golden Granulated Sugar,G,false,2669,https://ecom-su-static-prod.wtrecom.com/images/products/3/LN_008510_BP_3.jpg,https://www.waitrose.com/ecom/products/billingtons-golden-granulated-sugar/008510-4049-4050,Billington's Golden Granulated Sugar,1kg,£2.80,£2.80/kg,,Food Cupboard
448573,Truvia Stevia Leaf Sweetener Tablets,G,false,2670,https://ecom-su-static-prod.wtrecom.com/images/products/3/LN_448573_BP_3.jpg,https://www.waitrose.com/ecom/products/truvia-stevia-leaf-sweetener-tablets/448573-255793-255794,Truvia Stevia Leaf Sweetener Tablets,100s,£2.75,2.8p each,,Food Cupboard
740041,Jordans No Added Sugar Apple & Cinnamon Granola 425g,G,false,2671,https://ecom-su-static-prod.wtrecom.com/images/products/3/LN_740041_BP_3.jpg,https://www.waitrose.com/ecom/products/jordans-no-added-sugar-apple-cinnamon-granola-425g/740041-823358-823359,Jordans No Added Sugar Apple & Cinnamon Granola 425g,425g,£3.60,84.7p/100g,,Food Cupboard
588965,Waitrose Milk Chocolate with Butterscotch,G,false,2672,https://ecom-su-static-prod.wtrecom.com/images/products/3/LN_588965_BP_3.jpg,https://www.waitrose.com/ecom/products/waitrose-milk-chocolate-with-butterscotch/588965-708843-708844,Waitrose Milk Chocolate with Butterscotch,90g,£2.00,£2.23/100g,,Food Cupboard
559640,Cornish Sea Salt Co. Salt & Peppery,G,false,2673,https://ecom-su-static-prod.wtrecom.com/images/products/3/LN_559640_BP_3.jpg,https://www.waitrose.com/ecom/products/cornish-sea-salt-co-salt-peppery/559640-758508-758509,Cornish Sea Salt Co. Salt & Peppery,60g,£1.95,£32.50/kg,,Food Cupboard
474213,Baxters Super Good Bone Broth & Mushroom Soup,G,false,2674,https://ecom-su-static-prod.wtrecom.com/images/products/3/LN_474213_BP_3.jpg,https://www.waitrose.com/ecom/products/baxters-super-good-bone-broth-mushroom-soup/474213-747378-747379,Baxters Super Good Bone Broth & Mushroom Soup,400g,£2.30,57.5p/100g,,Food Cupboard
848976,Tony's Chocolonely Milk Almond Honey Nougat,G,false,2675,https://ecom-su-static-prod.wtrecom.com/images/products/3/LN_848976_BP_3.jpg,https://www.waitrose.com/ecom/products/tonys-chocolonely-milk-almond-honey-nougat/848976-744719-744720,Tony's Chocolonely Milk Almond Honey Nougat,180g,£3.50,£1.95/100g,,Food Cupboard
590266,MOMA Almond Butter & Salted Caramel Jumbo Oat Porridge Pot Gluten Free Vegan,G,true,2676,https://ecom-su-static-prod.wtrecom.com/images/products/3/LN_590266_BP_3.jpg,https://www.waitrose.com/ecom/products/moma-almond-butter-salted-caramel-jumbo-oat-porridge-pot-gluten-free-vegan/590266-674526-674527,MOMA Almond Butter & Salted Caramel Jumbo Oat Porridge Pot Gluten Free Vegan,55g,£1.35,£2.46/100g,Add 4 for £4,Food Cupboard
540340,John West Tuna Chunks in Spring Water,G,false,2677,https://ecom-su-static-prod.wtrecom.com/images/products/3/LN_540340_BP_3.jpg,https://www.waitrose.com/ecom/products/john-west-tuna-chunks-in-spring-water/540340-579902-579903,John West Tuna Chunks in Spring Water,drained 102g,£2.00,£1.97/100g,,Food Cupboard
757949,Walkers Squares Variety Pack,G,true,2678,https://ecom-su-static-prod.wtrecom.com/images/products/3/LN_757949_BP_3.jpg,https://www.waitrose.com/ecom/products/walkers-squares-variety-pack/757949-824175-824175,Walkers Squares Variety Pack,6x22g,£2.25,£1.71/100g,Add 2 for £3.25,Food Cupboard
705847,Reese's 2 Peanut Butter Cups,G,true,2679,https://ecom-su-static-prod.wtrecom.com/images/products/3/LN_705847_BP_3.jpg,https://www.waitrose.com/ecom/products/reeses-2-peanut-butter-cups/705847-100239-100240,Reese's 2 Peanut Butter Cups,42g,70p,£1.67/100g,save 25p. Was 95p,Food Cupboard
689418,Batchelors 4 Minestrone Cup a Soup,G,false,2680,https://ecom-su-static-prod.wtrecom.com/images/products/3/LN_689418_BP_3.jpg,https://www.waitrose.com/ecom/products/batchelors-4-minestrone-cup-a-soup/689418-347824-347825,Batchelors 4 Minestrone Cup a Soup,94g,£1.70,£1.81/100g,,Food Cupboard
417191,Old El Paso Seasoning Mix Paprika & Garlic,G,false,2681,https://ecom-su-static-prod.wtrecom.com/images/products/3/LN_417191_BP_3.jpg,https://www.waitrose.com/ecom/products/old-el-paso-seasoning-mix-paprika-garlic/417191-726939-726940,Old El Paso Seasoning Mix Paprika & Garlic,25g,£1.30,£5.20/100g,,Food Cupboard
892721,nakd. Fruit & Fibre Apple & Cinnamon Multipack,G,false,2682,https://ecom-su-static-prod.wtrecom.com/images/products/3/LN_892721_BP_3.jpg,https://www.waitrose.com/ecom/products/nakd-fruit-fibre-apple-cinnamon-multipack/892721-824219-824220,nakd. Fruit & Fibre Apple & Cinnamon Multipack,3x44g,£3.15,£2.39/100g,,Food Cupboard
037941,Bahlsen Zoo Original Butter Biscuits,G,false,2683,https://ecom-su-static-prod.wtrecom.com/images/products/3/LN_037941_BP_3.jpg,https://www.waitrose.com/ecom/products/bahlsen-zoo-original-butter-biscuits/037941-18945-18946,Bahlsen Zoo Original Butter Biscuits,100g,£1.20,£1.20/100g,,Food Cupboard
686472,Tabasco Mild Green Pepper Sauce,G,false,2684,https://ecom-su-static-prod.wtrecom.com/images/products/3/LN_686472_BP_3.jpg,https://www.waitrose.com/ecom/products/tabasco-mild-green-pepper-sauce/686472-97511-97512,Tabasco Mild Green Pepper Sauce,57ml,£2.65,£4.65/100ml,,Food Cupboard
645638,Deliciously Ella Gluten Free & Vegan Almond Bites,G,true,2685,https://ecom-su-static-prod.wtrecom.com/images/products/3/LN_645638_BP_3.jpg,https://www.waitrose.com/ecom/products/deliciously-ella-gluten-free-vegan-almond-bites/645638-798740-798741,Deliciously Ella Gluten Free & Vegan Almond Bites,36g,£1.00,£2.78/100g,save 85p. Was £1.85,Food Cupboard
833829,Waitrose Duchy Organic Pistachios,G,false,2686,https://ecom-su-static-prod.wtrecom.com/images/products/3/LN_833829_BP_3.jpg,https://www.waitrose.com/ecom/products/waitrose-duchy-organic-pistachios/833829-755015-755016,Waitrose Duchy Organic Pistachios,150g,£3.50,£2.34/100g,,Food Cupboard
874590,Cooks' Ingredients Lemongrass Paste,G,false,2687,https://ecom-su-static-prod.wtrecom.com/images/products/3/LN_874590_BP_3.jpg,https://www.waitrose.com/ecom/products/cooks-ingredients-lemongrass-paste/874590-785266-785267,Cooks' Ingredients Lemongrass Paste,90g,£1.85,20.6p/10g,,Food Cupboard
870119,Pipers Atlas Mountains Wild Thyme & Rosemary Sharing Crisps,G,false,2688,https://ecom-su-static-prod.wtrecom.com/images/products/3/LN_870119_BP_3.jpg,https://www.waitrose.com/ecom/products/pipers-atlas-mountains-wild-thyme-rosemary-sharing-crisps/870119-744131-744132,Pipers Atlas Mountains Wild Thyme & Rosemary Sharing Crisps,150g,£3.00,£2/100g,,Food Cupboard
440518,Graze Crunch Creations Honey Roast,G,false,2689,https://ecom-su-static-prod.wtrecom.com/images/products/3/LN_440518_BP_3.jpg,https://www.waitrose.com/ecom/products/graze-crunch-creations-honey-roast/440518-735686-735687,Graze Crunch Creations Honey Roast,100g,£2.65,£2.65/100g,,Food Cupboard
626698,Cooks' Ingredients Sriracha,G,false,2690,https://ecom-su-static-prod.wtrecom.com/images/products/3/LN_626698_BP_3.jpg,https://www.waitrose.com/ecom/products/cooks-ingredients-sriracha/626698-766965-766966,Cooks' Ingredients Sriracha,240g,£2.25,93.8p/100g,,Food Cupboard
805025,Waitrose All Butter Sun Dried Tomato Bites,G,false,2691,https://ecom-su-static-prod.wtrecom.com/images/products/3/LN_805025_BP_3.jpg,https://www.waitrose.com/ecom/products/waitrose-all-butter-sun-dried-tomato-bites/805025-754825-754826,Waitrose All Butter Sun Dried Tomato Bites,100g,£2.50,£2.50/100g,,Food Cupboard
008917,Canderel Refill Tablet Sachets Sweetener,G,true,2692,https://ecom-su-static-prod.wtrecom.com/images/products/3/LN_008917_BP_3.jpg,https://www.waitrose.com/ecom/products/canderel-refill-tablet-sachets-sweetener/008917-4241-4242,Canderel Refill Tablet Sachets Sweetener,5x100s,£3.70,0.7p each,Save 1/3. Was £5.55,Food Cupboard
771103,Thai Taste Thai Green Curry Kit,G,true,2693,https://ecom-su-static-prod.wtrecom.com/images/products/3/LN_771103_BP_3.jpg,https://www.waitrose.com/ecom/products/thai-taste-thai-green-curry-kit/771103-140564-140565,Thai Taste Thai Green Curry Kit,224g,£2.25,£1.01/100g,20% Off. Was £2.85,Food Cupboard
504060,Betty Crocker Vanilla Cake Mix,G,false,2694,https://ecom-su-static-prod.wtrecom.com/images/products/3/LN_504060_BP_3.jpg,https://www.waitrose.com/ecom/products/betty-crocker-vanilla-cake-mix/504060-306826-306827,Betty Crocker Vanilla Cake Mix,425g,£3.15,£7.42/kg,,Food Cupboard
873709,Essential Original Instant Oats,G,false,2695,https://ecom-su-static-prod.wtrecom.com/images/products/3/LN_873709_BP_3.jpg,https://www.waitrose.com/ecom/products/essential-original-instant-oats/873709-164954-164955,Essential Original Instant Oats,10x27g,£1.35,50p/100g,,Food Cupboard
836731,Bold Bean Queen Carlin Peas,G,true,2696,https://ecom-su-static-prod.wtrecom.com/images/products/3/LN_836731_BP_3.jpg,https://www.waitrose.com/ecom/products/bold-bean-queen-carlin-peas/836731-819207-819208,Bold Bean Queen Carlin Peas,700g,£4.00,£8/kg,Add 2 for £6,Food Cupboard
463513,Cadbury Bitsa Wispa Chocolate Sharing Chocolate Bag,G,true,2697,https://ecom-su-static-prod.wtrecom.com/images/products/3/LN_463513_BP_3.jpg,https://www.waitrose.com/ecom/products/cadbury-bitsa-wispa-chocolate-sharing-chocolate-bag/463513-615533-615534,Cadbury Bitsa Wispa Chocolate Sharing Chocolate Bag,185.5g,£2.50,£1.35/100g,save 25p. Was £2.75,Food Cupboard
694145,Waitrose White Muffin Cases,G,false,2698,https://ecom-su-static-prod.wtrecom.com/images/products/3/LN_694145_BP_3.jpg,https://www.waitrose.com/ecom/products/waitrose-white-muffin-cases/694145-260862-260863,Waitrose White Muffin Cases,75s,£1.25,1.7p each,,Food Cupboard
796393,NOMO Vegan Creamy Chocolate Bar,G,false,2699,https://ecom-su-static-prod.wtrecom.com/images/products/3/LN_796393_BP_3.jpg,https://www.waitrose.com/ecom/products/nomo-vegan-creamy-chocolate-bar/796393-702046-702047,NOMO Vegan Creamy Chocolate Bar,85g,£2.50,£2.95/100g,,Food Cupboard
439902,Nestlé Aero Milk Chocolate Sharing Bar,G,false,2700,https://ecom-su-static-prod.wtrecom.com/images/products/3/LN_439902_BP_3.jpg,https://www.waitrose.com/ecom/products/nestle-aero-milk-chocolate-sharing-bar/439902-336040-336041,Nestlé Aero Milk Chocolate Sharing Bar,90g,£1.40,£1.56/100g,,Food Cupboard
479990,Cooks' Ingredients Nigella Seeds,G,false,2701,https://ecom-su-static-prod.wtrecom.com/images/products/3/LN_479990_BP_3.jpg,https://www.waitrose.com/ecom/products/cooks-ingredients-nigella-seeds/479990-784852-784853,Cooks' Ingredients Nigella Seeds,45g,£1.60,35.6p/10g,,Food Cupboard
009321,KitKat 4 Finger Milk Chocolate Bar,G,false,2702,https://ecom-su-static-prod.wtrecom.com/images/products/3/LN_009321_BP_3.jpg,https://www.waitrose.com/ecom/products/kitkat-4-finger-milk-chocolate-bar/009321-4522-4523,KitKat 4 Finger Milk Chocolate Bar,41.5g,90p,£2.17/100g,,Food Cupboard
878212,Nando's Perinaise Hot Peri-Peri Mayo,G,false,2703,https://ecom-su-static-prod.wtrecom.com/images/products/3/LN_878212_BP_3.jpg,https://www.waitrose.com/ecom/products/nandos-perinaise-hot-peri-peri-mayo/878212-727883-727884,Nando's Perinaise Hot Peri-Peri Mayo,265g,£2.35,88.7p/100g,,Food Cupboard
717779,Crosta & Mollica Rigatoni Pasta,G,false,2704,https://ecom-su-static-prod.wtrecom.com/images/products/3/LN_717779_BP_3.jpg,https://www.waitrose.com/ecom/products/crosta-mollica-rigatoni-pasta/717779-785068-785069,Crosta & Mollica Rigatoni Pasta,500g,£3.00,£6/kg,,Food Cupboard
754791,Kühne Gourmet Selection Honey Gherkin……,G,false,2705,https://ecom-su-static-prod.wtrecom.com/images/products/3/LN_754791_BP_3.jpg,https://www.waitrose.com/ecom/products/kuhne-gourmet-selection-honey-gherkin/754791-805817-805818,Kühne Gourmet Selection Honey Gherkin……,530g,£3.55,£1.19/100g,,Food Cupboard
855250,Sweet Freedom Choc Shot Liquid Chocolate,G,true,2706,https://ecom-su-static-prod.wtrecom.com/images/products/3/LN_855250_BP_3.jpg,https://www.waitrose.com/ecom/products/sweet-freedom-choc-shot-liquid-chocolate/855250-302455-302456,Sweet Freedom Choc Shot Liquid Chocolate,320g,£3.20,£1/100g,save 50p. Was £3.70,Food Cupboard
757576,Popchips Sea Salt & Vinegar Multipack,G,false,2707,https://ecom-su-static-prod.wtrecom.com/images/products/3/LN_757576_BP_3.jpg,https://www.waitrose.com/ecom/products/popchips-sea-salt-vinegar-multipack/757576-824173-824174,Popchips Sea Salt & Vinegar Multipack,5x17g,£2.35,£2.77/100g,,Food Cupboard
863162,Waitrose Spelt Flour,G,false,2708,https://ecom-su-static-prod.wtrecom.com/images/products/3/LN_863162_BP_3.jpg,https://www.waitrose.com/ecom/products/waitrose-spelt-flour/863162-261014-261015,Waitrose Spelt Flour,1kg,£2.00,£2/kg,,Food Cupboard
023210,Patum Peperium The Gentleman's Relish,G,false,2709,https://ecom-su-static-prod.wtrecom.com/images/products/3/LN_023210_BP_3.jpg,https://www.waitrose.com/ecom/products/patum-peperium-the-gentlemans-relish/023210-11279-11280,Patum Peperium The Gentleman's Relish,71g,£3.15,£4.44/100g,,Food Cupboard
873161,"Inés Rosales Orange Torta Biscuit, Spain",G,false,2710,https://ecom-su-static-prod.wtrecom.com/images/products/3/LN_873161_BP_3.jpg,https://www.waitrose.com/ecom/products/ines-rosales-orange-torta-biscuit-spain/873161-631695-631696,"Inés Rosales Orange Torta Biscuit, Spain",180g,£3.50,£1.95/100g,,Food Cupboard
410854,Waitrose Fudge Dessert Sauce,G,false,2711,https://ecom-su-static-prod.wtrecom.com/images/products/3/LN_410854_BP_3.jpg,https://www.waitrose.com/ecom/products/waitrose-fudge-dessert-sauce/410854-693595-693596,Waitrose Fudge Dessert Sauce,310g,£2.25,72.6p/100g,,Food Cupboard
633423,Cooks' Ingredients Shaoxing Rice Wine,G,false,2712,https://ecom-su-static-prod.wtrecom.com/images/products/3/LN_633423_BP_3.jpg,https://www.waitrose.com/ecom/products/cooks-ingredients-shaoxing-rice-wine/633423-766979-766980,Cooks' Ingredients Shaoxing Rice Wine,150ml,£3.50,£2.34/100ml,,Food Cupboard
364386,S&B Golden Curry Sauce Mix,G,true,2713,https://ecom-su-static-prod.wtrecom.com/images/products/3/LN_364386_BP_3.jpg,https://www.waitrose.com/ecom/products/sb-golden-curry-sauce-mix/364386-139908-139909,S&B Golden Curry Sauce Mix,92g,£2.35,£2.56/100g,save 60p. Was £2.95,Food Cupboard
529089,Kabuto Noodles Miso Ramen,G,true,2714,https://ecom-su-static-prod.wtrecom.com/images/products/3/LN_529089_BP_3.jpg,https://www.waitrose.com/ecom/products/kabuto-noodles-miso-ramen/529089-781147-781148,Kabuto Noodles Miso Ramen,65g,£1.30,£2/100g,save 45p. Was £1.75,Food Cupboard
638346,Cooks' Ingredients Curry Leaves,G,true,2715,https://ecom-su-static-prod.wtrecom.com/images/products/3/LN_638346_BP_3.jpg,https://www.waitrose.com/ecom/products/cooks-ingredients-curry-leaves/638346-784996-784997,Cooks' Ingredients Curry Leaves,2g,£1.60,£8/10g,Add 2 for £2.75,Food Cupboard
712545,Waitrose Free From Gluten Lasagne Sheets,G,false,2716,https://ecom-su-static-prod.wtrecom.com/images/products/3/LN_712545_BP_3.jpg,https://www.waitrose.com/ecom/products/waitrose-free-from-gluten-lasagne-sheets/712545-174629-174630,Waitrose Free From Gluten Lasagne Sheets,250g,£1.75,£7/kg,,Food Cupboard
755039,Hula Hoops Big BBQ Beef,G,true,2717,https://ecom-su-static-prod.wtrecom.com/images/products/3/LN_755039_BP_3.jpg,https://www.waitrose.com/ecom/products/hula-hoops-big-bbq-beef/755039-688339-688340,Hula Hoops Big BBQ Beef,45g,£1.15,£2.56/100g,"£5 Food to Go Meal Deal: Add 1 Main, 1 Snack and 1 Drink",Food Cupboard
885472,Paleo Foods Co Low Sugar Gluten Free Granola,G,true,2718,https://ecom-su-static-prod.wtrecom.com/images/products/3/LN_885472_BP_3.jpg,https://www.waitrose.com/ecom/products/paleo-foods-co-low-sugar-gluten-free-granola/885472-823380-823381,Paleo Foods Co Low Sugar Gluten Free Granola,285g,£3.60,£1.27/100g,20% Off. Was £4.50,Food Cupboard
946434,Eat Real Veggie Straws Sea Salt,G,false,2719,https://ecom-su-static-prod.wtrecom.com/images/products/3/LN_946434_BP_3.jpg,https://www.waitrose.com/ecom/products/eat-real-veggie-straws-sea-salt/946434-826816-826817,Eat Real Veggie Straws Sea Salt,110g,£2.10,£1.91/100g,,Food Cupboard
633662,Proper Chips Ghost Chilli & Yuzu Chickpea Chips,G,false,2720,https://ecom-su-static-prod.wtrecom.com/images/products/3/LN_633662_BP_3.jpg,https://www.waitrose.com/ecom/products/proper-chips-ghost-chilli-yuzu-chickpea-chips/633662-824143-824144,Proper Chips Ghost Chilli & Yuzu Chickpea Chips,85g,£2.00,£2.36/100g,,Food Cupboard
511596,John West Kipper Fillets in Sunflower Oil,G,false,2721,https://ecom-su-static-prod.wtrecom.com/images/products/3/LN_511596_BP_3.jpg,https://www.waitrose.com/ecom/products/john-west-kipper-fillets-in-sunflower-oil/511596-806806-806807,John West Kipper Fillets in Sunflower Oil,145g,£2.19,£2.15/100g,,Food Cupboard
493592,Quaker Oat So Simple Sweet Cinnamon Porridge Sachets,G,true,2722,https://ecom-su-static-prod.wtrecom.com/images/products/3/LN_493592_BP_3.jpg,https://www.waitrose.com/ecom/products/quaker-oat-so-simple-sweet-cinnamon-porridge-sachets/493592-69762-69763,Quaker Oat So Simple Sweet Cinnamon Porridge Sachets,330g,£3.50,£1.07/100g,Add 2 for £4.50,Food Cupboard
422708,Cooks' Ingredients Allspice,G,false,2723,https://ecom-su-static-prod.wtrecom.com/images/products/3/LN_422708_BP_3.jpg,https://www.waitrose.com/ecom/products/cooks-ingredients-allspice/422708-784796-784797,Cooks' Ingredients Allspice,40g,£1.60,40p/10g,,Food Cupboard
063988,Cooks' Ingredients Lemon & Pepper Crust,G,false,2724,https://ecom-su-static-prod.wtrecom.com/images/products/3/LN_063988_BP_3.jpg,https://www.waitrose.com/ecom/products/cooks-ingredients-lemon-pepper-crust/063988-32485-32486,Cooks' Ingredients Lemon & Pepper Crust,110g,£2.40,21.8p/10g,,Food Cupboard
701912,S&B Wasabi,G,true,2725,https://ecom-su-static-prod.wtrecom.com/images/products/3/LN_701912_BP_3.jpg,https://www.waitrose.com/ecom/products/sb-wasabi/701912-140430-140431,S&B Wasabi,43g,£1.35,£3.14/100g,save 50p. Was £1.85,Food Cupboard
789979,Heinz Tomato & Mascarpone Pasta Sauce,G,false,2726,https://ecom-su-static-prod.wtrecom.com/images/products/3/LN_789979_BP_3.jpg,https://www.waitrose.com/ecom/products/heinz-tomato-mascarpone-pasta-sauce/789979-802624-802625,Heinz Tomato & Mascarpone Pasta Sauce,350g,£2.50,71.4p/100g,,Food Cupboard
009651,Twix Xtra Twin,G,true,2727,https://ecom-su-static-prod.wtrecom.com/images/products/3/LN_009651_BP_3.jpg,https://www.waitrose.com/ecom/products/twix-xtra-twin/009651-4777-4778,Twix Xtra Twin,75g,£1.00,£1.34/100g,"£5 Food to Go Meal Deal: Add 1 Main, 1 Snack and 1 Drink",Food Cupboard
782074,Pringles Hot Flamin' Cheese Flavour,G,false,2728,https://ecom-su-static-prod.wtrecom.com/images/products/3/LN_782074_BP_3.jpg,https://www.waitrose.com/ecom/products/pringles-hot-flamin-cheese-flavour/782074-820129-820130,Pringles Hot Flamin' Cheese Flavour,160g,£2.25,£1.41/100g,,Food Cupboard
413150,Pelagonia Aivar,G,false,2729,https://ecom-su-static-prod.wtrecom.com/images/products/3/LN_413150_BP_3.jpg,https://www.waitrose.com/ecom/products/pelagonia-aivar/413150-215921-215922,Pelagonia Aivar,314g,£3.70,£1.18/100g,,Food Cupboard
586366,Bounce Gluten Free Choc Brownie Protein Ball,G,false,2730,https://ecom-su-static-prod.wtrecom.com/images/products/3/LN_586366_BP_3.jpg,https://www.waitrose.com/ecom/products/bounce-gluten-free-choc-brownie-protein-ball/586366-749701-749702,Bounce Gluten Free Choc Brownie Protein Ball,40g,£2.20,£5.50/100g,,Food Cupboard
814146,Waitrose Bombay Mix - 814146,G,false,2731,https://ecom-su-static-prod.wtrecom.com/images/products/3/LN_814146_BP_3.jpg,https://www.waitrose.com/ecom/products/waitrose-bombay-mix-814146/814146-779010-779011,Waitrose Bombay Mix - 814146,200g,£1.50,75p/100g,,Food Cupboard
437321,Ember Chilli Biltong,G,false,2732,https://ecom-su-static-prod.wtrecom.com/images/products/3/LN_437321_BP_3.jpg,https://www.waitrose.com/ecom/products/ember-chilli-biltong/437321-662454-662455,Ember Chilli Biltong,25g,£2.20,£88/kg,,Food Cupboard
491892,Green & Black's Organic Classic Collection Chocolate Box,G,false,2733,https://ecom-su-static-prod.wtrecom.com/images/products/3/LN_491892_BP_3.jpg,https://www.waitrose.com/ecom/products/green-blacks-organic-classic-collection-chocolate-box/491892-69507-69508,Green & Black's Organic Classic Collection Chocolate Box,180g,£6.85,£3.81/100g,,Food Cupboard
057808,Patak's Hot Madras Spice Paste,G,true,2734,https://ecom-su-static-prod.wtrecom.com/images/products/3/LN_057808_BP_3.jpg,https://www.waitrose.com/ecom/products/pataks-hot-madras-spice-paste/057808-29038-29039,Patak's Hot Madras Spice Paste,283g,£2.80,98.9p/100g,20% Off. Was £3.50,Food Cupboard
892678,John West No Drain Tuna Steak in Brine,G,false,2735,https://ecom-su-static-prod.wtrecom.com/images/products/3/LN_892678_BP_3.jpg,https://www.waitrose.com/ecom/products/john-west-no-drain-tuna-steak-in-brine/892678-631739-631740,John West No Drain Tuna Steak in Brine,3x60g,£3.60,£2/100g,,Food Cupboard
729574,Waitrose 75 Cupcake Cases,G,false,2736,https://ecom-su-static-prod.wtrecom.com/images/products/3/LN_729574_BP_3.jpg,https://www.waitrose.com/ecom/products/waitrose-75-cupcake-cases/729574-260878-260879,Waitrose 75 Cupcake Cases,,£1.75,,,Food Cupboard
703495,Hellmann's Plant Based Mayo,G,false,2737,https://ecom-su-static-prod.wtrecom.com/images/products/3/LN_703495_BP_3.jpg,https://www.waitrose.com/ecom/products/hellmanns-plant-based-mayo/703495-826762-826763,Hellmann's Plant Based Mayo,750ml,£4.50,60p/100ml,,Food Cupboard
724476,Jordans No Added Sugar Apple & Berry Granola 425g,G,false,2738,https://ecom-su-static-prod.wtrecom.com/images/products/3/LN_724476_BP_3.jpg,https://www.waitrose.com/ecom/products/jordans-no-added-sugar-apple-berry-granola-425g/724476-806390-806391,Jordans No Added Sugar Apple & Berry Granola 425g,425g,£3.60,84.7p/100g,,Food Cupboard
787926,Tracklements Caramalised Onion Marmalade,G,true,2739,https://ecom-su-static-prod.wtrecom.com/images/products/3/LN_787926_BP_3.jpg,https://www.waitrose.com/ecom/products/tracklements-caramalised-onion-marmalade/787926-791595-791596,Tracklements Caramalised Onion Marmalade,210g,£2.60,£1.24/100g,20% Off. Was £3.25,Food Cupboard
499739,Waitrose Fettuccine,G,false,2740,https://ecom-su-static-prod.wtrecom.com/images/products/3/LN_499739_BP_3.jpg,https://www.waitrose.com/ecom/products/waitrose-fettuccine/499739-728018-728019,Waitrose Fettuccine,500g,£1.75,£3.50/kg,,Food Cupboard
601189,Thai Taste Folded Brown Rice Noodles,G,true,2741,https://ecom-su-static-prod.wtrecom.com/images/products/3/LN_601189_BP_3.jpg,https://www.waitrose.com/ecom/products/thai-taste-folded-brown-rice-noodles/601189-702891-702892,Thai Taste Folded Brown Rice Noodles,200g,£1.35,£6.75/kg,Reduced to Clear. Was £1.65,Food Cupboard
585212,Cooks' Ingredients Barbecue Seasoning,G,false,2742,https://ecom-su-static-prod.wtrecom.com/images/products/3/LN_585212_BP_3.jpg,https://www.waitrose.com/ecom/products/cooks-ingredients-barbecue-seasoning/585212-784948-784949,Cooks' Ingredients Barbecue Seasoning,40g,£1.70,42.5p/10g,,Food Cupboard
854082,The Spice Tailor Delhi Black Lentil Daal,G,false,2743,https://ecom-su-static-prod.wtrecom.com/images/products/3/LN_854082_BP_3.jpg,https://www.waitrose.com/ecom/products/the-spice-tailor-delhi-black-lentil-daal/854082-499552-499553,The Spice Tailor Delhi Black Lentil Daal,400g,£3.75,93.8p/100g,,Food Cupboard
805566,Eat Real Hummus Chips Sea Salt & Balsamic Vinegar,G,false,2744,https://ecom-su-static-prod.wtrecom.com/images/products/3/LN_805566_BP_3.jpg,https://www.waitrose.com/ecom/products/eat-real-hummus-chips-sea-salt-balsamic-vinegar/805566-820135-820136,Eat Real Hummus Chips Sea Salt & Balsamic Vinegar,110g,£2.10,£1.91/100g,,Food Cupboard
872561,Schar Gluten Free Foldable Flatbread,G,false,2745,https://ecom-su-static-prod.wtrecom.com/images/products/3/LN_872561_BP_3.jpg,https://www.waitrose.com/ecom/products/schar-gluten-free-foldable-flatbread/872561-812590-812591,Schar Gluten Free Foldable Flatbread,225g,£2.65,£1.18/100g,,Food Cupboard
772686,Weetabix Oatibix Flakes Nutty Crunch,G,false,2746,https://ecom-su-static-prod.wtrecom.com/images/products/3/LN_772686_BP_3.jpg,https://www.waitrose.com/ecom/products/weetabix-oatibix-flakes-nutty-crunch/772686-772660-772661,Weetabix Oatibix Flakes Nutty Crunch,450g,£4.00,88.9p/100g,,Food Cupboard
880891,Holy Cow! Delhi Tikka Masala Curry Sauce,G,false,2747,https://ecom-su-static-prod.wtrecom.com/images/products/3/LN_880891_BP_3.jpg,https://www.waitrose.com/ecom/products/holy-cow-delhi-tikka-masala-curry-sauce/880891-703668-703669,Holy Cow! Delhi Tikka Masala Curry Sauce,250g,£2.50,£1/100g,,Food Cupboard
813969,Flavour Hacks Roasted Garlic,G,true,2748,https://ecom-su-static-prod.wtrecom.com/images/products/3/LN_813969_BP_3.jpg,https://www.waitrose.com/ecom/products/flavour-hacks-roasted-garlic/813969-820137-820138,Flavour Hacks Roasted Garlic,130g,£2.35,£1.81/100g,20% Off. Was £2.95,Food Cupboard
747053,Deliciously Ella Plants Fruit & Nut Crunch Bar,G,true,2749,https://ecom-su-static-prod.wtrecom.com/images/products/3/LN_747053_BP_3.jpg,https://www.waitrose.com/ecom/products/deliciously-ella-plants-fruit-nut-crunch-bar/747053-808094-808095,Deliciously Ella Plants Fruit & Nut Crunch Bar,3x37g,£2.60,£2.35/100g,20% Off. Was £3.25,Food Cupboard
091993,Heinz Alphabetti Pasta,G,true,2750,https://ecom-su-static-prod.wtrecom.com/images/products/3/LN_091993_BP_3.jpg,https://www.waitrose.com/ecom/products/heinz-alphabetti-pasta/091993-47366-47367,Heinz Alphabetti Pasta,400g,£1.25,£3.13/kg,Add 2 for £1.75,Food Cupboard
622750,Kallo Veggie Thins Rosemary & Sea Salt,G,true,2751,https://ecom-su-static-prod.wtrecom.com/images/products/3/LN_622750_BP_3.jpg,https://www.waitrose.com/ecom/products/kallo-veggie-thins-rosemary-sea-salt/622750-813696-813697,Kallo Veggie Thins Rosemary & Sea Salt,100g,£2.00,£2/100g,save £1.00. Was £3.00,Food Cupboard
001086,Kellogg's Sultana Bran Breakfast Cereal,G,false,2752,https://ecom-su-static-prod.wtrecom.com/images/products/3/LN_001086_BP_3.jpg,https://www.waitrose.com/ecom/products/kelloggs-sultana-bran-breakfast-cereal/001086-59-60,Kellogg's Sultana Bran Breakfast Cereal,500g,£3.15,63p/100g,,Food Cupboard
621464,Uni-Eagle Sriracha Hot Chilli Sauce,G,false,2753,https://ecom-su-static-prod.wtrecom.com/images/products/3/LN_621464_BP_3.jpg,https://www.waitrose.com/ecom/products/uni-eagle-sriracha-hot-chilli-sauce/621464-723868-723869,Uni-Eagle Sriracha Hot Chilli Sauce,430ml,£3.15,73.3p/100ml,,Food Cupboard
096294,Ben's Original Boil-In-Bag Wholegrain Rice,G,true,2754,https://ecom-su-static-prod.wtrecom.com/images/products/3/LN_096294_BP_3.jpg,https://www.waitrose.com/ecom/products/bens-original-boil-in-bag-wholegrain-rice/096294-49266-49267,Ben's Original Boil-In-Bag Wholegrain Rice,500g,£2.50,£5/kg,save 80p. Was £3.30,Food Cupboard
702835,Munchies Milk Chocolate Sharing Bag,G,false,2755,https://ecom-su-static-prod.wtrecom.com/images/products/3/LN_702835_BP_3.jpg,https://www.waitrose.com/ecom/products/munchies-milk-chocolate-sharing-bag/702835-744621-744622,Munchies Milk Chocolate Sharing Bag,104g,£1.85,£1.78/100g,,Food Cupboard
083094,Lindt Lindor Milk Chocolate Truffles,G,false,2756,https://ecom-su-static-prod.wtrecom.com/images/products/3/LN_083094_BP_3.jpg,https://www.waitrose.com/ecom/products/lindt-lindor-milk-chocolate-truffles/083094-42227-42228,Lindt Lindor Milk Chocolate Truffles,337g,£10.00,£2.97/100g,,Food Cupboard
764367,Bonne Maman Strawberry Conserve,G,true,2757,https://ecom-su-static-prod.wtrecom.com/images/products/3/LN_764367_BP_3.jpg,https://www.waitrose.com/ecom/products/bonne-maman-strawberry-conserve/764367-255901-255902,Bonne Maman Strawberry Conserve,750g,£4.75,63.3p/100g,save £1.20. Was £5.95,Food Cupboard
646505,Rowse Manuka Honey 100+ MGO,G,false,2758,https://ecom-su-static-prod.wtrecom.com/images/products/3/LN_646505_BP_3.jpg,https://www.waitrose.com/ecom/products/rowse-manuka-honey-100-mgo/646505-725474-725475,Rowse Manuka Honey 100+ MGO,225g,£10.00,£4.45/100g,,Food Cupboard
007806,Knorr Gluten Free Lamb Stock Cubes,G,false,2759,https://ecom-su-static-prod.wtrecom.com/images/products/3/LN_007806_BP_3.jpg,https://www.waitrose.com/ecom/products/knorr-gluten-free-lamb-stock-cubes/007806-3689-3690,Knorr Gluten Free Lamb Stock Cubes,80g,£2.05,£2.57/100g,,Food Cupboard
061084,Lindt Lindor Assorted Chocolate Truffles,G,false,2760,https://ecom-su-static-prod.wtrecom.com/images/products/3/LN_061084_BP_3.jpg,https://www.waitrose.com/ecom/products/lindt-lindor-assorted-chocolate-truffles/061084-30888-30889,Lindt Lindor Assorted Chocolate Truffles,337g,£10.00,£2.97/100g,,Food Cupboard
400715,Lindt Lindor Salted Caramel,G,false,2761,https://ecom-su-static-prod.wtrecom.com/images/products/3/LN_400715_BP_3.jpg,https://www.waitrose.com/ecom/products/lindt-lindor-salted-caramel/400715-756661-756662,Lindt Lindor Salted Caramel,100g,£2.50,£2.50/100g,,Food Cupboard
744200,Farrington's Mellow Yellow Honey & Mustard Dressing,G,false,2762,https://ecom-su-static-prod.wtrecom.com/images/products/3/LN_744200_BP_3.jpg,https://www.waitrose.com/ecom/products/farringtons-mellow-yellow-honey-mustard-dressing/744200-105794-105795,Farrington's Mellow Yellow Honey & Mustard Dressing,250ml,£3.45,£1.38/100ml,,Food Cupboard
728643,Bonne Maman Peach Conserve,G,false,2763,https://ecom-su-static-prod.wtrecom.com/images/products/3/LN_728643_BP_3.jpg,https://www.waitrose.com/ecom/products/bonne-maman-peach-conserve/728643-759716-759717,Bonne Maman Peach Conserve,370g,£3.50,94.6p/100g,,Food Cupboard
696078,Duchy Organic Fairtrade Turmeric,G,false,2764,https://ecom-su-static-prod.wtrecom.com/images/products/3/LN_696078_BP_3.jpg,https://www.waitrose.com/ecom/products/duchy-organic-fairtrade-turmeric/696078-785048-785049,Duchy Organic Fairtrade Turmeric,38g,£1.95,51.3p/10g,,Food Cupboard
201954,Candy Kittens Wild & Free,G,false,2765,https://ecom-su-static-prod.wtrecom.com/images/products/3/LN_201954_BP_3.jpg,https://www.waitrose.com/ecom/products/candy-kittens-wild-free/201954-825784-825785,Candy Kittens Wild & Free,140g,£2.75,£1.97/100g,,Food Cupboard
577281,Fragata Sea Salt Marinated Olives,G,false,2766,https://ecom-su-static-prod.wtrecom.com/images/products/3/LN_577281_BP_3.jpg,https://www.waitrose.com/ecom/products/fragata-sea-salt-marinated-olives/577281-728262-728263,Fragata Sea Salt Marinated Olives,120g,£2.80,£2.34/100g,,Food Cupboard
471902,Waitrose Smokytomato & Chilli Chutney,G,false,2767,https://ecom-su-static-prod.wtrecom.com/images/products/3/LN_471902_BP_3.jpg,https://www.waitrose.com/ecom/products/waitrose-smokytomato-chilli-chutney/471902-747370-747371,Waitrose Smokytomato & Chilli Chutney,320g,£2.50,78.1p/100g,,Food Cupboard
835814,Waitrose Korma Spice Paste,G,false,2768,https://ecom-su-static-prod.wtrecom.com/images/products/3/LN_835814_BP_3.jpg,https://www.waitrose.com/ecom/products/waitrose-korma-spice-paste/835814-824924-824925,Waitrose Korma Spice Paste,180g,£2.00,£1.12/100g,,Food Cupboard
006761,Cooks' Ingredients Italian Cut Mixed Peel,G,false,2769,https://ecom-su-static-prod.wtrecom.com/images/products/3/LN_006761_BP_3.jpg,https://www.waitrose.com/ecom/products/cooks-ingredients-italian-cut-mixed-peel/006761-3023-3024,Cooks' Ingredients Italian Cut Mixed Peel,200g,£1.20,£6/kg,,Food Cupboard
703468,Heinz Big Soup Steak & Potato,G,true,2770,https://ecom-su-static-prod.wtrecom.com/images/products/3/LN_703468_BP_3.jpg,https://www.waitrose.com/ecom/products/heinz-big-soup-steak-potato/703468-793142-793143,Heinz Big Soup Steak & Potato,400g,£2.00,50p/100g,Add 3 for £4.50,Food Cupboard
694329,Miller's Toast Plum & Date,G,false,2771,https://ecom-su-static-prod.wtrecom.com/images/products/3/LN_694329_BP_3.jpg,https://www.waitrose.com/ecom/products/millers-toast-plum-date/694329-519000-519001,Miller's Toast Plum & Date,100g,£3.25,£3.25/100g,,Food Cupboard
719515,Gran Luchito Chipotle Salsa,G,false,2772,https://ecom-su-static-prod.wtrecom.com/images/products/3/LN_719515_BP_3.jpg,https://www.waitrose.com/ecom/products/gran-luchito-chipotle-salsa/719515-600780-600781,Gran Luchito Chipotle Salsa,300g,£3.00,£1/100g,,Food Cupboard
819432,Loyd Grossman Bolognese Pasta Sauce,G,false,2773,https://ecom-su-static-prod.wtrecom.com/images/products/3/LN_819432_BP_3.jpg,https://www.waitrose.com/ecom/products/loyd-grossman-bolognese-pasta-sauce/819432-823360-823361,Loyd Grossman Bolognese Pasta Sauce,660g,£3.75,56.8p/100g,,Food Cupboard
513092,Waitrose Balti Sauce,G,false,2774,https://ecom-su-static-prod.wtrecom.com/images/products/3/LN_513092_BP_3.jpg,https://www.waitrose.com/ecom/products/waitrose-balti-sauce/513092-776985-776986,Waitrose Balti Sauce,450g,£1.50,33.3p/100g,,Food Cupboard
370768,Pizza Express Honey & Mustard Dressing,G,false,2775,https://ecom-su-static-prod.wtrecom.com/images/products/3/LN_370768_BP_3.jpg,https://www.waitrose.com/ecom/products/pizza-express-honey-mustard-dressing/370768-52126-52127,Pizza Express Honey & Mustard Dressing,235ml,£2.65,£1.13/100ml,,Food Cupboard
864146,Waitrose Foil Baking Trays,G,false,2776,https://ecom-su-static-prod.wtrecom.com/images/products/3/LN_864146_BP_3.jpg,https://www.waitrose.com/ecom/products/waitrose-foil-baking-trays/864146-261018-261019,Waitrose Foil Baking Trays,,£1.40,,,Food Cupboard
412406,Waitrose Wholemeal Bread Mix,G,false,2777,https://ecom-su-static-prod.wtrecom.com/images/products/3/LN_412406_BP_3.jpg,https://www.waitrose.com/ecom/products/waitrose-wholemeal-bread-mix/412406-762258-762259,Waitrose Wholemeal Bread Mix,500g,£1.35,£2.70/kg,,Food Cupboard
485468,Schär Gluten Free Curvies,G,false,2778,https://ecom-su-static-prod.wtrecom.com/images/products/3/LN_485468_BP_3.jpg,https://www.waitrose.com/ecom/products/schar-gluten-free-curvies/485468-723697-723698,Schär Gluten Free Curvies,170g,£2.85,£1.68/100g,,Food Cupboard
707660,Belazu Gran Reserva Sherry Vinegar,G,false,2779,https://ecom-su-static-prod.wtrecom.com/images/products/3/LN_707660_BP_3.jpg,https://www.waitrose.com/ecom/products/belazu-gran-reserva-sherry-vinegar/707660-690362-690363,Belazu Gran Reserva Sherry Vinegar,250ml,£6.50,£2.60/100ml,,Food Cupboard
738506,Sacla' Italia Truffle Pesto,G,true,2780,https://ecom-su-static-prod.wtrecom.com/images/products/3/LN_738506_BP_3.jpg,https://www.waitrose.com/ecom/products/sacla-italia-truffle-pesto/738506-338063-338064,Sacla' Italia Truffle Pesto,90g,£2.50,£2.78/100g,save £1.00. Was £3.50,Food Cupboard
812688,Cadbury Caramilk Golden Caramel Chocolate Buttons Bag,G,false,2781,https://ecom-su-static-prod.wtrecom.com/images/products/3/LN_812688_BP_3.jpg,https://www.waitrose.com/ecom/products/cadbury-caramilk-golden-caramel-chocolate-buttons-bag/812688-784576-784577,Cadbury Caramilk Golden Caramel Chocolate Buttons Bag,105g,£1.90,£1.81/100g,,Food Cupboard
521368,Mutti Passata Emilia Baby Plum Tomatoes,G,false,2782,https://ecom-su-static-prod.wtrecom.com/images/products/3/LN_521368_BP_3.jpg,https://www.waitrose.com/ecom/products/mutti-passata-emilia-baby-plum-tomatoes/521368-806810-806811,Mutti Passata Emilia Baby Plum Tomatoes,400g,£2.75,68.8p/100g,,Food Cupboard
731372,Crosta & Mollica Spaghetti Pasta,G,false,2783,https://ecom-su-static-prod.wtrecom.com/images/products/3/LN_731372_BP_3.jpg,https://www.waitrose.com/ecom/products/crosta-mollica-spaghetti-pasta/731372-785078-785079,Crosta & Mollica Spaghetti Pasta,500g,£3.00,£6/kg,,Food Cupboard
556575,KIND Gluten Free Maple Pecan Almond Bars,G,true,2784,https://ecom-su-static-prod.wtrecom.com/images/products/3/LN_556575_BP_3.jpg,https://www.waitrose.com/ecom/products/kind-gluten-free-maple-pecan-almond-bars/556575-791091-791092,KIND Gluten Free Maple Pecan Almond Bars,3x30g,£2.00,£2.23/100g,save £1.15. Was £3.15,Food Cupboard
831992,Old El Paso Chunky Salsa,G,false,2785,https://ecom-su-static-prod.wtrecom.com/images/products/3/LN_831992_BP_3.jpg,https://www.waitrose.com/ecom/products/old-el-paso-chunky-salsa/831992-703452-703453,Old El Paso Chunky Salsa,238g,£2.75,£1.16/100g,,Food Cupboard
717744,Dr. Oetker Fine Dark Cocoa Powder,G,false,2786,https://ecom-su-static-prod.wtrecom.com/images/products/3/LN_717744_BP_3.jpg,https://www.waitrose.com/ecom/products/dr-oetker-fine-dark-cocoa-powder/717744-816988-816989,Dr. Oetker Fine Dark Cocoa Powder,190g,£3.80,£2/100g,,Food Cupboard
081308,Total Sweet Xylitol,G,false,2787,https://ecom-su-static-prod.wtrecom.com/images/products/3/LN_081308_BP_3.jpg,https://www.waitrose.com/ecom/products/total-sweet-xylitol/081308-41351-41352,Total Sweet Xylitol,225g,£3.45,£15.34/kg,,Food Cupboard
094658,Heinz Spaghetti in Tomato Sauce 4 pack,G,false,2788,https://ecom-su-static-prod.wtrecom.com/images/products/3/LN_094658_BP_3.jpg,https://www.waitrose.com/ecom/products/heinz-spaghetti-in-tomato-sauce-4-pack/094658-48546-48547,Heinz Spaghetti in Tomato Sauce 4 pack,4x400g,£3.50,£2.19/kg,,Food Cupboard
458814,Border Butterscotch Crunch,G,false,2789,https://ecom-su-static-prod.wtrecom.com/images/products/3/LN_458814_BP_3.jpg,https://www.waitrose.com/ecom/products/border-butterscotch-crunch/458814-812417-812418,Border Butterscotch Crunch,135g,£2.00,£1.49/100g,,Food Cupboard
446129,Ocean Spray Fibre Boost Cranberries,G,false,2790,https://ecom-su-static-prod.wtrecom.com/images/products/3/LN_446129_BP_3.jpg,https://www.waitrose.com/ecom/products/ocean-spray-fibre-boost-cranberries/446129-757899-757900,Ocean Spray Fibre Boost Cranberries,120g,£2.50,£2.09/100g,,Food Cupboard
637369,Stokes Real Brown Sauce,G,false,2791,https://ecom-su-static-prod.wtrecom.com/images/products/3/LN_637369_BP_3.jpg,https://www.waitrose.com/ecom/products/stokes-real-brown-sauce/637369-90502-90503,Stokes Real Brown Sauce,320g,£3.50,£1.10/100g,,Food Cupboard
480777,Princes Stewed Steak,G,false,2792,https://ecom-su-static-prod.wtrecom.com/images/products/3/LN_480777_BP_3.jpg,https://www.waitrose.com/ecom/products/princes-stewed-steak/480777-793054-793055,Princes Stewed Steak,392g,£3.50,89.3p/100g,,Food Cupboard
423979,Maltesers Dark Balls More To Share,G,false,2793,https://ecom-su-static-prod.wtrecom.com/images/products/3/LN_423979_BP_3.jpg,https://www.waitrose.com/ecom/products/maltesers-dark-balls-more-to-share/423979-804814-804815,Maltesers Dark Balls More To Share,163g,£3.45,£2.12/100g,,Food Cupboard
592525,John West Smoked Oysters in Sunflower Oil,G,false,2794,https://ecom-su-static-prod.wtrecom.com/images/products/3/LN_592525_BP_3.jpg,https://www.waitrose.com/ecom/products/john-west-smoked-oysters-in-sunflower-oil/592525-84001-84002,John West Smoked Oysters in Sunflower Oil,drained 65g,£3.15,£4.85/100g,,Food Cupboard
497389,Hilltop Manuka 50+ MGO New Zealand Honey,G,false,2795,https://ecom-su-static-prod.wtrecom.com/images/products/3/LN_497389_BP_3.jpg,https://www.waitrose.com/ecom/products/hilltop-manuka-50-mgo-new-zealand-honey/497389-771135-771136,Hilltop Manuka 50+ MGO New Zealand Honey,225g,£8.40,£3.74/100g,,Food Cupboard
011426,Cooks' Ingredients Lemon Olive Oil,G,false,2796,https://ecom-su-static-prod.wtrecom.com/images/products/3/LN_011426_BP_3.jpg,https://www.waitrose.com/ecom/products/cooks-ingredients-lemon-olive-oil/011426-5656-5657,Cooks' Ingredients Lemon Olive Oil,250ml,£4.50,£1.80/100ml,,Food Cupboard
724775,Waitrose Thai Sticky Rice,G,false,2797,https://ecom-su-static-prod.wtrecom.com/images/products/3/LN_724775_BP_3.jpg,https://www.waitrose.com/ecom/products/waitrose-thai-sticky-rice/724775-695152-695153,Waitrose Thai Sticky Rice,500g,£1.60,£3.20/kg,,Food Cupboard
095493,Waitrose Moroccan Spanish Caperberries,G,false,2798,https://ecom-su-static-prod.wtrecom.com/images/products/3/LN_095493_BP_3.jpg,https://www.waitrose.com/ecom/products/waitrose-moroccan-spanish-caperberries/095493-48929-48930,Waitrose Moroccan Spanish Caperberries,drained 110g,£3.20,£2.91/100g,,Food Cupboard
843742,The Groovy Food Company Organic Date Syrup,G,false,2799,https://ecom-su-static-prod.wtrecom.com/images/products/3/LN_843742_BP_3.jpg,https://www.waitrose.com/ecom/products/the-groovy-food-company-organic-date-syrup/843742-823362-823363,The Groovy Food Company Organic Date Syrup,340g,£2.80,£8.24/kg,,Food Cupboard
002192,Waitrose Red Kidney Beans,G,false,2800,https://ecom-su-static-prod.wtrecom.com/images/products/3/LN_002192_BP_3.jpg,https://www.waitrose.com/ecom/products/waitrose-red-kidney-beans/002192-644-645,Waitrose Red Kidney Beans,500g,£1.60,£3.20/kg,,Food Cupboard
506230,Montezuma's Black Forest Cherry Dark Choc,G,false,2801,https://ecom-su-static-prod.wtrecom.com/images/products/3/LN_506230_BP_3.jpg,https://www.waitrose.com/ecom/products/montezumas-black-forest-cherry-dark-choc/506230-777131-777132,Montezuma's Black Forest Cherry Dark Choc,90g,£3.00,£3.34/100g,,Food Cupboard
436367,Tracklements Strong Horseradish Cream,G,false,2802,https://ecom-su-static-prod.wtrecom.com/images/products/3/LN_436367_BP_3.jpg,https://www.waitrose.com/ecom/products/tracklements-strong-horseradish-cream/436367-61392-61393,Tracklements Strong Horseradish Cream,140g,£3.00,£2.15/100g,,Food Cupboard
446818,Bahlsen Waffeletten Milk Chocolate Wafer,G,false,2803,https://ecom-su-static-prod.wtrecom.com/images/products/3/LN_446818_BP_3.jpg,https://www.waitrose.com/ecom/products/bahlsen-waffeletten-milk-chocolate-wafer/446818-330785-330786,Bahlsen Waffeletten Milk Chocolate Wafer,100g,£2.10,£2.10/100g,,Food Cupboard
034766,Waitrose Kalamata Olive & Sun-Dried Tomato Tapenade,G,false,2804,https://ecom-su-static-prod.wtrecom.com/images/products/3/LN_034766_BP_3.jpg,https://www.waitrose.com/ecom/products/waitrose-kalamata-olive-sun-dried-tomato-tapenade/034766-17523-17524,Waitrose Kalamata Olive & Sun-Dried Tomato Tapenade,165g,£3.25,£1.97/100g,,Food Cupboard
824864,Cadbury Dairy Milk & More Caramel Nut Crunch Bar,G,true,2805,https://ecom-su-static-prod.wtrecom.com/images/products/3/LN_824864_BP_3.jpg,https://www.waitrose.com/ecom/products/cadbury-dairy-milk-more-caramel-nut-crunch-bar/824864-825444-825445,Cadbury Dairy Milk & More Caramel Nut Crunch Bar,200g,£2.25,£1.13/100g,save 50p. Was £2.75,Food Cupboard
612184,Tilda Limited Edition Rice,G,true,2806,https://ecom-su-static-prod.wtrecom.com/images/products/3/LN_612184_BP_3.jpg,https://www.waitrose.com/ecom/products/tilda-limited-edition-rice/612184-237566-237567,Tilda Limited Edition Rice,250g,£1.00,£4/kg,save 85p. Was £1.85,Food Cupboard
758169,Tracklements Wild Garlic Sauce,G,true,2807,https://ecom-su-static-prod.wtrecom.com/images/products/3/LN_758169_BP_3.jpg,https://www.waitrose.com/ecom/products/tracklements-wild-garlic-sauce/758169-826768-826769,Tracklements Wild Garlic Sauce,140g,£3.00,£2.15/100g,Buyers Choice,Food Cupboard
662644,America's Finest Solid Pack Pumpkin,G,false,2808,https://ecom-su-static-prod.wtrecom.com/images/products/3/LN_662644_BP_3.jpg,https://www.waitrose.com/ecom/products/americas-finest-solid-pack-pumpkin/662644-747500-747501,America's Finest Solid Pack Pumpkin,425g,£2.90,68.2p/100g,,Food Cupboard
514070,Plants By Deliciously Ella Smooth Almond Butter With Ginger,G,true,2809,https://ecom-su-static-prod.wtrecom.com/images/products/3/LN_514070_BP_3.jpg,https://www.waitrose.com/ecom/products/plants-by-deliciously-ella-smooth-almond-butter-with-ginger/514070-801122-801123,Plants By Deliciously Ella Smooth Almond Butter With Ginger,170g,£2.60,£1.53/100g,20% Off. Was £3.30,Food Cupboard
879704,Truvia Stevia Leaf Sweetener,G,false,2810,https://ecom-su-static-prod.wtrecom.com/images/products/3/LN_879704_BP_3.jpg,https://www.waitrose.com/ecom/products/truvia-stevia-leaf-sweetener/879704-479713-479714,Truvia Stevia Leaf Sweetener,150g,£3.90,£26/kg,,Food Cupboard
706651,Epic Giant Toastin' Mallows,G,true,2811,https://ecom-su-static-prod.wtrecom.com/images/products/3/LN_706651_BP_3.jpg,https://www.waitrose.com/ecom/products/epic-giant-toastin-mallows/706651-804926-804927,Epic Giant Toastin' Mallows,300g,£2.00,66.7p/100g,20% Off. Was £2.50,Food Cupboard
530725,The Spice Tailor Indonesian Rendang,G,false,2812,https://ecom-su-static-prod.wtrecom.com/images/products/3/LN_530725_BP_3.jpg,https://www.waitrose.com/ecom/products/the-spice-tailor-indonesian-rendang/530725-702691-702692,The Spice Tailor Indonesian Rendang,275g,£3.75,£1.37/100g,,Food Cupboard
525379,Waitrose Plum Sauce,G,false,2813,https://ecom-su-static-prod.wtrecom.com/images/products/3/LN_525379_BP_3.jpg,https://www.waitrose.com/ecom/products/waitrose-plum-sauce/525379-784726-784727,Waitrose Plum Sauce,240g,£2.50,£1.05/100g,,Food Cupboard
008931,Hermesetas Mini Sweeteners Tablets,G,false,2814,https://ecom-su-static-prod.wtrecom.com/images/products/3/LN_008931_BP_3.jpg,https://www.waitrose.com/ecom/products/hermesetas-mini-sweeteners-tablets/008931-4255-4256,Hermesetas Mini Sweeteners Tablets,1200s,£5.00,0.4p each,,Food Cupboard
665321,Jordans Country Crisp Honey & Nuts Cereal,G,true,2815,https://ecom-su-static-prod.wtrecom.com/images/products/3/LN_665321_BP_3.jpg,https://www.waitrose.com/ecom/products/jordans-country-crisp-honey-nuts-cereal/665321-141254-141255,Jordans Country Crisp Honey & Nuts Cereal,500g,£2.50,50p/100g,save £1.30. Was £3.80,Food Cupboard
844967,Cooks' Ingredients Garam Masala,G,false,2816,https://ecom-su-static-prod.wtrecom.com/images/products/3/LN_844967_BP_3.jpg,https://www.waitrose.com/ecom/products/cooks-ingredients-garam-masala/844967-785210-785211,Cooks' Ingredients Garam Masala,93g,£2.10,22.6p/10g,,Food Cupboard
006231,Atora Shredded Beef Suet,G,false,2817,https://ecom-su-static-prod.wtrecom.com/images/products/3/LN_006231_BP_3.jpg,https://www.waitrose.com/ecom/products/atora-shredded-beef-suet/006231-2750-2751,Atora Shredded Beef Suet,200g,£3.15,£15.75/kg,,Food Cupboard
851330,Propercorn Sweet & Salty,G,true,2818,https://ecom-su-static-prod.wtrecom.com/images/products/3/LN_851330_BP_3.jpg,https://www.waitrose.com/ecom/products/propercorn-sweet-salty/851330-605244-605245,Propercorn Sweet & Salty,30g,£1.10,£3.67/100g,"£5 Food to Go Meal Deal: Add 1 Main, 1 Snack and 1 Drink",Food Cupboard
417053,Joe & Seph's Salted Caramel Gourmet Popcorn,G,false,2819,https://ecom-su-static-prod.wtrecom.com/images/products/3/LN_417053_BP_3.jpg,https://www.waitrose.com/ecom/products/joe-sephs-salted-caramel-gourmet-popcorn/417053-230721-230722,Joe & Seph's Salted Caramel Gourmet Popcorn,75g,£3.50,£4.67/100g,,Food Cupboard
766307,Waitrose PLV Jackfruit Pieces in Water,G,false,2820,https://ecom-su-static-prod.wtrecom.com/images/products/3/LN_766307_BP_3.jpg,https://www.waitrose.com/ecom/products/waitrose-plv-jackfruit-pieces-in-water/766307-773394-773395,Waitrose PLV Jackfruit Pieces in Water,drained 210g,£2.00,48.8p/100g,,Food Cupboard
815239,Waitrose Gooseberry Preserve,G,false,2821,https://ecom-su-static-prod.wtrecom.com/images/products/3/LN_815239_BP_3.jpg,https://www.waitrose.com/ecom/products/waitrose-gooseberry-preserve/815239-168722-168723,Waitrose Gooseberry Preserve,340g,£2.40,70.6p/100g,,Food Cupboard
893618,Graze Salt & Vinegar Crunch,G,false,2822,https://ecom-su-static-prod.wtrecom.com/images/products/3/LN_893618_BP_3.jpg,https://www.waitrose.com/ecom/products/graze-salt-vinegar-crunch/893618-728640-728641,Graze Salt & Vinegar Crunch,100g,£2.65,£2.65/100g,,Food Cupboard
850425,Wonderful Pistachios,G,false,2823,https://ecom-su-static-prod.wtrecom.com/images/products/3/LN_850425_BP_3.jpg,https://www.waitrose.com/ecom/products/wonderful-pistachios/850425-706733-706734,Wonderful Pistachios,100g,£5.00,£5/100g,,Food Cupboard
806501,Blue Dragon Original Sweet Chilli Sauce,G,false,2824,https://ecom-su-static-prod.wtrecom.com/images/products/3/LN_806501_BP_3.jpg,https://www.waitrose.com/ecom/products/blue-dragon-original-sweet-chilli-sauce/806501-741410-741411,Blue Dragon Original Sweet Chilli Sauce,190ml,£2.00,£1.06/100ml,,Food Cupboard
573907,Deliciously Ella Plants Vanilla Biscuits,G,true,2825,https://ecom-su-static-prod.wtrecom.com/images/products/3/LN_573907_BP_3.jpg,https://www.waitrose.com/ecom/products/deliciously-ella-plants-vanilla-biscuits/573907-812449-812450,Deliciously Ella Plants Vanilla Biscuits,120g,£1.76,£1.47/100g,20% Off. Was £2.20,Food Cupboard
883347,Waitrose Jalfrezi Sauce,G,false,2826,https://ecom-su-static-prod.wtrecom.com/images/products/3/LN_883347_BP_3.jpg,https://www.waitrose.com/ecom/products/waitrose-jalfrezi-sauce/883347-777019-777020,Waitrose Jalfrezi Sauce,450g,£1.50,33.3p/100g,,Food Cupboard
888104,Duchy Organic Green Lentils,G,false,2827,https://ecom-su-static-prod.wtrecom.com/images/products/3/LN_888104_BP_3.jpg,https://www.waitrose.com/ecom/products/duchy-organic-green-lentils/888104-812601-812602,Duchy Organic Green Lentils,500g,£1.50,30p/100g,,Food Cupboard
087757,Clearspring Miso Soup with Tofu,G,false,2828,https://ecom-su-static-prod.wtrecom.com/images/products/3/LN_087757_BP_3.jpg,https://www.waitrose.com/ecom/products/clearspring-miso-soup-with-tofu/087757-44878-44879,Clearspring Miso Soup with Tofu,4x10g,£3.80,£9.50/100g,,Food Cupboard
650294,Tony's Chocolonely Milk,G,true,2829,https://ecom-su-static-prod.wtrecom.com/images/products/3/LN_650294_BP_3.jpg,https://www.waitrose.com/ecom/products/tonys-chocolonely-milk/650294-744601-744602,Tony's Chocolonely Milk,50g,£1.40,£2.80/100g,"£5 Food to Go Meal Deal: Add 1 Main, 1 Snack and 1 Drink",Food Cupboard
491746,Mr. Porky Crispy Strips,G,false,2830,https://ecom-su-static-prod.wtrecom.com/images/products/3/LN_491746_BP_3.jpg,https://www.waitrose.com/ecom/products/mr-porky-crispy-strips/491746-706283-706284,Mr. Porky Crispy Strips,35g,£1.30,£3.72/100g,,Food Cupboard
437413,Belazu Vegan Basil Pesto,G,false,2831,https://ecom-su-static-prod.wtrecom.com/images/products/3/LN_437413_BP_3.jpg,https://www.waitrose.com/ecom/products/belazu-vegan-basil-pesto/437413-784804-784805,Belazu Vegan Basil Pesto,165g,£3.35,£2.04/100g,,Food Cupboard
654401,Nishaan Chakki Roti 6 Indian Chapattis,G,false,2832,https://ecom-su-static-prod.wtrecom.com/images/products/3/LN_654401_BP_3.jpg,https://www.waitrose.com/ecom/products/nishaan-chakki-roti-6-indian-chapattis/654401-92903-92904,Nishaan Chakki Roti 6 Indian Chapattis,350g,£1.30,37.1p/100g,,Food Cupboard
032507,Opies Black Cherries with Kirsch,G,false,2833,https://ecom-su-static-prod.wtrecom.com/images/products/3/LN_032507_BP_3.jpg,https://www.waitrose.com/ecom/products/opies-black-cherries-with-kirsch/032507-15883-15884,Opies Black Cherries with Kirsch,drained 230g,£5.00,£2.18/100g,,Food Cupboard
870382,Waitrose Duchy Organic Blanched Peanuts,G,false,2834,https://ecom-su-static-prod.wtrecom.com/images/products/3/LN_870382_BP_3.jpg,https://www.waitrose.com/ecom/products/waitrose-duchy-organic-blanched-peanuts/870382-755227-755228,Waitrose Duchy Organic Blanched Peanuts,250g,£2.75,£1.10/100g,,Food Cupboard
755077,Cooks' Ingredients 100s & 1000s,G,false,2835,https://ecom-su-static-prod.wtrecom.com/images/products/3/LN_755077_BP_3.jpg,https://www.waitrose.com/ecom/products/cooks-ingredients-100s-1000s/755077-752661-752662,Cooks' Ingredients 100s & 1000s,85g,£1.30,£15.30/kg,,Food Cupboard
008993,Garner's Spiced Pickled Cabbage,G,false,2836,https://ecom-su-static-prod.wtrecom.com/images/products/3/LN_008993_BP_3.jpg,https://www.waitrose.com/ecom/products/garners-spiced-pickled-cabbage/008993-4297-4298,Garner's Spiced Pickled Cabbage,drained 190g,£4.10,£2.16/100g,,Food Cupboard
521516,"Inés Rosales Torta Biscuit, Spain",G,false,2837,https://ecom-su-static-prod.wtrecom.com/images/products/3/LN_521516_BP_3.jpg,https://www.waitrose.com/ecom/products/ines-rosales-torta-biscuit-spain/521516-666668-666669,"Inés Rosales Torta Biscuit, Spain",180g,£3.50,£1.95/100g,,Food Cupboard
890543,Divine Fairtrade 85% Dark Chocolate,G,false,2838,https://ecom-su-static-prod.wtrecom.com/images/products/3/LN_890543_BP_3.jpg,https://www.waitrose.com/ecom/products/divine-fairtrade-85-dark-chocolate/890543-202541-202542,Divine Fairtrade 85% Dark Chocolate,90g,£2.80,£3.12/100g,,Food Cupboard
874214,Eat Real Hummus Chips Sour Cream & Chive,G,false,2839,https://ecom-su-static-prod.wtrecom.com/images/products/3/LN_874214_BP_3.jpg,https://www.waitrose.com/ecom/products/eat-real-hummus-chips-sour-cream-chive/874214-819338-819339,Eat Real Hummus Chips Sour Cream & Chive,110g,£2.10,£1.91/100g,,Food Cupboard
568487,Uni-Eagle Sriracha Mayo Sauce,G,false,2840,https://ecom-su-static-prod.wtrecom.com/images/products/3/LN_568487_BP_3.jpg,https://www.waitrose.com/ecom/products/uni-eagle-sriracha-mayo-sauce/568487-755911-755912,Uni-Eagle Sriracha Mayo Sauce,430ml,£3.50,81.4p/100ml,,Food Cupboard
544005,Waitrose Rogan Josh Paste,G,false,2841,https://ecom-su-static-prod.wtrecom.com/images/products/3/LN_544005_BP_3.jpg,https://www.waitrose.com/ecom/products/waitrose-rogan-josh-paste/544005-766880-766881,Waitrose Rogan Josh Paste,180g,£2.00,£1.12/100g,,Food Cupboard
765356,Heinz No Added Sugar Cream of Tomato Soup,G,true,2842,https://ecom-su-static-prod.wtrecom.com/images/products/3/LN_765356_BP_3.jpg,https://www.waitrose.com/ecom/products/heinz-no-added-sugar-cream-of-tomato-soup/765356-450644-450645,Heinz No Added Sugar Cream of Tomato Soup,400g,£1.75,43.8p/100g,Add 3 for £4.50,Food Cupboard
827031,Belazu Aubergine & Parmesan Pesto,G,false,2843,https://ecom-su-static-prod.wtrecom.com/images/products/3/LN_827031_BP_3.jpg,https://www.waitrose.com/ecom/products/belazu-aubergine-parmesan-pesto/827031-745503-745504,Belazu Aubergine & Parmesan Pesto,165g,£3.35,£2.04/100g,,Food Cupboard
853305,Sharwood's Tikka Masala 30% Less Fat Sauce,G,false,2844,https://ecom-su-static-prod.wtrecom.com/images/products/3/LN_853305_BP_3.jpg,https://www.waitrose.com/ecom/products/sharwoods-tikka-masala-30-less-fat-sauce/853305-703559-703560,Sharwood's Tikka Masala 30% Less Fat Sauce,420g,£2.50,59.5p/100g,,Food Cupboard
068130,Jordans Crunchy Oat Fruit & Nut Granola,G,false,2845,https://ecom-su-static-prod.wtrecom.com/images/products/3/LN_068130_BP_3.jpg,https://www.waitrose.com/ecom/products/jordans-crunchy-oat-fruit-nut-granola/068130-34573-34574,Jordans Crunchy Oat Fruit & Nut Granola,750g,£3.80,50.7p/100g,,Food Cupboard
726360,McVitie's Chocolate Hobnobs,G,false,2846,https://ecom-su-static-prod.wtrecom.com/images/products/3/LN_726360_BP_3.jpg,https://www.waitrose.com/ecom/products/mcvities-chocolate-hobnobs/726360-823068-823069,McVitie's Chocolate Hobnobs,431g,£3.15,73.1p/100g,,Food Cupboard
841909,Ferrero Rocher,G,false,2847,https://ecom-su-static-prod.wtrecom.com/images/products/3/LN_841909_BP_3.jpg,https://www.waitrose.com/ecom/products/ferrero-rocher/841909-804994-804995,Ferrero Rocher,300g,£11.00,£3.67/100g,,Food Cupboard
555439,Tate & Lyle Pectin 3 Sachets,G,false,2848,https://ecom-su-static-prod.wtrecom.com/images/products/3/LN_555439_BP_3.jpg,https://www.waitrose.com/ecom/products/tate-lyle-pectin-3-sachets/555439-78523-78524,Tate & Lyle Pectin 3 Sachets,24g,£2.00,£83.34/kg,,Food Cupboard
602550,NISSIN Soba Yakitori Chicken Bag,G,true,2849,https://ecom-su-static-prod.wtrecom.com/images/products/3/LN_602550_BP_3.jpg,https://www.waitrose.com/ecom/products/nissin-soba-yakitori-chicken-bag/602550-800272-800273,NISSIN Soba Yakitori Chicken Bag,110g,£1.15,£1.05/100g,20% Off. Was £1.49,Food Cupboard
594987,The Spice Tailor Delhi Biryani,G,false,2850,https://ecom-su-static-prod.wtrecom.com/images/products/3/LN_594987_BP_3.jpg,https://www.waitrose.com/ecom/products/the-spice-tailor-delhi-biryani/594987-726825-726826,The Spice Tailor Delhi Biryani,360g,£3.75,£1.05/100g,,Food Cupboard
022405,Elsinore Black Lumpfish Caviar,G,false,2851,https://ecom-su-static-prod.wtrecom.com/images/products/3/LN_022405_BP_3.jpg,https://www.waitrose.com/ecom/products/elsinore-black-lumpfish-caviar/022405-10914-10915,Elsinore Black Lumpfish Caviar,100g,£5.30,£5.30/100g,,Food Cupboard
826549,Nairn's Gluten Free Oaties Choc Chip,G,false,2852,https://ecom-su-static-prod.wtrecom.com/images/products/3/LN_826549_BP_3.jpg,https://www.waitrose.com/ecom/products/nairns-gluten-free-oaties-choc-chip/826549-798786-798787,Nairn's Gluten Free Oaties Choc Chip,160g,£1.50,93.8p/100g,,Food Cupboard
470034,Old El Paso Tomato & Pepper Fajitas,G,false,2853,https://ecom-su-static-prod.wtrecom.com/images/products/3/LN_470034_BP_3.jpg,https://www.waitrose.com/ecom/products/old-el-paso-tomato-pepper-fajitas/470034-66275-66276,Old El Paso Tomato & Pepper Fajitas,500g,£4.00,80p/100g,,Food Cupboard
084436,Waitrose Black Turtle Beans,G,false,2854,https://ecom-su-static-prod.wtrecom.com/images/products/3/LN_084436_BP_3.jpg,https://www.waitrose.com/ecom/products/waitrose-black-turtle-beans/084436-42887-42888,Waitrose Black Turtle Beans,500g,£1.95,£3.90/kg,,Food Cupboard
737592,Freee Gluten Free Rice Flour,G,false,2855,https://ecom-su-static-prod.wtrecom.com/images/products/3/LN_737592_BP_3.jpg,https://www.waitrose.com/ecom/products/freee-gluten-free-rice-flour/737592-104842-104843,Freee Gluten Free Rice Flour,1kg,£2.00,£2/kg,,Food Cupboard
490635,Kenji Sushi Rice,G,false,2856,https://ecom-su-static-prod.wtrecom.com/images/products/3/LN_490635_BP_3.jpg,https://www.waitrose.com/ecom/products/kenji-sushi-rice/490635-766825-766826,Kenji Sushi Rice,250g,£1.95,£7.80/kg,,Food Cupboard
622169,Lindt Swiss Luxury Selection,G,false,2857,https://ecom-su-static-prod.wtrecom.com/images/products/3/LN_622169_BP_3.jpg,https://www.waitrose.com/ecom/products/lindt-swiss-luxury-selection/622169-810072-810073,Lindt Swiss Luxury Selection,193g,£10.25,£5.32/100g,,Food Cupboard
592775,Kingfisher Beansprouts in Water,G,false,2858,https://ecom-su-static-prod.wtrecom.com/images/products/3/LN_592775_BP_3.jpg,https://www.waitrose.com/ecom/products/kingfisher-beansprouts-in-water/592775-215993-215994,Kingfisher Beansprouts in Water,drained 230g,£1.20,£5.22/kg,,Food Cupboard
832208,Waitrose Squeezy Garlic Mayonnaise,G,false,2859,https://ecom-su-static-prod.wtrecom.com/images/products/3/LN_832208_BP_3.jpg,https://www.waitrose.com/ecom/products/waitrose-squeezy-garlic-mayonnaise/832208-826776-826777,Waitrose Squeezy Garlic Mayonnaise,280ml,£1.50,53.6p/100ml,,Food Cupboard
620952,Tabasco Sriracha,G,true,2860,https://ecom-su-static-prod.wtrecom.com/images/products/3/LN_620952_BP_3.jpg,https://www.waitrose.com/ecom/products/tabasco-sriracha/620952-711162-711163,Tabasco Sriracha,256ml,£2.45,95.7p/100ml,25% Off. Was £3.30,Food Cupboard
083382,Waitrose Pickled Onions in Balsamic,G,false,2861,https://ecom-su-static-prod.wtrecom.com/images/products/3/LN_083382_BP_3.jpg,https://www.waitrose.com/ecom/products/waitrose-pickled-onions-in-balsamic/083382-42355-42356,Waitrose Pickled Onions in Balsamic,drained 230g,£2.25,97.8p/100g,,Food Cupboard
429766,Newman's Own Sticky BBQ Marinade,G,false,2862,https://ecom-su-static-prod.wtrecom.com/images/products/3/LN_429766_BP_3.jpg,https://www.waitrose.com/ecom/products/newmans-own-sticky-bbq-marinade/429766-60457-60458,Newman's Own Sticky BBQ Marinade,250ml,£2.50,£1/100ml,,Food Cupboard
712157,Pringles Hot Kickin' Sour Cream,G,false,2863,https://ecom-su-static-prod.wtrecom.com/images/products/3/LN_712157_BP_3.jpg,https://www.waitrose.com/ecom/products/pringles-hot-kickin-sour-cream/712157-820117-820118,Pringles Hot Kickin' Sour Cream,160g,£2.25,£1.41/100g,,Food Cupboard
457431,Cooks' Ingredients Chilli & Garlic Sauce,G,false,2864,https://ecom-su-static-prod.wtrecom.com/images/products/3/LN_457431_BP_3.jpg,https://www.waitrose.com/ecom/products/cooks-ingredients-chilli-garlic-sauce/457431-784716-784717,Cooks' Ingredients Chilli & Garlic Sauce,200g,£3.00,£1.50/100g,,Food Cupboard
834929,Steens Raw Manuka Honey UMF10+,G,false,2865,https://ecom-su-static-prod.wtrecom.com/images/products/3/LN_834929_BP_3.jpg,https://www.waitrose.com/ecom/products/steens-raw-manuka-honey-umf10/834929-731160-731161,Steens Raw Manuka Honey UMF10+,225g,£14.00,£6.23/100g,,Food Cupboard
481578,Cooks' Ingredients Morrocan Almond Extract,G,false,2866,https://ecom-su-static-prod.wtrecom.com/images/products/3/LN_481578_BP_3.jpg,https://www.waitrose.com/ecom/products/cooks-ingredients-morrocan-almond-extract/481578-260742-260743,Cooks' Ingredients Morrocan Almond Extract,38ml,£1.80,47.4p/10ml,,Food Cupboard
671763,Tate & Lyle Fairtrade Dark Soft Brown Sugar,G,false,2867,https://ecom-su-static-prod.wtrecom.com/images/products/3/LN_671763_BP_3.jpg,https://www.waitrose.com/ecom/products/tate-lyle-fairtrade-dark-soft-brown-sugar/671763-518988-518989,Tate & Lyle Fairtrade Dark Soft Brown Sugar,1kg,£2.90,£2.90/kg,,Food Cupboard
388531,Waitrose Orange Blossom Honey,G,false,2868,https://ecom-su-static-prod.wtrecom.com/images/products/3/LN_388531_BP_3.jpg,https://www.waitrose.com/ecom/products/waitrose-orange-blossom-honey/388531-154435-154436,Waitrose Orange Blossom Honey,340g,£4.65,£1.37/100g,,Food Cupboard
874973,Heinz Classic Bacon & Lentil Soup,G,true,2869,https://ecom-su-static-prod.wtrecom.com/images/products/3/LN_874973_BP_3.jpg,https://www.waitrose.com/ecom/products/heinz-classic-bacon-lentil-soup/874973-305923-305924,Heinz Classic Bacon & Lentil Soup,400g,£1.75,43.8p/100g,Add 3 for £4.50,Food Cupboard
457053,Lindt Excellence Caramelised Hazelnut Dark,G,true,2870,https://ecom-su-static-prod.wtrecom.com/images/products/3/LN_457053_BP_3.jpg,https://www.waitrose.com/ecom/products/lindt-excellence-caramelised-hazelnut-dark/457053-804828-804829,Lindt Excellence Caramelised Hazelnut Dark,100g,£2.15,£2.15/100g,save 60p. Was £2.75,Food Cupboard
550895,Mr Organic Tomato & Lentil Soup,G,false,2871,https://ecom-su-static-prod.wtrecom.com/images/products/3/LN_550895_BP_3.jpg,https://www.waitrose.com/ecom/products/mr-organic-tomato-lentil-soup/550895-800184-800185,Mr Organic Tomato & Lentil Soup,400g,£1.95,48.8p/100g,,Food Cupboard
811949,Cooks' Ingredients Cloves,G,true,2872,https://ecom-su-static-prod.wtrecom.com/images/products/3/LN_811949_BP_3.jpg,https://www.waitrose.com/ecom/products/cooks-ingredients-cloves/811949-785162-785163,Cooks' Ingredients Cloves,30g,£1.60,53.3p/10g,Add 2 for £2.75,Food Cupboard
690527,Cooks' Ingredients Meringue Base,G,false,2873,https://ecom-su-static-prod.wtrecom.com/images/products/3/LN_690527_BP_3.jpg,https://www.waitrose.com/ecom/products/cooks-ingredients-meringue-base/690527-98085-98086,Cooks' Ingredients Meringue Base,Each,£2.10,£2.10 each,,Food Cupboard
552864,Charlie Bigham's Proper Puds Sticky Toffee,G,false,2874,https://ecom-su-static-prod.wtrecom.com/images/products/3/LN_552864_BP_3.jpg,https://www.waitrose.com/ecom/products/charlie-bighams-proper-puds-sticky-toffee/552864-719524-719525,Charlie Bigham's Proper Puds Sticky Toffee,436g,£5.00,£1.15/100g,,Food Cupboard
658763,Dolmio Bolognese Smooth Tomato Sauce,G,true,2875,https://ecom-su-static-prod.wtrecom.com/images/products/3/LN_658763_BP_3.jpg,https://www.waitrose.com/ecom/products/dolmio-bolognese-smooth-tomato-sauce/658763-805795-805796,Dolmio Bolognese Smooth Tomato Sauce,450g,£2.65,58.9p/100g,Add 2 for £3.50,Food Cupboard
896009,Oxo Red Wine Stock Pot 4s,G,true,2876,https://ecom-su-static-prod.wtrecom.com/images/products/3/LN_896009_BP_3.jpg,https://www.waitrose.com/ecom/products/oxo-red-wine-stock-pot-4s/896009-805853-805854,Oxo Red Wine Stock Pot 4s,4x20g,£1.50,£1.88/100g,25% Off. Was £2.00,Food Cupboard
874238,Wagamama Katsu Curry Paste,G,true,2877,https://ecom-su-static-prod.wtrecom.com/images/products/3/LN_874238_BP_3.jpg,https://www.waitrose.com/ecom/products/wagamama-katsu-curry-paste/874238-758812-758813,Wagamama Katsu Curry Paste,200g,£1.80,90p/100g,20% Off. Was £2.30,Food Cupboard
640991,Crosta & Mollica Lemon Marmalade,G,false,2878,https://ecom-su-static-prod.wtrecom.com/images/products/3/LN_640991_BP_3.jpg,https://www.waitrose.com/ecom/products/crosta-mollica-lemon-marmalade/640991-801164-801165,Crosta & Mollica Lemon Marmalade,240g,£2.55,£1.07/100g,,Food Cupboard
611387,Hartley's Ready to Eat Jelly Strawberry Flavour,G,false,2879,https://ecom-su-static-prod.wtrecom.com/images/products/3/LN_611387_BP_3.jpg,https://www.waitrose.com/ecom/products/hartleys-ready-to-eat-jelly-strawberry-flavour/611387-824135-824136,Hartley's Ready to Eat Jelly Strawberry Flavour,125g,65p,52p/100g,,Food Cupboard
798963,Belazu Pardina Lentils,G,false,2880,https://ecom-su-static-prod.wtrecom.com/images/products/3/LN_798963_BP_3.jpg,https://www.waitrose.com/ecom/products/belazu-pardina-lentils/798963-819045-819046,Belazu Pardina Lentils,360g,£2.75,£7.64/kg,,Food Cupboard
520323,Cooks' Ingredients Freeze Dried Raspberries,G,false,2881,https://ecom-su-static-prod.wtrecom.com/images/products/3/LN_520323_BP_3.jpg,https://www.waitrose.com/ecom/products/cooks-ingredients-freeze-dried-raspberries/520323-810689-810690,Cooks' Ingredients Freeze Dried Raspberries,10g,£2.00,£200/kg,,Food Cupboard
560654,Tonys Chocolonely Milk Chocolate Chip Cookie,G,false,2882,https://ecom-su-static-prod.wtrecom.com/images/products/3/LN_560654_BP_3.jpg,https://www.waitrose.com/ecom/products/tonys-chocolonely-milk-chocolate-chip-cookie/560654-825832-825833,Tonys Chocolonely Milk Chocolate Chip Cookie,180g,£3.50,£1.95/100g,,Food Cupboard
883338,Whole Earth Smooth Peanut Butter,G,false,2883,https://ecom-su-static-prod.wtrecom.com/images/products/3/LN_883338_BP_3.jpg,https://www.waitrose.com/ecom/products/whole-earth-smooth-peanut-butter/883338-723116-723117,Whole Earth Smooth Peanut Butter,1kg,£7.15,71.5p/100g,,Food Cupboard
837511,Heinz Beef Broth,G,true,2884,https://ecom-su-static-prod.wtrecom.com/images/products/3/LN_837511_BP_3.jpg,https://www.waitrose.com/ecom/products/heinz-beef-broth/837511-727771-727772,Heinz Beef Broth,400g,£1.75,43.8p/100g,Add 3 for £4.50,Food Cupboard
817763,Askeys Crackin Choc Chunk Ice Cream Topping,G,false,2885,https://ecom-su-static-prod.wtrecom.com/images/products/3/LN_817763_BP_3.jpg,https://www.waitrose.com/ecom/products/askeys-crackin-choc-chunk-ice-cream-topping/817763-198090-198091,Askeys Crackin Choc Chunk Ice Cream Topping,225g,£1.80,80p/100g,,Food Cupboard
864548,No.1 Dark Chocolate & Hazelnut Nougat,G,true,2886,https://ecom-su-static-prod.wtrecom.com/images/products/3/LN_864548_BP_3.jpg,https://www.waitrose.com/ecom/products/no1-dark-chocolate-hazelnut-nougat/864548-675258-675259,No.1 Dark Chocolate & Hazelnut Nougat,100g,£1.50,£1.50/100g,Reduced to Clear. Was £3.50,Food Cupboard
849667,Deliciously Ella Vegan Double Chocolate Cup,G,false,2887,https://ecom-su-static-prod.wtrecom.com/images/products/3/LN_849667_BP_3.jpg,https://www.waitrose.com/ecom/products/deliciously-ella-vegan-double-chocolate-cup/849667-702090-702091,Deliciously Ella Vegan Double Chocolate Cup,36g,£1.65,£4.59/100g,,Food Cupboard
511395,Nutella B-Ready,G,false,2888,https://ecom-su-static-prod.wtrecom.com/images/products/3/LN_511395_BP_3.jpg,https://www.waitrose.com/ecom/products/nutella-b-ready/511395-658173-658174,Nutella B-Ready,132g,£2.55,£1.94/100g,,Food Cupboard
833901,Guylian Belgian Chocolates The Original,G,true,2889,https://ecom-su-static-prod.wtrecom.com/images/products/3/LN_833901_BP_3.jpg,https://www.waitrose.com/ecom/products/guylian-belgian-chocolates-the-original/833901-777206-777207,Guylian Belgian Chocolates The Original,500g,£9.00,£1.80/100g,save £2.00. Was £11.00,Food Cupboard
509948,Crosta & Mollica Norma Pasta Sauce,G,false,2890,https://ecom-su-static-prod.wtrecom.com/images/products/3/LN_509948_BP_3.jpg,https://www.waitrose.com/ecom/products/crosta-mollica-norma-pasta-sauce/509948-783216-783217,Crosta & Mollica Norma Pasta Sauce,340g,£3.00,88.2p/100g,,Food Cupboard
769900,Baxters Favourites Highlanders Broth,G,false,2891,https://ecom-su-static-prod.wtrecom.com/images/products/3/LN_769900_BP_3.jpg,https://www.waitrose.com/ecom/products/baxters-favourites-highlanders-broth/769900-371796-371797,Baxters Favourites Highlanders Broth,400g,£2.00,50p/100g,,Food Cupboard
057915,Dolmio Bolognese Original Sauce,G,false,2892,https://ecom-su-static-prod.wtrecom.com/images/products/3/LN_057915_BP_3.jpg,https://www.waitrose.com/ecom/products/dolmio-bolognese-original-sauce/057915-29068-29069,Dolmio Bolognese Original Sauce,675g,£3.15,46.7p/100g,,Food Cupboard
051266,Cooks' Ingredients Wild Mushrooms,G,false,2893,https://ecom-su-static-prod.wtrecom.com/images/products/3/LN_051266_BP_3.jpg,https://www.waitrose.com/ecom/products/cooks-ingredients-wild-mushrooms/051266-25511-25512,Cooks' Ingredients Wild Mushrooms,30g,£3.10,£1.04/10g,,Food Cupboard
892754,Heinz Vegetable Cup Soup,G,true,2894,https://ecom-su-static-prod.wtrecom.com/images/products/3/LN_892754_BP_3.jpg,https://www.waitrose.com/ecom/products/heinz-vegetable-cup-soup/892754-362083-362084,Heinz Vegetable Cup Soup,4x17g,£1.50,£2.21/100g,Add 3 for £4,Food Cupboard
617552,Heinz Bolognese Pasta Sauce,G,false,2895,https://ecom-su-static-prod.wtrecom.com/images/products/3/LN_617552_BP_3.jpg,https://www.waitrose.com/ecom/products/heinz-bolognese-pasta-sauce/617552-802580-802581,Heinz Bolognese Pasta Sauce,490g,£3.00,61.2p/100g,,Food Cupboard
438025,Ritter Sport Praline,G,false,2896,https://ecom-su-static-prod.wtrecom.com/images/products/3/LN_438025_BP_3.jpg,https://www.waitrose.com/ecom/products/ritter-sport-praline/438025-825798-825799,Ritter Sport Praline,100g,£1.30,£1.30/100g,,Food Cupboard
872058,Chloe's Chewy Raisin Nutty Nibbles,G,false,2897,https://ecom-su-static-prod.wtrecom.com/images/products/3/LN_872058_BP_3.jpg,https://www.waitrose.com/ecom/products/chloes-chewy-raisin-nutty-nibbles/872058-492228-492229,Chloe's Chewy Raisin Nutty Nibbles,200g,£2.25,£1.13/100g,,Food Cupboard
614934,Doves Farm Organic Chickpea Flour,G,false,2898,https://ecom-su-static-prod.wtrecom.com/images/products/3/LN_614934_BP_3.jpg,https://www.waitrose.com/ecom/products/doves-farm-organic-chickpea-flour/614934-806382-806383,Doves Farm Organic Chickpea Flour,260g,£2.40,£9.24/kg,,Food Cupboard
001362,Jordans Jumbo Porridge Oats Breakfast Cereal,G,false,2899,https://ecom-su-static-prod.wtrecom.com/images/products/3/LN_001362_BP_3.jpg,https://www.waitrose.com/ecom/products/jordans-jumbo-porridge-oats-breakfast-cereal/001362-246-247,Jordans Jumbo Porridge Oats Breakfast Cereal,750g,£2.65,35.3p/100g,,Food Cupboard
891207,itsu Sesame Glaze Crystal Noodle Cup,G,false,2900,https://ecom-su-static-prod.wtrecom.com/images/products/3/LN_891207_BP_3.jpg,https://www.waitrose.com/ecom/products/itsu-sesame-glaze-crystal-noodle-cup/891207-815037-815038,itsu Sesame Glaze Crystal Noodle Cup,77g,£2.10,£2.73/100g,,Food Cupboard
761285,Thai Taste Pad Thai Kit,G,true,2901,https://ecom-su-static-prod.wtrecom.com/images/products/3/LN_761285_BP_3.jpg,https://www.waitrose.com/ecom/products/thai-taste-pad-thai-kit/761285-140542-140543,Thai Taste Pad Thai Kit,232g,£2.25,97p/100g,20% Off. Was £2.85,Food Cupboard
693435,Elsinore Cockles in Vinegar,G,false,2902,https://ecom-su-static-prod.wtrecom.com/images/products/3/LN_693435_BP_3.jpg,https://www.waitrose.com/ecom/products/elsinore-cockles-in-vinegar/693435-149335-149336,Elsinore Cockles in Vinegar,drained 90g,£2.60,£2.89/100g,,Food Cupboard
678049,Montezuma's Milk Chocolate Giant Buttons,G,false,2903,https://ecom-su-static-prod.wtrecom.com/images/products/3/LN_678049_BP_3.jpg,https://www.waitrose.com/ecom/products/montezumas-milk-chocolate-giant-buttons/678049-485799-485800,Montezuma's Milk Chocolate Giant Buttons,180g,£5.20,£2.89/100g,,Food Cupboard
458335,itsu Miso' Easy Traditional,G,false,2904,https://ecom-su-static-prod.wtrecom.com/images/products/3/LN_458335_BP_3.jpg,https://www.waitrose.com/ecom/products/itsu-miso-easy-traditional/458335-653955-653956,itsu Miso' Easy Traditional,5x21g,£2.10,£2/100g,,Food Cupboard
863974,Duchy Organic Red Lentils,G,false,2905,https://ecom-su-static-prod.wtrecom.com/images/products/3/LN_863974_BP_3.jpg,https://www.waitrose.com/ecom/products/duchy-organic-red-lentils/863974-812621-812622,Duchy Organic Red Lentils,500g,£2.00,40p/100g,,Food Cupboard
414186,Cooks' Ingredients Piri Piri Rub,G,false,2906,https://ecom-su-static-prod.wtrecom.com/images/products/3/LN_414186_BP_3.jpg,https://www.waitrose.com/ecom/products/cooks-ingredients-piri-piri-rub/414186-312257-312258,Cooks' Ingredients Piri Piri Rub,55g,£2.75,50p/10g,,Food Cupboard
899820,Waitrose Rose & Lemon Turkish Delight,G,false,2907,https://ecom-su-static-prod.wtrecom.com/images/products/3/LN_899820_BP_3.jpg,https://www.waitrose.com/ecom/products/waitrose-rose-lemon-turkish-delight/899820-810132-810133,Waitrose Rose & Lemon Turkish Delight,285g,£2.50,87.7p/100g,,Food Cupboard
829999,BEAR Yo Yos Mango,G,false,2908,https://ecom-su-static-prod.wtrecom.com/images/products/3/LN_829999_BP_3.jpg,https://www.waitrose.com/ecom/products/bear-yo-yos-mango/829999-492191-492192,BEAR Yo Yos Mango,9s,£4.90,54.4p each,,Food Cupboard
003445,Nature's Finest Pineapple in Juice,G,true,2909,https://ecom-su-static-prod.wtrecom.com/images/products/3/LN_003445_BP_3.jpg,https://www.waitrose.com/ecom/products/natures-finest-pineapple-in-juice/003445-1365-1366,Nature's Finest Pineapple in Juice,drained 230g,£1.70,£7.40/kg,save 30p. Was £2.00,Food Cupboard
513630,Waitrose Duchy Organic Dried Pitted Dates,G,false,2910,https://ecom-su-static-prod.wtrecom.com/images/products/3/LN_513630_BP_3.jpg,https://www.waitrose.com/ecom/products/waitrose-duchy-organic-dried-pitted-dates/513630-752619-752620,Waitrose Duchy Organic Dried Pitted Dates,250g,£3.50,£1.40/100g,,Food Cupboard
434637,Manomasa Sea Salt & Pink Peppercorn,G,false,2911,https://ecom-su-static-prod.wtrecom.com/images/products/3/LN_434637_BP_3.jpg,https://www.waitrose.com/ecom/products/manomasa-sea-salt-pink-peppercorn/434637-824079-824080,Manomasa Sea Salt & Pink Peppercorn,140g,£2.30,£1.65/100g,,Food Cupboard
417457,Waitrose All Butter Matured Gouda Cheese,G,false,2912,https://ecom-su-static-prod.wtrecom.com/images/products/3/LN_417457_BP_3.jpg,https://www.waitrose.com/ecom/products/waitrose-all-butter-matured-gouda-cheese/417457-753439-753440,Waitrose All Butter Matured Gouda Cheese,80g,£2.50,£3.13/100g,,Food Cupboard
821922,Cooks' Ingredients Massaman Paste,G,false,2913,https://ecom-su-static-prod.wtrecom.com/images/products/3/LN_821922_BP_3.jpg,https://www.waitrose.com/ecom/products/cooks-ingredients-massaman-paste/821922-767187-767188,Cooks' Ingredients Massaman Paste,190g,£2.50,£1.32/100g,,Food Cupboard
743829,Mister Free'd Gluten Free Cheezie Tortilla Chips,G,false,2914,https://ecom-su-static-prod.wtrecom.com/images/products/3/LN_743829_BP_3.jpg,https://www.waitrose.com/ecom/products/mister-freed-gluten-free-cheezie-tortilla-chips/743829-798756-798757,Mister Free'd Gluten Free Cheezie Tortilla Chips,135g,£2.10,£1.56/100g,,Food Cupboard
876595,Cooks' Ingredients Fiery Zhoug Paste,G,false,2915,https://ecom-su-static-prod.wtrecom.com/images/products/3/LN_876595_BP_3.jpg,https://www.waitrose.com/ecom/products/cooks-ingredients-fiery-zhoug-paste/876595-673189-673190,Cooks' Ingredients Fiery Zhoug Paste,95g,£2.00,21.1p/10g,,Food Cupboard
018649,Sacla' Char-Grilled Aubergine Pesto,G,true,2916,https://ecom-su-static-prod.wtrecom.com/images/products/3/LN_018649_BP_3.jpg,https://www.waitrose.com/ecom/products/sacla-char-grilled-aubergine-pesto/018649-9013-9014,Sacla' Char-Grilled Aubergine Pesto,190g,£2.50,£1.32/100g,save £1.00. Was £3.50,Food Cupboard
406523,Lee Kum Kee Kung Pao Chicken,G,true,2917,https://ecom-su-static-prod.wtrecom.com/images/products/3/LN_406523_BP_3.jpg,https://www.waitrose.com/ecom/products/lee-kum-kee-kung-pao-chicken/406523-702411-702412,Lee Kum Kee Kung Pao Chicken,60g,70p,£1.17/100g,25% Off. Was 95p,Food Cupboard
859578,Mug Shot Thai Style Noodles,G,false,2918,https://ecom-su-static-prod.wtrecom.com/images/products/3/LN_859578_BP_3.jpg,https://www.waitrose.com/ecom/products/mug-shot-thai-style-noodles/859578-162245-162246,Mug Shot Thai Style Noodles,55g,£1.00,£1.82/100g,,Food Cupboard
746415,Oxo Chicken Stock Cube 24s,G,false,2919,https://ecom-su-static-prod.wtrecom.com/images/products/3/LN_746415_BP_3.jpg,https://www.waitrose.com/ecom/products/oxo-chicken-stock-cube-24s/746415-812954-812955,Oxo Chicken Stock Cube 24s,142g,£4.00,£2.82/100g,,Food Cupboard
693719,Heinz Spaghetti Hoops 4 pack,G,false,2920,https://ecom-su-static-prod.wtrecom.com/images/products/3/LN_693719_BP_3.jpg,https://www.waitrose.com/ecom/products/heinz-spaghetti-hoops-4-pack/693719-727492-727493,Heinz Spaghetti Hoops 4 pack,4x400g,£3.50,£2.19/kg,,Food Cupboard
836058,The Spice Tailor Indonesian Peanut Satay,G,false,2921,https://ecom-su-static-prod.wtrecom.com/images/products/3/LN_836058_BP_3.jpg,https://www.waitrose.com/ecom/products/the-spice-tailor-indonesian-peanut-satay/836058-813806-813807,The Spice Tailor Indonesian Peanut Satay,275g,£3.75,£1.37/100g,,Food Cupboard
852284,La Española Olive Oil,G,false,2922,https://ecom-su-static-prod.wtrecom.com/images/products/3/LN_852284_BP_3.jpg,https://www.waitrose.com/ecom/products/la-espanola-olive-oil/852284-496734-496735,La Española Olive Oil,500ml,£7.50,£1.50/100ml,,Food Cupboard
550502,Opies Cocktail Cherries,G,false,2923,https://ecom-su-static-prod.wtrecom.com/images/products/3/LN_550502_BP_3.jpg,https://www.waitrose.com/ecom/products/opies-cocktail-cherries/550502-77815-77816,Opies Cocktail Cherries,drained 125g,£2.50,£2/100g,,Food Cupboard
477003,Thai Taste Thai Red Curry Kit,G,true,2924,https://ecom-su-static-prod.wtrecom.com/images/products/3/LN_477003_BP_3.jpg,https://www.waitrose.com/ecom/products/thai-taste-thai-red-curry-kit/477003-140096-140097,Thai Taste Thai Red Curry Kit,233g,£2.25,96.6p/100g,20% Off. Was £2.85,Food Cupboard
006442,Betty Crocker Devil's Food Cake Mix,G,false,2925,https://ecom-su-static-prod.wtrecom.com/images/products/3/LN_006442_BP_3.jpg,https://www.waitrose.com/ecom/products/betty-crocker-devils-food-cake-mix/006442-2875-2876,Betty Crocker Devil's Food Cake Mix,425g,£3.15,£7.42/kg,,Food Cupboard
775245,Booja-Booja The Signature Collection,G,false,2926,https://ecom-su-static-prod.wtrecom.com/images/products/3/LN_775245_BP_3.jpg,https://www.waitrose.com/ecom/products/booja-booja-the-signature-collection/775245-791197-791198,Booja-Booja The Signature Collection,184g,£12.95,£7.04/100g,,Food Cupboard
443869,Fruittella Strawberry Chewy Sweets Stick 41g,G,false,2927,https://ecom-su-static-prod.wtrecom.com/images/products/3/LN_443869_BP_3.jpg,https://www.waitrose.com/ecom/products/fruittella-strawberry-chewy-sweets-stick-41g/443869-62456-62457,Fruittella Strawberry Chewy Sweets Stick 41g,41g,65p,£1.59/100g,,Food Cupboard
873462,itsu soba noodles,G,false,2928,https://ecom-su-static-prod.wtrecom.com/images/products/3/LN_873462_BP_3.jpg,https://www.waitrose.com/ecom/products/itsu-soba-noodles/873462-807641-807642,itsu soba noodles,250g,£1.50,60p/100g,,Food Cupboard
770960,Graze Punchy Protein Nuts,G,true,2929,https://ecom-su-static-prod.wtrecom.com/images/products/3/LN_770960_BP_3.jpg,https://www.waitrose.com/ecom/products/graze-punchy-protein-nuts/770960-459900-459901,Graze Punchy Protein Nuts,38g,£1.25,£3.29/100g,"£5 Food to Go Meal Deal: Add 1 Main, 1 Snack and 1 Drink",Food Cupboard
671363,Cooks' Ingredients Caraway Seeds,G,true,2930,https://ecom-su-static-prod.wtrecom.com/images/products/3/LN_671363_BP_3.jpg,https://www.waitrose.com/ecom/products/cooks-ingredients-caraway-seeds/671363-785022-785023,Cooks' Ingredients Caraway Seeds,40g,£1.60,40p/10g,Add 2 for £2.75,Food Cupboard
519592,Waitrose Acacia Honey,G,false,2931,https://ecom-su-static-prod.wtrecom.com/images/products/3/LN_519592_BP_3.jpg,https://www.waitrose.com/ecom/products/waitrose-acacia-honey/519592-154535-154536,Waitrose Acacia Honey,340g,£4.65,£1.37/100g,,Food Cupboard
048555,Waitrose Pinto Beans,G,false,2932,https://ecom-su-static-prod.wtrecom.com/images/products/3/LN_048555_BP_3.jpg,https://www.waitrose.com/ecom/products/waitrose-pinto-beans/048555-24122-24123,Waitrose Pinto Beans,500g,£1.95,£3.90/kg,,Food Cupboard
877849,Fibre One Triple Choc Cake Bars,G,false,2933,https://ecom-su-static-prod.wtrecom.com/images/products/3/LN_877849_BP_3.jpg,https://www.waitrose.com/ecom/products/fibre-one-triple-choc-cake-bars/877849-684471-684472,Fibre One Triple Choc Cake Bars,4x25g,£1.70,£1.70/100g,,Food Cupboard
607114,Peter's Yard Pink Peppercorn Crackers,G,false,2934,https://ecom-su-static-prod.wtrecom.com/images/products/3/LN_607114_BP_3.jpg,https://www.waitrose.com/ecom/products/peters-yard-pink-peppercorn-crackers/607114-518942-518943,Peter's Yard Pink Peppercorn Crackers,90g,£2.65,£2.95/100g,,Food Cupboard
451776,Rio Mare MSC Tuna in Olive Oil,G,true,2935,https://ecom-su-static-prod.wtrecom.com/images/products/3/LN_451776_BP_3.jpg,https://www.waitrose.com/ecom/products/rio-mare-msc-tuna-in-olive-oil/451776-820576-820577,Rio Mare MSC Tuna in Olive Oil,160g,£2.30,£2.22/100g,save £1.20. Was £3.50,Food Cupboard
499278,Reese's Peanut Butter Cups Minis,G,true,2936,https://ecom-su-static-prod.wtrecom.com/images/products/3/LN_499278_BP_3.jpg,https://www.waitrose.com/ecom/products/reeses-peanut-butter-cups-minis/499278-589137-589138,Reese's Peanut Butter Cups Minis,90g,£1.35,£1.50/100g,save 60p. Was £1.95,Food Cupboard
031005,Splenda Sweet Minis Tablets,G,false,2937,https://ecom-su-static-prod.wtrecom.com/images/products/3/LN_031005_BP_3.jpg,https://www.waitrose.com/ecom/products/splenda-sweet-minis-tablets/031005-15123-15124,Splenda Sweet Minis Tablets,500s,£6.20,1.2p each,,Food Cupboard
009407,Maynards Bassetts Wine Gums Sweets Roll,G,false,2938,https://ecom-su-static-prod.wtrecom.com/images/products/3/LN_009407_BP_3.jpg,https://www.waitrose.com/ecom/products/maynards-bassetts-wine-gums-sweets-roll/009407-4597-4598,Maynards Bassetts Wine Gums Sweets Roll,52g,85p,£1.64/100g,,Food Cupboard
945437,Eat Real 5 Packs Of Lentil Chips Salted,G,false,2939,https://ecom-su-static-prod.wtrecom.com/images/products/3/LN_945437_BP_3.jpg,https://www.waitrose.com/ecom/products/eat-real-5-packs-of-lentil-chips-salted/945437-826814-826815,Eat Real 5 Packs Of Lentil Chips Salted,5x18g,£2.30,£2.56/100g,,Food Cupboard
521393,Freee Organic Gluten Free Porridge Oats,G,false,2940,https://ecom-su-static-prod.wtrecom.com/images/products/3/LN_521393_BP_3.jpg,https://www.waitrose.com/ecom/products/freee-organic-gluten-free-porridge-oats/521393-721999-722000,Freee Organic Gluten Free Porridge Oats,430g,£3.00,69.8p/100g,,Food Cupboard
406963,La Española Olive Oil,G,true,2941,https://ecom-su-static-prod.wtrecom.com/images/products/3/LN_406963_BP_3.jpg,https://www.waitrose.com/ecom/products/la-espanola-olive-oil/406963-805735-805736,La Española Olive Oil,1litre,£11.00,£1.10/100ml,save £2.00. Was £13.00,Food Cupboard
031601,Dr. Karg Classic 3-Seed Organic Crispbread,G,false,2942,https://ecom-su-static-prod.wtrecom.com/images/products/3/LN_031601_BP_3.jpg,https://www.waitrose.com/ecom/products/dr-karg-classic-3-seed-organic-crispbread/031601-15393-15394,Dr. Karg Classic 3-Seed Organic Crispbread,200g,£2.75,£1.38/100g,,Food Cupboard
838808,Tilda Kids Vegetable & Wholegrain Rice,G,false,2943,https://ecom-su-static-prod.wtrecom.com/images/products/3/LN_838808_BP_3.jpg,https://www.waitrose.com/ecom/products/tilda-kids-vegetable-wholegrain-rice/838808-187547-187548,Tilda Kids Vegetable & Wholegrain Rice,125g,£1.30,£10.40/kg,,Food Cupboard
731883,Spoon Peanut Butter Granola,G,true,2944,https://ecom-su-static-prod.wtrecom.com/images/products/3/LN_731883_BP_3.jpg,https://www.waitrose.com/ecom/products/spoon-peanut-butter-granola/731883-823356-823357,Spoon Peanut Butter Granola,400g,£3.35,83.8p/100g,25% Off. Was £4.50,Food Cupboard
803748,Ritter Sport Honey Salt Almonds,G,false,2945,https://ecom-su-static-prod.wtrecom.com/images/products/3/LN_803748_BP_3.jpg,https://www.waitrose.com/ecom/products/ritter-sport-honey-salt-almonds/803748-589531-589532,Ritter Sport Honey Salt Almonds,100g,£1.85,£1.85/100g,,Food Cupboard
666878,Walkers Monster Munch Crisps Variety Multipack Snacks,G,false,2946,https://ecom-su-static-prod.wtrecom.com/images/products/3/LN_666878_BP_3.jpg,https://www.waitrose.com/ecom/products/walkers-monster-munch-crisps-variety-multipack-snacks/666878-821466-719650,Walkers Monster Munch Crisps Variety Multipack Snacks,12x20g,£3.00,£1.25/100g,,Food Cupboard
858661,Maille Honey Mustard,G,false,2947,https://ecom-su-static-prod.wtrecom.com/images/products/3/LN_858661_BP_3.jpg,https://www.waitrose.com/ecom/products/maille-honey-mustard/858661-804540-804541,Maille Honey Mustard,230g,£3.00,£1.31/100g,,Food Cupboard
848996,Waitrose Sponge Flour,G,false,2948,https://ecom-su-static-prod.wtrecom.com/images/products/3/LN_848996_BP_3.jpg,https://www.waitrose.com/ecom/products/waitrose-sponge-flour/848996-260984-260985,Waitrose Sponge Flour,1kg,£1.65,£1.65/kg,,Food Cupboard
819254,Cooks' Ingredients Sweet Pastry Tartlet Cases,G,false,2949,https://ecom-su-static-prod.wtrecom.com/images/products/3/LN_819254_BP_3.jpg,https://www.waitrose.com/ecom/products/cooks-ingredients-sweet-pastry-tartlet-cases/819254-756450-756451,Cooks' Ingredients Sweet Pastry Tartlet Cases,117g,£3.00,£2.57/100g,,Food Cupboard
428579,Waitrose Firecracker Stir Fry Sauce,G,false,2950,https://ecom-su-static-prod.wtrecom.com/images/products/3/LN_428579_BP_3.jpg,https://www.waitrose.com/ecom/products/waitrose-firecracker-stir-fry-sauce/428579-766755-766756,Waitrose Firecracker Stir Fry Sauce,120g,75p,62.5p/100g,,Food Cupboard
595852,Island Bakery Cheese Biscuits Traditional Cheddar,G,false,2951,https://ecom-su-static-prod.wtrecom.com/images/products/3/LN_595852_BP_3.jpg,https://www.waitrose.com/ecom/products/island-bakery-cheese-biscuits-traditional-cheddar/595852-824129-824130,Island Bakery Cheese Biscuits Traditional Cheddar,100g,£3.50,£3.50/100g,,Food Cupboard
009319,Cadbury Dairy Milk Chocolate Bar single,G,true,2952,https://ecom-su-static-prod.wtrecom.com/images/products/3/LN_009319_BP_3.jpg,https://www.waitrose.com/ecom/products/cadbury-dairy-milk-chocolate-bar-single/009319-4520-4521,Cadbury Dairy Milk Chocolate Bar single,45g,85p,£1.89/100g,"£5 Food to Go Meal Deal: Add 1 Main, 1 Snack and 1 Drink",Food Cupboard
871889,I Love Snacks Gently Dehydrated Mango,G,true,2953,https://ecom-su-static-prod.wtrecom.com/images/products/3/LN_871889_BP_3.jpg,https://www.waitrose.com/ecom/products/i-love-snacks-gently-dehydrated-mango/871889-693358-693359,I Love Snacks Gently Dehydrated Mango,25g,£1.10,£4.40/100g,"£5 Food to Go Meal Deal: Add 1 Main, 1 Snack and 1 Drink",Food Cupboard
639929,Leckford Estate Rapeseed Oil,G,true,2954,https://ecom-su-static-prod.wtrecom.com/images/products/3/LN_639929_BP_3.jpg,https://www.waitrose.com/ecom/products/leckford-estate-rapeseed-oil/639929-381244-381245,Leckford Estate Rapeseed Oil,250ml,£2.55,£1.02/100ml,save 95p. Was £3.50,Food Cupboard
895120,Crosta & Mollica Fiorelli Pasta,G,false,2955,https://ecom-su-static-prod.wtrecom.com/images/products/3/LN_895120_BP_3.jpg,https://www.waitrose.com/ecom/products/crosta-mollica-fiorelli-pasta/895120-785300-785301,Crosta & Mollica Fiorelli Pasta,500g,£3.00,£6/kg,,Food Cupboard
441119,Waitrose Dried Mango,G,false,2956,https://ecom-su-static-prod.wtrecom.com/images/products/3/LN_441119_BP_3.jpg,https://www.waitrose.com/ecom/products/waitrose-dried-mango/441119-818295-818296,Waitrose Dried Mango,35g,£1.00,£28.58/kg,,Food Cupboard
098800,Cooks' Ingredients Salted Capers,G,false,2957,https://ecom-su-static-prod.wtrecom.com/images/products/3/LN_098800_BP_3.jpg,https://www.waitrose.com/ecom/products/cooks-ingredients-salted-capers/098800-50377-50378,Cooks' Ingredients Salted Capers,100g,£2.65,26.5p/10g,,Food Cupboard
851394,Gran Luchito Chilli Chipotle Paste,G,true,2958,https://ecom-su-static-prod.wtrecom.com/images/products/3/LN_851394_BP_3.jpg,https://www.waitrose.com/ecom/products/gran-luchito-chilli-chipotle-paste/851394-600966-600967,Gran Luchito Chilli Chipotle Paste,100g,£3.15,£3.15/100g,20% Off. Was £3.95,Food Cupboard
821942,Pure Via Stevia Leaf Sweet Granules,G,false,2959,https://ecom-su-static-prod.wtrecom.com/images/products/3/LN_821942_BP_3.jpg,https://www.waitrose.com/ecom/products/pure-via-stevia-leaf-sweet-granules/821942-593919-593920,Pure Via Stevia Leaf Sweet Granules,250g,£4.85,£1.94/100g,,Food Cupboard
009368,Rowntree's Fruit Pastilles Sweets Tube,G,false,2960,https://ecom-su-static-prod.wtrecom.com/images/products/3/LN_009368_BP_3.jpg,https://www.waitrose.com/ecom/products/rowntrees-fruit-pastilles-sweets-tube/009368-4568-4569,Rowntree's Fruit Pastilles Sweets Tube,48g,85p,£1.78/100g,,Food Cupboard
744214,Heinz Tomato & Chilli Pasta Sauce,G,true,2961,https://ecom-su-static-prod.wtrecom.com/images/products/3/LN_744214_BP_3.jpg,https://www.waitrose.com/ecom/products/heinz-tomato-chilli-pasta-sauce/744214-802610-802611,Heinz Tomato & Chilli Pasta Sauce,350g,£1.50,42.9p/100g,save £1.00. Was £2.50,Food Cupboard
897952,Lindt Lindor Salted Caramel,G,false,2962,https://ecom-su-static-prod.wtrecom.com/images/products/3/LN_897952_BP_3.jpg,https://www.waitrose.com/ecom/products/lindt-lindor-salted-caramel/897952-744769-744770,Lindt Lindor Salted Caramel,38g,£1.00,£2.64/100g,,Food Cupboard
587284,Nishaan 4 Plain Parathas,G,false,2963,https://ecom-su-static-prod.wtrecom.com/images/products/3/LN_587284_BP_3.jpg,https://www.waitrose.com/ecom/products/nishaan-4-plain-parathas/587284-83243-83244,Nishaan 4 Plain Parathas,380g,£1.40,36.8p/100g,,Food Cupboard
756633,Heinz Seriously Good Truffle Mayonnaise,G,false,2964,https://ecom-su-static-prod.wtrecom.com/images/products/3/LN_756633_BP_3.jpg,https://www.waitrose.com/ecom/products/heinz-seriously-good-truffle-mayonnaise/756633-743949-743950,Heinz Seriously Good Truffle Mayonnaise,213g,£2.30,£1.08/100g,,Food Cupboard
444180,Ortiz Yellowfin Tuna in Olive Oil,G,false,2965,https://ecom-su-static-prod.wtrecom.com/images/products/3/LN_444180_BP_3.jpg,https://www.waitrose.com/ecom/products/ortiz-yellowfin-tuna-in-olive-oil/444180-793080-793081,Ortiz Yellowfin Tuna in Olive Oil,3x92g,£8.25,£2.99/100g,,Food Cupboard
488556,Waitrose Swiss Style Berry Muesli,G,false,2966,https://ecom-su-static-prod.wtrecom.com/images/products/3/LN_488556_BP_3.jpg,https://www.waitrose.com/ecom/products/waitrose-swiss-style-berry-muesli/488556-136313-136314,Waitrose Swiss Style Berry Muesli,750g,£3.50,46.7p/100g,,Food Cupboard
886425,Ainsley Harriott Cream of Wild Mushroom Soup,G,false,2967,https://ecom-su-static-prod.wtrecom.com/images/products/3/LN_886425_BP_3.jpg,https://www.waitrose.com/ecom/products/ainsley-harriott-cream-of-wild-mushroom-soup/886425-450847-450848,Ainsley Harriott Cream of Wild Mushroom Soup,75g,£1.35,£1.80/100g,,Food Cupboard
800009,Bonne Maman Mirabelle Plum Conserve,G,false,2968,https://ecom-su-static-prod.wtrecom.com/images/products/3/LN_800009_BP_3.jpg,https://www.waitrose.com/ecom/products/bonne-maman-mirabelle-plum-conserve/800009-593897-593898,Bonne Maman Mirabelle Plum Conserve,370g,£3.60,97.3p/100g,,Food Cupboard
895666,Deliciously Ella Lightly Salted Cracker Thins,G,true,2969,https://ecom-su-static-prod.wtrecom.com/images/products/3/LN_895666_BP_3.jpg,https://www.waitrose.com/ecom/products/deliciously-ella-lightly-salted-cracker-thins/895666-819426-819427,Deliciously Ella Lightly Salted Cracker Thins,100g,£2.00,£2/100g,save 50p. Was £2.50,Food Cupboard
659228,TREK Power Lotus Biscoff Protein Bars Multipack,G,true,2970,https://ecom-su-static-prod.wtrecom.com/images/products/3/LN_659228_BP_3.jpg,https://www.waitrose.com/ecom/products/trek-power-lotus-biscoff-protein-bars-multipack/659228-824149-824150,TREK Power Lotus Biscoff Protein Bars Multipack,3x44g,£3.75,£2.85/100g,save £1.00. Was £4.75,Food Cupboard
711310,Bio & Me Super Berry Granola,G,false,2971,https://ecom-su-static-prod.wtrecom.com/images/products/3/LN_711310_BP_3.jpg,https://www.waitrose.com/ecom/products/bio-me-super-berry-granola/711310-790511-790512,Bio & Me Super Berry Granola,360g,£4.15,£1.16/100g,,Food Cupboard
658971,Citizens of Soil Extra Virgin Olive Oil Refill,G,false,2972,https://ecom-su-static-prod.wtrecom.com/images/products/3/LN_658971_BP_3.jpg,https://www.waitrose.com/ecom/products/citizens-of-soil-extra-virgin-olive-oil-refill/658971-805797-805798,Citizens of Soil Extra Virgin Olive Oil Refill,500ml,£17.00,£3.40/100ml,,Food Cupboard
490019,Kallo Veggie Thins Beetroot & Three Seeds,G,true,2973,https://ecom-su-static-prod.wtrecom.com/images/products/3/LN_490019_BP_3.jpg,https://www.waitrose.com/ecom/products/kallo-veggie-thins-beetroot-three-seeds/490019-813642-813643,Kallo Veggie Thins Beetroot & Three Seeds,100g,£2.00,£2/100g,save £1.00. Was £3.00,Food Cupboard
842911,Ottolenghi Aleppo & Other Chilli's,G,false,2974,https://ecom-su-static-prod.wtrecom.com/images/products/3/LN_842911_BP_3.jpg,https://www.waitrose.com/ecom/products/ottolenghi-aleppo-other-chillis/842911-824928-824929,Ottolenghi Aleppo & Other Chilli's,40g,£3.95,98.8p/10g,,Food Cupboard
019735,Smash The Original Instant Mashed Potato,G,false,2975,https://ecom-su-static-prod.wtrecom.com/images/products/3/LN_019735_BP_3.jpg,https://www.waitrose.com/ecom/products/smash-the-original-instant-mashed-potato/019735-9609-9610,Smash The Original Instant Mashed Potato,360g,£3.80,£10.56/kg,,Food Cupboard
813651,Heinz Weight Watchers Chicken Soup,G,true,2976,https://ecom-su-static-prod.wtrecom.com/images/products/3/LN_813651_BP_3.jpg,https://www.waitrose.com/ecom/products/heinz-weight-watchers-chicken-soup/813651-727713-727714,Heinz Weight Watchers Chicken Soup,295g,£1.30,44.1p/100g,Add 3 for £3.50,Food Cupboard
422354,John West On The Go Indian Super Tuna Salad,G,false,2977,https://ecom-su-static-prod.wtrecom.com/images/products/3/LN_422354_BP_3.jpg,https://www.waitrose.com/ecom/products/john-west-on-the-go-indian-super-tuna-salad/422354-758420-758421,John West On The Go Indian Super Tuna Salad,220g,£2.75,£1.25/100g,,Food Cupboard
099064,Kettle Chips Lightly Salted,G,true,2978,https://ecom-su-static-prod.wtrecom.com/images/products/3/LN_099064_BP_3.jpg,https://www.waitrose.com/ecom/products/kettle-chips-lightly-salted/099064-50499-50500,Kettle Chips Lightly Salted,40g,£1.15,£2.88/100g,"£5 Food to Go Meal Deal: Add 1 Main, 1 Snack and 1 Drink",Food Cupboard
768789,Gordon Rhodes Gluten Free Sage & Onion Stuffing,G,false,2979,https://ecom-su-static-prod.wtrecom.com/images/products/3/LN_768789_BP_3.jpg,https://www.waitrose.com/ecom/products/gordon-rhodes-gluten-free-sage-onion-stuffing/768789-450648-450649,Gordon Rhodes Gluten Free Sage & Onion Stuffing,125g,£2.95,£23.60/kg,,Food Cupboard
430309,Haribo Giant Strawbs Sweets,G,true,2980,https://ecom-su-static-prod.wtrecom.com/images/products/3/LN_430309_BP_3.jpg,https://www.waitrose.com/ecom/products/haribo-giant-strawbs-sweets/430309-825796-825797,Haribo Giant Strawbs Sweets,175g,£1.25,71.4p/100g,save 25p. Was £1.50,Food Cupboard
661626,Eat Natural Energy Peanut Almond Cocoa Bars,G,true,2981,https://ecom-su-static-prod.wtrecom.com/images/products/3/LN_661626_BP_3.jpg,https://www.waitrose.com/ecom/products/eat-natural-energy-peanut-almond-cocoa-bars/661626-806685-806686,Eat Natural Energy Peanut Almond Cocoa Bars,3x40g,£2.00,£1.67/100g,Save 75p. Was £2.75,Food Cupboard
407129,Walkers Quavers Crisps Cheese Snacks Grab Bag,G,true,2982,https://ecom-su-static-prod.wtrecom.com/images/products/3/LN_407129_BP_3.jpg,https://www.waitrose.com/ecom/products/walkers-quavers-crisps-cheese-snacks-grab-bag/407129-719349-719350,Walkers Quavers Crisps Cheese Snacks Grab Bag,34g,£1.00,£2.95/100g,"£5 Food to Go Meal Deal: Add 1 Main, 1 Snack and 1 Drink",Food Cupboard
020529,Princes Fruit Filling Black Cherry,G,false,2983,https://ecom-su-static-prod.wtrecom.com/images/products/3/LN_020529_BP_3.jpg,https://www.waitrose.com/ecom/products/princes-fruit-filling-black-cherry/020529-10001-10002,Princes Fruit Filling Black Cherry,410g,£1.90,46.3p/100g,,Food Cupboard
822034,Baxters Kimchi,G,true,2984,https://ecom-su-static-prod.wtrecom.com/images/products/3/LN_822034_BP_3.jpg,https://www.waitrose.com/ecom/products/baxters-kimchi/822034-805827-805828,Baxters Kimchi,300g,£2.95,98.3p/100g,20% Off. Was £3.70,Food Cupboard
085696,Filippo Berio Olive Oil Extra Virgin,G,false,2985,https://ecom-su-static-prod.wtrecom.com/images/products/3/LN_085696_BP_3.jpg,https://www.waitrose.com/ecom/products/filippo-berio-olive-oil-extra-virgin/085696-43717-43718,Filippo Berio Olive Oil Extra Virgin,1.5litre,£22.65,£1.51/100ml,,Food Cupboard
488555,Amoy Chow Mein Stir Fry Sauce,G,false,2986,https://ecom-su-static-prod.wtrecom.com/images/products/3/LN_488555_BP_3.jpg,https://www.waitrose.com/ecom/products/amoy-chow-mein-stir-fry-sauce/488555-69017-69018,Amoy Chow Mein Stir Fry Sauce,120g,£1.05,87.5p/100g,,Food Cupboard
091855,Baxters Chef Selections Cullen Skink,G,false,2987,https://ecom-su-static-prod.wtrecom.com/images/products/3/LN_091855_BP_3.jpg,https://www.waitrose.com/ecom/products/baxters-chef-selections-cullen-skink/091855-47302-47303,Baxters Chef Selections Cullen Skink,400g,£3.90,97.5p/100g,,Food Cupboard
803296,NISSIN Soba Bag Chilli,G,true,2988,https://ecom-su-static-prod.wtrecom.com/images/products/3/LN_803296_BP_3.jpg,https://www.waitrose.com/ecom/products/nissin-soba-bag-chilli/803296-800626-800627,NISSIN Soba Bag Chilli,111g,£1.15,£1.04/100g,20% Off. Was £1.49,Food Cupboard
588823,Go Ahead Fruit Slices Raspberry,G,false,2989,https://ecom-su-static-prod.wtrecom.com/images/products/3/LN_588823_BP_3.jpg,https://www.waitrose.com/ecom/products/go-ahead-fruit-slices-raspberry/588823-824127-824128,Go Ahead Fruit Slices Raspberry,4x44g,£1.75,99.4p/100g,,Food Cupboard
873082,Mr Organic Spicy Mixed Bean Soup,G,false,2990,https://ecom-su-static-prod.wtrecom.com/images/products/3/LN_873082_BP_3.jpg,https://www.waitrose.com/ecom/products/mr-organic-spicy-mixed-bean-soup/873082-800840-800841,Mr Organic Spicy Mixed Bean Soup,400g,£1.95,48.8p/100g,,Food Cupboard
433599,Dolmio Stir in Pasta Sauce Carbonara,G,true,2991,https://ecom-su-static-prod.wtrecom.com/images/products/3/LN_433599_BP_3.jpg,https://www.waitrose.com/ecom/products/dolmio-stir-in-pasta-sauce-carbonara/433599-805741-805742,Dolmio Stir in Pasta Sauce Carbonara,150g,£2.30,£1.54/100g,Add 2 for £3.50,Food Cupboard
008627,Waitrose Dark Brown Muscovado Sugar,G,false,2992,https://ecom-su-static-prod.wtrecom.com/images/products/3/LN_008627_BP_3.jpg,https://www.waitrose.com/ecom/products/waitrose-dark-brown-muscovado-sugar/008627-581109-4114,Waitrose Dark Brown Muscovado Sugar,1kg,£3.50,£3.50/kg,,Food Cupboard
034188,Waitrose Grapeseed Oil,G,false,2993,https://ecom-su-static-prod.wtrecom.com/images/products/3/LN_034188_BP_3.jpg,https://www.waitrose.com/ecom/products/waitrose-grapeseed-oil/034188-17125-17126,Waitrose Grapeseed Oil,500ml,£4.10,82p/100ml,,Food Cupboard
493268,Cooks' Ingredients Soffritto,G,false,2994,https://ecom-su-static-prod.wtrecom.com/images/products/3/LN_493268_BP_3.jpg,https://www.waitrose.com/ecom/products/cooks-ingredients-soffritto/493268-312281-312282,Cooks' Ingredients Soffritto,200g,£1.60,£8/kg,,Food Cupboard
022528,John West Pink Salmon,G,false,2995,https://ecom-su-static-prod.wtrecom.com/images/products/3/LN_022528_BP_3.jpg,https://www.waitrose.com/ecom/products/john-west-pink-salmon/022528-10993-10994,John West Pink Salmon,213g,£3.15,£1.48/100g,,Food Cupboard
047873,Waitrose Balsamic Vinegar of Modena,G,false,2996,https://ecom-su-static-prod.wtrecom.com/images/products/3/LN_047873_BP_3.jpg,https://www.waitrose.com/ecom/products/waitrose-balsamic-vinegar-of-modena/047873-23707-23708,Waitrose Balsamic Vinegar of Modena,500ml,£10.50,£2.10/100ml,,Food Cupboard
619898,Loacker Chocolate,G,false,2997,https://ecom-su-static-prod.wtrecom.com/images/products/3/LN_619898_BP_3.jpg,https://www.waitrose.com/ecom/products/loacker-chocolate/619898-381210-381211,Loacker Chocolate,90g,£1.20,£1.34/100g,,Food Cupboard
650826,Pipers Kirkby Malham Chorizo,G,false,2998,https://ecom-su-static-prod.wtrecom.com/images/products/3/LN_650826_BP_3.jpg,https://www.waitrose.com/ecom/products/pipers-kirkby-malham-chorizo/650826-803663-803664,Pipers Kirkby Malham Chorizo,150g,£3.00,£2/100g,,Food Cupboard
732341,Eat Natural Protein Chocolate Orange,G,false,2999,https://ecom-su-static-prod.wtrecom.com/images/products/3/LN_732341_BP_3.jpg,https://www.waitrose.com/ecom/products/eat-natural-protein-chocolate-orange/732341-808090-808091,Eat Natural Protein Chocolate Orange,3x40g,£2.50,£2.09/100g,,Food Cupboard
505579,Mug Shot Tomato & Herb Pasta,G,false,3000,https://ecom-su-static-prod.wtrecom.com/images/products/3/LN_505579_BP_3.jpg,https://www.waitrose.com/ecom/products/mug-shot-tomato-herb-pasta/505579-162155-162156,Mug Shot Tomato & Herb Pasta,64g,£1.00,£1.57/100g,,Food Cupboard
464310,Fulfil Chocolate Peanut Butter Bar,G,true,3001,https://ecom-su-static-prod.wtrecom.com/images/products/3/LN_464310_BP_3.jpg,https://www.waitrose.com/ecom/products/fulfil-chocolate-peanut-butter-bar/464310-801772-801773,Fulfil Chocolate Peanut Butter Bar,40g,£2.45,£6.13/100g,"£5 Food to Go Meal Deal: Add 1 Main, 1 Snack and 1 Drink",Food Cupboard
802771,Hula Hoops Puft Salted,G,true,3002,https://ecom-su-static-prod.wtrecom.com/images/products/3/LN_802771_BP_3.jpg,https://www.waitrose.com/ecom/products/hula-hoops-puft-salted/802771-405422-405423,Hula Hoops Puft Salted,6x15g,£1.75,£1.95/100g,save 60p. Was £2.35,Food Cupboard
613797,Stute No Sugar Added Blackcurrant Extra Jam,G,true,3003,https://ecom-su-static-prod.wtrecom.com/images/products/3/LN_613797_BP_3.jpg,https://www.waitrose.com/ecom/products/stute-no-sugar-added-blackcurrant-extra-jam/613797-275935-275936,Stute No Sugar Added Blackcurrant Extra Jam,430g,£2.20,51.2p/100g,save 60p. Was £2.80,Food Cupboard
891098,Butterkist Salted Microwave Popcorn,G,true,3004,https://ecom-su-static-prod.wtrecom.com/images/products/3/LN_891098_BP_3.jpg,https://www.waitrose.com/ecom/products/butterkist-salted-microwave-popcorn/891098-427071-427072,Butterkist Salted Microwave Popcorn,3x60g,£1.80,£1/100g,save 85p. Was £2.65,Food Cupboard
769068,belVita Soft Bakes Breakfast Strawberry Filled,G,true,3005,https://ecom-su-static-prod.wtrecom.com/images/products/3/LN_769068_BP_3.jpg,https://www.waitrose.com/ecom/products/belvita-soft-bakes-breakfast-strawberry-filled/769068-808098-808099,belVita Soft Bakes Breakfast Strawberry Filled,5x50g,£1.75,70p/100g,Save £1.25. Was £3.00,Food Cupboard
647745,Lindt Classic Recipe Caramel Sea Salt,G,false,3006,https://ecom-su-static-prod.wtrecom.com/images/products/3/LN_647745_BP_3.jpg,https://www.waitrose.com/ecom/products/lindt-classic-recipe-caramel-sea-salt/647745-804900-804901,Lindt Classic Recipe Caramel Sea Salt,100g,£2.10,£2.10/100g,,Food Cupboard
522244,Dr. Oetker Milk Chocolate Chunk,G,false,3007,https://ecom-su-static-prod.wtrecom.com/images/products/3/LN_522244_BP_3.jpg,https://www.waitrose.com/ecom/products/dr-oetker-milk-chocolate-chunk/522244-795076-795077,Dr. Oetker Milk Chocolate Chunk,100g,£1.95,£1.95/100g,,Food Cupboard
825815,Blue Dragon Rich Hoisin Sauce,G,false,3008,https://ecom-su-static-prod.wtrecom.com/images/products/3/LN_825815_BP_3.jpg,https://www.waitrose.com/ecom/products/blue-dragon-rich-hoisin-sauce/825815-368334-368335,Blue Dragon Rich Hoisin Sauce,190ml,£2.00,£1.06/100ml,,Food Cupboard
609605,Old El Paso Nachos Kit,G,true,3009,https://ecom-su-static-prod.wtrecom.com/images/products/3/LN_609605_BP_3.jpg,https://www.waitrose.com/ecom/products/old-el-paso-nachos-kit/609605-86470-86471,Old El Paso Nachos Kit,505g,£3.00,59.4p/100g,save £1.00. Was £4.00,Food Cupboard
463524,Groovy Food Organic Oil Cooking Spray,G,false,3010,https://ecom-su-static-prod.wtrecom.com/images/products/3/LN_463524_BP_3.jpg,https://www.waitrose.com/ecom/products/groovy-food-organic-oil-cooking-spray/463524-744933-744934,Groovy Food Organic Oil Cooking Spray,190ml,£2.40,£1.27/100ml,,Food Cupboard
404683,Cooks' Ingredients Bouquet Garni,G,false,3011,https://ecom-su-static-prod.wtrecom.com/images/products/3/LN_404683_BP_3.jpg,https://www.waitrose.com/ecom/products/cooks-ingredients-bouquet-garni/404683-784776-784777,Cooks' Ingredients Bouquet Garni,5g,£1.60,£3.20/10g,,Food Cupboard
426157,Belvita Soft Bakes Choco Hazelnut,G,true,3012,https://ecom-su-static-prod.wtrecom.com/images/products/3/LN_426157_BP_3.jpg,https://www.waitrose.com/ecom/products/belvita-soft-bakes-choco-hazelnut/426157-824077-824078,Belvita Soft Bakes Choco Hazelnut,5x50g,£1.75,70p/100g,Save £1.25. Was £3.00,Food Cupboard
745698,Lindt Choco Wafer Milk Choc & Hazelnut,G,false,3013,https://ecom-su-static-prod.wtrecom.com/images/products/3/LN_745698_BP_3.jpg,https://www.waitrose.com/ecom/products/lindt-choco-wafer-milk-choc-hazelnut/745698-810088-810089,Lindt Choco Wafer Milk Choc & Hazelnut,30g,£1.00,£3.34/100g,,Food Cupboard
760261,John West On The Go Harissa Spiced Super Tuna,G,false,3014,https://ecom-su-static-prod.wtrecom.com/images/products/3/LN_760261_BP_3.jpg,https://www.waitrose.com/ecom/products/john-west-on-the-go-harissa-spiced-super-tuna/760261-758666-758667,John West On The Go Harissa Spiced Super Tuna,220g,£2.85,£1.30/100g,,Food Cupboard
728578,The Bay Tree Hot Horseradish,G,false,3015,https://ecom-su-static-prod.wtrecom.com/images/products/3/LN_728578_BP_3.jpg,https://www.waitrose.com/ecom/products/the-bay-tree-hot-horseradish/728578-506272-506273,The Bay Tree Hot Horseradish,175g,£3.25,£1.86/100g,,Food Cupboard
841996,The Spice Tailor Mangalore,G,true,3016,https://ecom-su-static-prod.wtrecom.com/images/products/3/LN_841996_BP_3.jpg,https://www.waitrose.com/ecom/products/the-spice-tailor-mangalore/841996-690604-690605,The Spice Tailor Mangalore,300g,£3.75,£1.25/100g,Add 2 for £5,Food Cupboard
597188,Plants By Deliciously Ella Sweet Red Pepper Pasta Sauce,G,true,3017,https://ecom-su-static-prod.wtrecom.com/images/products/3/LN_597188_BP_3.jpg,https://www.waitrose.com/ecom/products/plants-by-deliciously-ella-sweet-red-pepper-pasta-sauce/597188-802572-802573,Plants By Deliciously Ella Sweet Red Pepper Pasta Sauce,180g,£2.40,£1.34/100g,20% Off. Was £3.00,Food Cupboard
879362,Ainsley Harriott Szechuan Hot & Sour Cup Soup,G,false,3018,https://ecom-su-static-prod.wtrecom.com/images/products/3/LN_879362_BP_3.jpg,https://www.waitrose.com/ecom/products/ainsley-harriott-szechuan-hot-sour-cup-soup/879362-450835-450836,Ainsley Harriott Szechuan Hot & Sour Cup Soup,60g,£1.35,£2.25/100g,,Food Cupboard
821683,Kabuto Noodles Katsu Curry,G,true,3019,https://ecom-su-static-prod.wtrecom.com/images/products/3/LN_821683_BP_3.jpg,https://www.waitrose.com/ecom/products/kabuto-noodles-katsu-curry/821683-781167-781168,Kabuto Noodles Katsu Curry,65g,£1.30,£2/100g,save 45p. Was £1.75,Food Cupboard
512036,Kellogg's Crunchy Nut Fruit & Nut Granola Breakfast Cereal,G,false,3020,https://ecom-su-static-prod.wtrecom.com/images/products/3/LN_512036_BP_3.jpg,https://www.waitrose.com/ecom/products/kelloggs-crunchy-nut-fruit-nut-granola-breakfast-cereal/512036-722830-722831,Kellogg's Crunchy Nut Fruit & Nut Granola Breakfast Cereal,380g,£3.45,90.8p/100g,,Food Cupboard
751132,Cooks' Ingredients Sour Cherries,G,false,3021,https://ecom-su-static-prod.wtrecom.com/images/products/3/LN_751132_BP_3.jpg,https://www.waitrose.com/ecom/products/cooks-ingredients-sour-cherries/751132-756081-756082,Cooks' Ingredients Sour Cherries,75g,£3.00,40p/10g,,Food Cupboard
624604,Kallo Thai Curry Veggie Cakes,G,true,3022,https://ecom-su-static-prod.wtrecom.com/images/products/3/LN_624604_BP_3.jpg,https://www.waitrose.com/ecom/products/kallo-thai-curry-veggie-cakes/624604-824139-824140,Kallo Thai Curry Veggie Cakes,122g,£2.25,£1.85/100g,save 65p. Was £2.90,Food Cupboard
457507,Silver Spoon Half Spoon Granulated Sugar,G,false,3023,https://ecom-su-static-prod.wtrecom.com/images/products/3/LN_457507_BP_3.jpg,https://www.waitrose.com/ecom/products/silver-spoon-half-spoon-granulated-sugar/457507-131259-131260,Silver Spoon Half Spoon Granulated Sugar,1kg,£2.95,£2.95/kg,,Food Cupboard
582347,Cadbury Twirl Orange Chocolate Bar,G,false,3024,https://ecom-su-static-prod.wtrecom.com/images/products/3/LN_582347_BP_3.jpg,https://www.waitrose.com/ecom/products/cadbury-twirl-orange-chocolate-bar/582347-756791-756792,Cadbury Twirl Orange Chocolate Bar,43g,90p,£2.10/100g,,Food Cupboard
516944,Airwaves Menthol & Eucalyptus Sugarfree 5 Pack,G,false,3025,https://ecom-su-static-prod.wtrecom.com/images/products/3/LN_516944_BP_3.jpg,https://www.waitrose.com/ecom/products/airwaves-menthol-eucalyptus-sugarfree-5-pack/516944-706317-706318,Airwaves Menthol & Eucalyptus Sugarfree 5 Pack,5x14g,£3.15,£4.50/100g,,Food Cupboard
635436,Lindt Lindor Orange,G,false,3026,https://ecom-su-static-prod.wtrecom.com/images/products/3/LN_635436_BP_3.jpg,https://www.waitrose.com/ecom/products/lindt-lindor-orange/635436-744593-744594,Lindt Lindor Orange,38g,£1.00,£2.64/100g,,Food Cupboard
578866,Kikkoman Teriyaki Sauce with Sesame,G,false,3027,https://ecom-su-static-prod.wtrecom.com/images/products/3/LN_578866_BP_3.jpg,https://www.waitrose.com/ecom/products/kikkoman-teriyaki-sauce-with-sesame/578866-702805-702806,Kikkoman Teriyaki Sauce with Sesame,250ml,£3.50,£1.40/100ml,,Food Cupboard
431818,Monte Bello Red Cooking Wine,G,false,3028,https://ecom-su-static-prod.wtrecom.com/images/products/3/LN_431818_BP_3.jpg,https://www.waitrose.com/ecom/products/monte-bello-red-cooking-wine/431818-457052-457053,Monte Bello Red Cooking Wine,187ml,£2.40,£1.29/100ml,,Food Cupboard
797600,Duchy Organic Chilli Flakes,G,false,3029,https://ecom-su-static-prod.wtrecom.com/images/products/3/LN_797600_BP_3.jpg,https://www.waitrose.com/ecom/products/duchy-organic-chilli-flakes/797600-785134-785135,Duchy Organic Chilli Flakes,32g,£1.95,60.9p/10g,,Food Cupboard
038299,Waitrose Scottish Heather Honey,G,false,3030,https://ecom-su-static-prod.wtrecom.com/images/products/3/LN_038299_BP_3.jpg,https://www.waitrose.com/ecom/products/waitrose-scottish-heather-honey/038299-19099-19100,Waitrose Scottish Heather Honey,340g,£6.00,£1.77/100g,,Food Cupboard
645845,Sacla' Vegan Tomato Pesto,G,false,3031,https://ecom-su-static-prod.wtrecom.com/images/products/3/LN_645845_BP_3.jpg,https://www.waitrose.com/ecom/products/sacla-vegan-tomato-pesto/645845-450546-450547,Sacla' Vegan Tomato Pesto,190g,£3.35,£1.77/100g,,Food Cupboard
845195,Eat Natural Hazelnut Peanut Bars,G,true,3032,https://ecom-su-static-prod.wtrecom.com/images/products/3/LN_845195_BP_3.jpg,https://www.waitrose.com/ecom/products/eat-natural-hazelnut-peanut-bars/845195-806702-806703,Eat Natural Hazelnut Peanut Bars,3x40g,£2.00,£1.67/100g,Save 75p. Was £2.75,Food Cupboard
078240,Newman's Own Balsamic Dressing,G,false,3033,https://ecom-su-static-prod.wtrecom.com/images/products/3/LN_078240_BP_3.jpg,https://www.waitrose.com/ecom/products/newmans-own-balsamic-dressing/078240-39827-39828,Newman's Own Balsamic Dressing,250ml,£2.30,92p/100ml,,Food Cupboard
002047,Superjam Blueberry & Blackcurrant Spread,G,false,3034,https://ecom-su-static-prod.wtrecom.com/images/products/3/LN_002047_BP_3.jpg,https://www.waitrose.com/ecom/products/superjam-blueberry-blackcurrant-spread/002047-536-537,Superjam Blueberry & Blackcurrant Spread,212g,£2.50,£1.18/100g,,Food Cupboard
476719,Hovis Granary Bread Flour,G,false,3035,https://ecom-su-static-prod.wtrecom.com/images/products/3/LN_476719_BP_3.jpg,https://www.waitrose.com/ecom/products/hovis-granary-bread-flour/476719-729900-729901,Hovis Granary Bread Flour,1kg,£2.25,£2.25/kg,,Food Cupboard
898249,Nestlé Nesquik,G,false,3036,https://ecom-su-static-prod.wtrecom.com/images/products/3/LN_898249_BP_3.jpg,https://www.waitrose.com/ecom/products/nestle-nesquik/898249-772712-772713,Nestlé Nesquik,375g,£2.95,78.7p/100g,,Food Cupboard
595237,No.1 Dark Chocolate Truffles,G,true,3037,https://ecom-su-static-prod.wtrecom.com/images/products/3/LN_595237_BP_3.jpg,https://www.waitrose.com/ecom/products/no1-dark-chocolate-truffles/595237-731611-731612,No.1 Dark Chocolate Truffles,125g,£5.20,£4.16/100g,20% Off. Was £6.50,Food Cupboard
869307,Heinz Big Soup Chicken & Leek,G,true,3038,https://ecom-su-static-prod.wtrecom.com/images/products/3/LN_869307_BP_3.jpg,https://www.waitrose.com/ecom/products/heinz-big-soup-chicken-leek/869307-793182-793183,Heinz Big Soup Chicken & Leek,400g,£2.00,50p/100g,Add 3 for £4.50,Food Cupboard
804060,Nutella Biscuits,G,false,3039,https://ecom-su-static-prod.wtrecom.com/images/products/3/LN_804060_BP_3.jpg,https://www.waitrose.com/ecom/products/nutella-biscuits/804060-812553-812554,Nutella Biscuits,276g,£3.85,£1.40/100g,,Food Cupboard
720061,Duchy Organic Beetroot Relish,G,false,3040,https://ecom-su-static-prod.wtrecom.com/images/products/3/LN_720061_BP_3.jpg,https://www.waitrose.com/ecom/products/duchy-organic-beetroot-relish/720061-102339-102340,Duchy Organic Beetroot Relish,310g,£3.95,£1.28/100g,,Food Cupboard
064278,John West Light Lunch French Style Tuna Salad,G,false,3041,https://ecom-su-static-prod.wtrecom.com/images/products/3/LN_064278_BP_3.jpg,https://www.waitrose.com/ecom/products/john-west-light-lunch-french-style-tuna-salad/064278-32620-32621,John West Light Lunch French Style Tuna Salad,220g,£2.70,£1.23/100g,,Food Cupboard
022450,John West Skippers in Sunflower Oil,G,false,3042,https://ecom-su-static-prod.wtrecom.com/images/products/3/LN_022450_BP_3.jpg,https://www.waitrose.com/ecom/products/john-west-skippers-in-sunflower-oil/022450-10942-10943,John West Skippers in Sunflower Oil,drained 75g,£1.60,£2.14/100g,,Food Cupboard
462782,Cooks' Ingredients Cacio E Pepe Paste,G,false,3043,https://ecom-su-static-prod.wtrecom.com/images/products/3/LN_462782_BP_3.jpg,https://www.waitrose.com/ecom/products/cooks-ingredients-cacio-e-pepe-paste/462782-784830-784831,Cooks' Ingredients Cacio E Pepe Paste,90g,£3.30,£3.67/100g,,Food Cupboard
058838,Duchy Organic Whole Grain Rice,G,false,3044,https://ecom-su-static-prod.wtrecom.com/images/products/3/LN_058838_BP_3.jpg,https://www.waitrose.com/ecom/products/duchy-organic-whole-grain-rice/058838-29608-29609,Duchy Organic Whole Grain Rice,1kg,£4.40,£4.40/kg,,Food Cupboard
865999,Waitrose Dark Rye Flour,G,false,3045,https://ecom-su-static-prod.wtrecom.com/images/products/3/LN_865999_BP_3.jpg,https://www.waitrose.com/ecom/products/waitrose-dark-rye-flour/865999-261024-261025,Waitrose Dark Rye Flour,1kg,£1.80,£1.80/kg,,Food Cupboard
409207,Duchy Organic Paprika,G,false,3046,https://ecom-su-static-prod.wtrecom.com/images/products/3/LN_409207_BP_3.jpg,https://www.waitrose.com/ecom/products/duchy-organic-paprika/409207-784778-784779,Duchy Organic Paprika,45g,£1.95,43.3p/10g,,Food Cupboard
006742,Essential Currants,G,false,3047,https://ecom-su-static-prod.wtrecom.com/images/products/3/LN_006742_BP_3.jpg,https://www.waitrose.com/ecom/products/essential-currants/006742-3007-3008,Essential Currants,1kg,£3.85,£3.85/kg,,Food Cupboard
841495,Duchy Organic Black Beans in Water,G,false,3048,https://ecom-su-static-prod.wtrecom.com/images/products/3/LN_841495_BP_3.jpg,https://www.waitrose.com/ecom/products/duchy-organic-black-beans-in-water/841495-747696-747697,Duchy Organic Black Beans in Water,drained 255g,£1.15,£4.51/kg,,Food Cupboard
559129,Bacheldr Rustic Crunch Bread Mix,G,false,3049,https://ecom-su-static-prod.wtrecom.com/images/products/3/LN_559129_BP_3.jpg,https://www.waitrose.com/ecom/products/bacheldr-rustic-crunch-bread-mix/559129-220498-220499,Bacheldr Rustic Crunch Bread Mix,500g,£1.50,£3/kg,,Food Cupboard
844840,TRIBE Protein Flapjacks Choc Peanut,G,false,3050,https://ecom-su-static-prod.wtrecom.com/images/products/3/LN_844840_BP_3.jpg,https://www.waitrose.com/ecom/products/tribe-protein-flapjacks-choc-peanut/844840-808110-808111,TRIBE Protein Flapjacks Choc Peanut,3x38g,£3.30,£2.90/100g,,Food Cupboard
799627,Capsicana Chilli & Honey Paste,G,false,3051,https://ecom-su-static-prod.wtrecom.com/images/products/3/LN_799627_BP_3.jpg,https://www.waitrose.com/ecom/products/capsicana-chilli-honey-paste/799627-726857-726858,Capsicana Chilli & Honey Paste,60g,£1.75,£2.92/100g,,Food Cupboard
787482,Candy Kittens Apple & Strawberry Sours,G,false,3052,https://ecom-su-static-prod.wtrecom.com/images/products/3/LN_787482_BP_3.jpg,https://www.waitrose.com/ecom/products/candy-kittens-apple-strawberry-sours/787482-805058-805059,Candy Kittens Apple & Strawberry Sours,140g,£2.75,£1.97/100g,,Food Cupboard
860601,Essential No Added Sugar Muesli Base,G,false,3053,https://ecom-su-static-prod.wtrecom.com/images/products/3/LN_860601_BP_3.jpg,https://www.waitrose.com/ecom/products/essential-no-added-sugar-muesli-base/860601-806404-806405,Essential No Added Sugar Muesli Base,1Kg,£2.25,22.5p/100g,,Food Cupboard
793051,Mallow & Marsh Vanilla Marshmallows,G,false,3054,https://ecom-su-static-prod.wtrecom.com/images/products/3/LN_793051_BP_3.jpg,https://www.waitrose.com/ecom/products/mallow-marsh-vanilla-marshmallows/793051-589515-589516,Mallow & Marsh Vanilla Marshmallows,100g,£2.80,£2.80/100g,,Food Cupboard
627915,Tiptree Wild Cranberry Sauce,G,false,3055,https://ecom-su-static-prod.wtrecom.com/images/products/3/LN_627915_BP_3.jpg,https://www.waitrose.com/ecom/products/tiptree-wild-cranberry-sauce/627915-627916-627917,Tiptree Wild Cranberry Sauce,210g,£3.00,£1.43/100g,,Food Cupboard
670548,Billington's Dark Muscovado Sugar,G,false,3056,https://ecom-su-static-prod.wtrecom.com/images/products/3/LN_670548_BP_3.jpg,https://www.waitrose.com/ecom/products/billingtons-dark-muscovado-sugar/670548-823348-823349,Billington's Dark Muscovado Sugar,500g,£2.20,£4.40/kg,,Food Cupboard
673326,Tony's Chocolonely Littl' Bits Caramel Biscuit Mix,G,false,3057,https://ecom-su-static-prod.wtrecom.com/images/products/3/LN_673326_BP_3.jpg,https://www.waitrose.com/ecom/products/tonys-chocolonely-littl-bits-caramel-biscuit-mix/673326-810078-810079,Tony's Chocolonely Littl' Bits Caramel Biscuit Mix,100g,£2.50,£2.50/100g,,Food Cupboard
823494,Divine FT 70% Dark Choc with Ginger & Orange,G,false,3058,https://ecom-su-static-prod.wtrecom.com/images/products/3/LN_823494_BP_3.jpg,https://www.waitrose.com/ecom/products/divine-ft-70-dark-choc-with-ginger-orange/823494-202471-202472,Divine FT 70% Dark Choc with Ginger & Orange,90g,£2.80,£3.12/100g,,Food Cupboard
074459,Fray Bentos Steak & Kidney Pie,G,false,3059,https://ecom-su-static-prod.wtrecom.com/images/products/3/LN_074459_BP_3.jpg,https://www.waitrose.com/ecom/products/fray-bentos-steak-kidney-pie/074459-37790-37791,Fray Bentos Steak & Kidney Pie,425g,£3.40,£8/kg,,Food Cupboard
752610,Ines Rosales Rosemary & Thyme Tortas,G,false,3060,https://ecom-su-static-prod.wtrecom.com/images/products/3/LN_752610_BP_3.jpg,https://www.waitrose.com/ecom/products/ines-rosales-rosemary-thyme-tortas/752610-824171-824172,Ines Rosales Rosemary & Thyme Tortas,180g,£3.50,£1.95/100g,,Food Cupboard
620500,Cooks' Ingredients Green Tikka Paste,G,false,3061,https://ecom-su-static-prod.wtrecom.com/images/products/3/LN_620500_BP_3.jpg,https://www.waitrose.com/ecom/products/cooks-ingredients-green-tikka-paste/620500-784738-784739,Cooks' Ingredients Green Tikka Paste,175g,£2.25,£1.29/100g,,Food Cupboard
586753,John West Boneless Sardines in Sunflower Oil,G,false,3062,https://ecom-su-static-prod.wtrecom.com/images/products/3/LN_586753_BP_3.jpg,https://www.waitrose.com/ecom/products/john-west-boneless-sardines-in-sunflower-oil/586753-83167-83168,John West Boneless Sardines in Sunflower Oil,drained 67g,£1.50,£2.24/100g,,Food Cupboard
701374,Loyd Grossman Tomato & Basil Pasta Sauce,G,false,3063,https://ecom-su-static-prod.wtrecom.com/images/products/3/LN_701374_BP_3.jpg,https://www.waitrose.com/ecom/products/loyd-grossman-tomato-basil-pasta-sauce/701374-823352-823353,Loyd Grossman Tomato & Basil Pasta Sauce,660g,£3.75,56.8p/100g,,Food Cupboard
035756,Nando's Hot Peri-Peri Sauce,G,true,3064,https://ecom-su-static-prod.wtrecom.com/images/products/3/LN_035756_BP_3.jpg,https://www.waitrose.com/ecom/products/nandos-hot-peri-peri-sauce/035756-17978-17979,Nando's Hot Peri-Peri Sauce,125g,£1.75,£1.40/100g,save 60p. Was £2.35,Food Cupboard
687666,Pipers Jalapeno & Dill Crisps,G,false,3065,https://ecom-su-static-prod.wtrecom.com/images/products/3/LN_687666_BP_3.jpg,https://www.waitrose.com/ecom/products/pipers-jalapeno-dill-crisps/687666-823709-823710,Pipers Jalapeno & Dill Crisps,150g,£3.00,£2/100g,,Food Cupboard
534267,Waitrose Ranch Dressing,G,false,3066,https://ecom-su-static-prod.wtrecom.com/images/products/3/LN_534267_BP_3.jpg,https://www.waitrose.com/ecom/products/waitrose-ranch-dressing/534267-826740-826741,Waitrose Ranch Dressing,235ml,£2.20,93.6p/100ml,,Food Cupboard
669295,BEAR Fruit Splits Pineapple & Raspberry 5x20g,G,false,3067,https://ecom-su-static-prod.wtrecom.com/images/products/3/LN_669295_BP_3.jpg,https://www.waitrose.com/ecom/products/bear-fruit-splits-pineapple-raspberry-5x20g/669295-807899-807900,BEAR Fruit Splits Pineapple & Raspberry 5x20g,5x20g,£3.00,£3/100g,,Food Cupboard
082611,Clearspring Organic Miso Soup with Sea Vegetables,G,false,3068,https://ecom-su-static-prod.wtrecom.com/images/products/3/LN_082611_BP_3.jpg,https://www.waitrose.com/ecom/products/clearspring-organic-miso-soup-with-sea-vegetables/082611-42023-42024,Clearspring Organic Miso Soup with Sea Vegetables,4x10g,£3.45,£8.63/100g,,Food Cupboard
008448,Bahlsen Deloba Redcurrant Puff Pastries,G,true,3069,https://ecom-su-static-prod.wtrecom.com/images/products/3/LN_008448_BP_3.jpg,https://www.waitrose.com/ecom/products/bahlsen-deloba-redcurrant-puff-pastries/008448-4013-4014,Bahlsen Deloba Redcurrant Puff Pastries,100g,£1.25,£1.25/100g,save 25p. Was £1.50,Food Cupboard
034464,Opies Pickled Walnuts,G,false,3070,https://ecom-su-static-prod.wtrecom.com/images/products/3/LN_034464_BP_3.jpg,https://www.waitrose.com/ecom/products/opies-pickled-walnuts/034464-17293-17294,Opies Pickled Walnuts,drained 170g,£3.90,£2.30/100g,,Food Cupboard
455951,Cooks' Ingredients Chipotle Flakes,G,false,3071,https://ecom-su-static-prod.wtrecom.com/images/products/3/LN_455951_BP_3.jpg,https://www.waitrose.com/ecom/products/cooks-ingredients-chipotle-flakes/455951-784820-784821,Cooks' Ingredients Chipotle Flakes,32g,£1.70,53.1p/10g,,Food Cupboard
424175,Lucy's Original French Dressing,G,false,3072,https://ecom-su-static-prod.wtrecom.com/images/products/3/LN_424175_BP_3.jpg,https://www.waitrose.com/ecom/products/lucys-original-french-dressing/424175-589035-589036,Lucy's Original French Dressing,250ml,£4.00,£1.60/100ml,,Food Cupboard
993146,GoFree Gluten Free Corn Flakes,G,false,3073,https://ecom-su-static-prod.wtrecom.com/images/products/3/LN_993146_BP_3.jpg,https://www.waitrose.com/ecom/products/gofree-gluten-free-corn-flakes/993146-826838-826839,GoFree Gluten Free Corn Flakes,375g,£2.60,69.3p/100g,,Food Cupboard
985012,Forest Feast Salted Dark Chocolate Almonds,G,false,3074,https://ecom-su-static-prod.wtrecom.com/images/products/3/LN_985012_BP_3.jpg,https://www.waitrose.com/ecom/products/forest-feast-salted-dark-chocolate-almonds/985012-826506-826507,Forest Feast Salted Dark Chocolate Almonds,40g,£1.35,£3.38/100g,,Food Cupboard
984565,Buttermilk Peanut Nougat Choccy Bar,G,false,3075,https://ecom-su-static-prod.wtrecom.com/images/products/3/LN_984565_BP_3.jpg,https://www.waitrose.com/ecom/products/buttermilk-peanut-nougat-choccy-bar/984565-826834-826835,Buttermilk Peanut Nougat Choccy Bar,50g,£1.75,,,Food Cupboard
975584,Renshaw Just Roll With It Yellow Fondant Icing,G,false,3076,https://ecom-su-static-prod.wtrecom.com/images/products/3/LN_975584_BP_3.jpg,https://www.waitrose.com/ecom/products/renshaw-just-roll-with-it-yellow-fondant-icing/975584-827164-827165,Renshaw Just Roll With It Yellow Fondant Icing,250g,£2.50,£10/kg,,Food Cupboard
970163,Veetee Wholegrain Basmati Rice,G,true,3077,https://ecom-su-static-prod.wtrecom.com/images/products/3/LN_970163_BP_3.jpg,https://www.waitrose.com/ecom/products/veetee-wholegrain-basmati-rice/970163-826504-826505,Veetee Wholegrain Basmati Rice,260g,£1.00,£3.85/kg,Save 1/3. Was £1.50,Food Cupboard
964301,Wildfarmed Bread Flour,G,false,3078,https://ecom-su-static-prod.wtrecom.com/images/products/3/LN_964301_BP_3.jpg,https://www.waitrose.com/ecom/products/wildfarmed-bread-flour/964301-827158-827159,Wildfarmed Bread Flour,1Kg,£2.50,£2.50/kg,,Food Cupboard
954711,Insane Kane A Pitch Of Salt Baked Knobbly Sticks,G,true,3079,https://ecom-su-static-prod.wtrecom.com/images/products/3/LN_954711_BP_3.jpg,https://www.waitrose.com/ecom/products/insane-kane-a-pitch-of-salt-baked-knobbly-sticks/954711-826820-826821,Insane Kane A Pitch Of Salt Baked Knobbly Sticks,80g,£1.50,£1.88/100g,save 50p. Was £2.00,Food Cupboard
945387,Deliciously Ella Blackberry & Pecan Deluxe Granola,G,false,3080,https://ecom-su-static-prod.wtrecom.com/images/products/3/LN_945387_BP_3.jpg,https://www.waitrose.com/ecom/products/deliciously-ella-blackberry-pecan-deluxe-granola/945387-826812-826813,Deliciously Ella Blackberry & Pecan Deluxe Granola,380g,£4.50,£1.19/100g,,Food Cupboard
931725,Lizi's Granola Gluten Free Nuts & Seeds,G,false,3081,https://ecom-su-static-prod.wtrecom.com/images/products/3/LN_931725_BP_3.jpg,https://www.waitrose.com/ecom/products/lizis-granola-gluten-free-nuts-seeds/931725-826808-826809,Lizi's Granola Gluten Free Nuts & Seeds,,£3.30,,,Food Cupboard
929852,Renshaw Just Roll With It Lincoln Green Fondant Icing,G,false,3082,https://ecom-su-static-prod.wtrecom.com/images/products/3/LN_929852_BP_3.jpg,https://www.waitrose.com/ecom/products/renshaw-just-roll-with-it-lincoln-green-fondant-icing/929852-827148-827149,Renshaw Just Roll With It Lincoln Green Fondant Icing,250g,£2.50,£10/kg,,Food Cupboard
928882,Nando's Peri-BBQ Sauce,G,false,3083,https://ecom-su-static-prod.wtrecom.com/images/products/3/LN_928882_BP_3.jpg,https://www.waitrose.com/ecom/products/nandos-peri-bbq-sauce/928882-826806-826807,Nando's Peri-BBQ Sauce,275g,£2.65,96.4p/100g,,Food Cupboard
922449,Rhythm 108 Vegan Hazelnut Truffle With M*lk Chocolate,G,false,3084,https://ecom-su-static-prod.wtrecom.com/images/products/3/LN_922449_BP_3.jpg,https://www.waitrose.com/ecom/products/rhythm-108-vegan-hazelnut-truffle-with-mlk-chocolate/922449-826804-826805,Rhythm 108 Vegan Hazelnut Truffle With M*lk Chocolate,100g,£3.60,£3.60/100g,,Food Cupboard
921649,Cadbury Dairy Milk Chocolate 200 Years Limited Edition,G,false,3085,https://ecom-su-static-prod.wtrecom.com/images/products/3/LN_921649_BP_3.jpg,https://www.waitrose.com/ecom/products/cadbury-dairy-milk-chocolate-200-years-limited-edition/921649-828024-828025,Cadbury Dairy Milk Chocolate 200 Years Limited Edition,360g,£4.50,£1.25/100g,,Food Cupboard
921346,Dr. Oetker Old School Cake Mix Chocolate,G,false,3086,https://ecom-su-static-prod.wtrecom.com/images/products/3/LN_921346_BP_3.jpg,https://www.waitrose.com/ecom/products/dr-oetker-old-school-cake-mix-chocolate/921346-827144-827145,Dr. Oetker Old School Cake Mix Chocolate,436g,£3.00,£6.89/kg,,Food Cupboard
910871,Rhythm 108 Vegan Roasted Almond Butter With M*lk Chocolate,G,false,3087,https://ecom-su-static-prod.wtrecom.com/images/products/3/LN_910871_BP_3.jpg,https://www.waitrose.com/ecom/products/rhythm-108-vegan-roasted-almond-butter-with-mlk-chocolate/910871-826790-826791,Rhythm 108 Vegan Roasted Almond Butter With M*lk Chocolate,100g,£3.60,£3.60/100g,,Food Cupboard
900842,Wildfarmed Plain Flour,G,false,3088,https://ecom-su-static-prod.wtrecom.com/images/products/3/LN_900842_BP_3.jpg,https://www.waitrose.com/ecom/products/wildfarmed-plain-flour/900842-827138-827139,Wildfarmed Plain Flour,1Kg,£2.50,£2.50/kg,,Food Cupboard
899890,Waitrose No.1 Biscuits For Cheese,G,false,3089,https://ecom-su-static-prod.wtrecom.com/images/products/3/LN_899890_BP_3.jpg,https://www.waitrose.com/ecom/products/waitrose-no1-biscuits-for-cheese/899890-813845-813845,Waitrose No.1 Biscuits For Cheese,260g,£5.50,£2.12/100g,,Food Cupboard
899356,Cadbury Dairy Milk Marvellous Creations,G,false,3090,https://ecom-su-static-prod.wtrecom.com/images/products/3/LN_899356_BP_3.jpg,https://www.waitrose.com/ecom/products/cadbury-dairy-milk-marvellous-creations/899356-275092-275093,Cadbury Dairy Milk Marvellous Creations,47g,90p,£1.92/100g,,Food Cupboard
899255,Walkers Sensations Thai Sweet Chilli Crisps,G,true,3091,https://ecom-su-static-prod.wtrecom.com/images/products/3/LN_899255_BP_3.jpg,https://www.waitrose.com/ecom/products/walkers-sensations-thai-sweet-chilli-crisps/899255-752124-752125,Walkers Sensations Thai Sweet Chilli Crisps,40g,£1.00,£2.50/100g,"£5 Food to Go Meal Deal: Add 1 Main, 1 Snack and 1 Drink",Food Cupboard
899134,Nielsen-Massey Orange Blossom Water,G,false,3092,https://ecom-su-static-prod.wtrecom.com/images/products/3/LN_899134_BP_3.jpg,https://www.waitrose.com/ecom/products/nielsen-massey-orange-blossom-water/899134-261066-261067,Nielsen-Massey Orange Blossom Water,60ml,£4.20,£7/100ml,,Food Cupboard
899064,Heinz Vegetable Soup 4 Pack,G,true,3093,https://ecom-su-static-prod.wtrecom.com/images/products/3/LN_899064_BP_3.jpg,https://www.waitrose.com/ecom/products/heinz-vegetable-soup-4-pack/899064-800936-800937,Heinz Vegetable Soup 4 Pack,4x400g,£4.00,25p/100g,Add 2 for £7,Food Cupboard
898904,YO! Salt & Pepper Seasoning,G,false,3094,https://ecom-su-static-prod.wtrecom.com/images/products/3/LN_898904_BP_3.jpg,https://www.waitrose.com/ecom/products/yo-salt-pepper-seasoning/898904-807645-807646,YO! Salt & Pepper Seasoning,35g,£1.15,32.9p/10g,,Food Cupboard
897776,Heinz No Added Sugar Cream of Tomato Soup,G,true,3095,https://ecom-su-static-prod.wtrecom.com/images/products/3/LN_897776_BP_3.jpg,https://www.waitrose.com/ecom/products/heinz-no-added-sugar-cream-of-tomato-soup/897776-767339-767340,Heinz No Added Sugar Cream of Tomato Soup,4x400g,£4.00,25p/100g,Add 2 for £7,Food Cupboard
896736,RHandful Air Nuts Black Pepper,G,true,3096,https://ecom-su-static-prod.wtrecom.com/images/products/3/LN_896736_BP_3.jpg,https://www.waitrose.com/ecom/products/rhandful-air-nuts-black-pepper/896736-804284-804285,RHandful Air Nuts Black Pepper,45g,£1.95,£4.34/100g,save 50p. Was £2.45,Food Cupboard
896294,Betty Crocker Tempting Chocolate Cake Mix,G,false,3097,https://ecom-su-static-prod.wtrecom.com/images/products/3/LN_896294_BP_3.jpg,https://www.waitrose.com/ecom/products/betty-crocker-tempting-chocolate-cake-mix/896294-783210-783211,Betty Crocker Tempting Chocolate Cake Mix,425g,£3.15,£7.42/kg,,Food Cupboard
895610,Hellmann's Plant Based Mayo,G,false,3098,https://ecom-su-static-prod.wtrecom.com/images/products/3/LN_895610_BP_3.jpg,https://www.waitrose.com/ecom/products/hellmanns-plant-based-mayo/895610-826782-826783,Hellmann's Plant Based Mayo,430ml,£3.40,79.1p/100ml,,Food Cupboard
895030,Waitrose White Fairy Cake Cases,G,false,3099,https://ecom-su-static-prod.wtrecom.com/images/products/3/LN_895030_BP_3.jpg,https://www.waitrose.com/ecom/products/waitrose-white-fairy-cake-cases/895030-261062-261063,Waitrose White Fairy Cake Cases,,£1.25,,,Food Cupboard
894980,Ainsley Harriott Caribbean Cup Soup,G,false,3100,https://ecom-su-static-prod.wtrecom.com/images/products/3/LN_894980_BP_3.jpg,https://www.waitrose.com/ecom/products/ainsley-harriott-caribbean-cup-soup/894980-815041-815042,Ainsley Harriott Caribbean Cup Soup,3x23g,£1.20,£1.74/100g,,Food Cupboard
894803,Free and Easy Egg Replacer,G,false,3101,https://ecom-su-static-prod.wtrecom.com/images/products/3/LN_894803_BP_3.jpg,https://www.waitrose.com/ecom/products/free-and-easy-egg-replacer/894803-730062-730063,Free and Easy Egg Replacer,135g,£2.90,£2.15/100g,,Food Cupboard
894791,Filippo Berio Extra Virgin Olive Oil,G,false,3102,https://ecom-su-static-prod.wtrecom.com/images/products/3/LN_894791_BP_3.jpg,https://www.waitrose.com/ecom/products/filippo-berio-extra-virgin-olive-oil/894791-724753-724754,Filippo Berio Extra Virgin Olive Oil,3litre,£43.50,£1.45/100ml,,Food Cupboard
894342,Candy Kittens Wild Strawberry,G,false,3103,https://ecom-su-static-prod.wtrecom.com/images/products/3/LN_894342_BP_3.jpg,https://www.waitrose.com/ecom/products/candy-kittens-wild-strawberry/894342-777248-777249,Candy Kittens Wild Strawberry,54g,£1.25,£2.32/100g,,Food Cupboard
894083,GAIL's Cheddar Cheese Crackers,G,false,3104,https://ecom-su-static-prod.wtrecom.com/images/products/3/LN_894083_BP_3.jpg,https://www.waitrose.com/ecom/products/gails-cheddar-cheese-crackers/894083-785892-785893,GAIL's Cheddar Cheese Crackers,200g,£4.40,£2.20/100g,,Food Cupboard
893686,Tony's Chocolonely Caramel Sea Salt,G,true,3105,https://ecom-su-static-prod.wtrecom.com/images/products/3/LN_893686_BP_3.jpg,https://www.waitrose.com/ecom/products/tonys-chocolonely-caramel-sea-salt/893686-744761-744762,Tony's Chocolonely Caramel Sea Salt,47g,£1.40,£2.98/100g,"£5 Food to Go Meal Deal: Add 1 Main, 1 Snack and 1 Drink",Food Cupboard
892809,Cadbury Plant Bar Vegan Chocolate Bar,G,false,3106,https://ecom-su-static-prod.wtrecom.com/images/products/3/LN_892809_BP_3.jpg,https://www.waitrose.com/ecom/products/cadbury-plant-bar-vegan-chocolate-bar/892809-777244-777245,Cadbury Plant Bar Vegan Chocolate Bar,90g,£2.65,£2.95/100g,,Food Cupboard
891859,Waitrose Cashew Nuts,G,false,3107,https://ecom-su-static-prod.wtrecom.com/images/products/3/LN_891859_BP_3.jpg,https://www.waitrose.com/ecom/products/waitrose-cashew-nuts/891859-819408-819409,Waitrose Cashew Nuts,50g,£1.00,£2/100g,,Food Cupboard
891590,Barenaked Noodles,G,false,3108,https://ecom-su-static-prod.wtrecom.com/images/products/3/LN_891590_BP_3.jpg,https://www.waitrose.com/ecom/products/barenaked-noodles/891590-703712-703713,Barenaked Noodles,drained 250g,£2.10,84p/100g,,Food Cupboard
891211,Graze Smokehouse BBQ Crunch,G,true,3109,https://ecom-su-static-prod.wtrecom.com/images/products/3/LN_891211_BP_3.jpg,https://www.waitrose.com/ecom/products/graze-smokehouse-bbq-crunch/891211-460135-460136,Graze Smokehouse BBQ Crunch,28g,£1.25,£4.47/100g,"£5 Food to Go Meal Deal: Add 1 Main, 1 Snack and 1 Drink",Food Cupboard
891196,Willy's Organic Live Apple Cider Vinegar with Turmeric & Eureka Lemon,G,false,3110,https://ecom-su-static-prod.wtrecom.com/images/products/3/LN_891196_BP_3.jpg,https://www.waitrose.com/ecom/products/willys-organic-live-apple-cider-vinegar-with-turmeric-eureka-lemon/891196-758836-758837,Willy's Organic Live Apple Cider Vinegar with Turmeric & Eureka Lemon,500ml,£8.95,£1.79/100ml,,Food Cupboard
890787,Olina's Gluten Free Rosemary Crackers,G,false,3111,https://ecom-su-static-prod.wtrecom.com/images/products/3/LN_890787_BP_3.jpg,https://www.waitrose.com/ecom/products/olinas-gluten-free-rosemary-crackers/890787-791289-791290,Olina's Gluten Free Rosemary Crackers,80g,£2.20,£2.75/100g,,Food Cupboard
890703,Waitrose Square Cake Board,G,false,3112,https://ecom-su-static-prod.wtrecom.com/images/products/3/LN_890703_BP_3.jpg,https://www.waitrose.com/ecom/products/waitrose-square-cake-board/890703-261059-261059,Waitrose Square Cake Board,Each,£1.70,£1.70 each,,Food Cupboard
890636,No.1 Salted Caramel Truffles,G,true,3113,https://ecom-su-static-prod.wtrecom.com/images/products/3/LN_890636_BP_3.jpg,https://www.waitrose.com/ecom/products/no1-salted-caramel-truffles/890636-731741-731742,No.1 Salted Caramel Truffles,120g,£5.20,£4.34/100g,20% Off. Was £6.50,Food Cupboard
890574,Fray Bentos Steak & Gravy Pie,G,false,3114,https://ecom-su-static-prod.wtrecom.com/images/products/3/LN_890574_BP_3.jpg,https://www.waitrose.com/ecom/products/fray-bentos-steak-gravy-pie/890574-706833-706834,Fray Bentos Steak & Gravy Pie,425g,£3.40,£8/kg,,Food Cupboard
890453,Happy Birthday 8 Candle,G,false,3115,https://ecom-su-static-prod.wtrecom.com/images/products/3/LN_890453_BP_3.jpg,https://www.waitrose.com/ecom/products/happy-birthday-8-candle/890453-772419-772420,Happy Birthday 8 Candle,each,£2.50,£2.50 each,,Food Cupboard
889838,Laudemio Frescobaldi Extra Virgin Olive Oil,G,true,3116,https://ecom-su-static-prod.wtrecom.com/images/products/3/LN_889838_BP_3.jpg,https://www.waitrose.com/ecom/products/laudemio-frescobaldi-extra-virgin-olive-oil/889838-745677-745678,Laudemio Frescobaldi Extra Virgin Olive Oil,0.25litre,£17.60,£7.04/100ml,20% Off. Was £22.00,Food Cupboard
888413,Cooks' Ingredients Gochujang Paste,G,false,3117,https://ecom-su-static-prod.wtrecom.com/images/products/3/LN_888413_BP_3.jpg,https://www.waitrose.com/ecom/products/cooks-ingredients-gochujang-paste/888413-457274-457275,Cooks' Ingredients Gochujang Paste,105g,£1.85,£1.77/100g,,Food Cupboard
887122,Grenade Carb Killa Choc Chip Salted Caramel,G,true,3118,https://ecom-su-static-prod.wtrecom.com/images/products/3/LN_887122_BP_3.jpg,https://www.waitrose.com/ecom/products/grenade-carb-killa-choc-chip-salted-caramel/887122-744155-744156,Grenade Carb Killa Choc Chip Salted Caramel,60g,£2.20,£3.67/100g,save 80p. Was £3.00,Food Cupboard
886364,Lindt Master Chocolatier Collection,G,false,3119,https://ecom-su-static-prod.wtrecom.com/images/products/3/LN_886364_BP_3.jpg,https://www.waitrose.com/ecom/products/lindt-master-chocolatier-collection/886364-298717-298718,Lindt Master Chocolatier Collection,320g,£16.00,£5/100g,,Food Cupboard
886246,Encona Mexican Jalapeno Chilli Jam,G,false,3120,https://ecom-su-static-prod.wtrecom.com/images/products/3/LN_886246_BP_3.jpg,https://www.waitrose.com/ecom/products/encona-mexican-jalapeno-chilli-jam/886246-826780-826781,Encona Mexican Jalapeno Chilli Jam,285ml,£2.00,70.2p/100ml,,Food Cupboard
886150,John West Mackerel Fillets in Olive Oil,G,false,3121,https://ecom-su-static-prod.wtrecom.com/images/products/3/LN_886150_BP_3.jpg,https://www.waitrose.com/ecom/products/john-west-mackerel-fillets-in-olive-oil/886150-288180-288181,John West Mackerel Fillets in Olive Oil,drained 80g,£1.95,£2.44/100g,,Food Cupboard
885845,Kikkoman Ramen Soup Base,G,false,3122,https://ecom-su-static-prod.wtrecom.com/images/products/3/LN_885845_BP_3.jpg,https://www.waitrose.com/ecom/products/kikkoman-ramen-soup-base/885845-812597-812598,Kikkoman Ramen Soup Base,250ml,£3.50,£1.40/100ml,,Food Cupboard
885410,Bart Smoked Paprika,G,false,3123,https://ecom-su-static-prod.wtrecom.com/images/products/3/LN_885410_BP_3.jpg,https://www.waitrose.com/ecom/products/bart-smoked-paprika/885410-810502-810503,Bart Smoked Paprika,40g,£2.25,56.3p/10g,,Food Cupboard
885390,Waitrose Redcurrant Sauce with Ruby Port,G,false,3124,https://ecom-su-static-prod.wtrecom.com/images/products/3/LN_885390_BP_3.jpg,https://www.waitrose.com/ecom/products/waitrose-redcurrant-sauce-with-ruby-port/885390-208867-208868,Waitrose Redcurrant Sauce with Ruby Port,215g,£2.00,93p/100g,,Food Cupboard
885273,Wilkin & Sons Ltd Tiptree Orange Malt Whisky,G,false,3125,https://ecom-su-static-prod.wtrecom.com/images/products/3/LN_885273_BP_3.jpg,https://www.waitrose.com/ecom/products/wilkin-sons-ltd-tiptree-orange-malt-whisky/885273-168843-168844,Wilkin & Sons Ltd Tiptree Orange Malt Whisky,340g,£3.25,95.6p/100g,,Food Cupboard
885072,Old El Paso Mild Black Beans,G,false,3126,https://ecom-su-static-prod.wtrecom.com/images/products/3/LN_885072_BP_3.jpg,https://www.waitrose.com/ecom/products/old-el-paso-mild-black-beans/885072-368534-368535,Old El Paso Mild Black Beans,drained 230g,£2.25,£9.79/kg,,Food Cupboard
884829,Gran Luchito Hard Shell Tacos,G,false,3127,https://ecom-su-static-prod.wtrecom.com/images/products/3/LN_884829_BP_3.jpg,https://www.waitrose.com/ecom/products/gran-luchito-hard-shell-tacos/884829-805018-805019,Gran Luchito Hard Shell Tacos,150g,£2.15,£1.44/100g,,Food Cupboard
884543,Talking Tables Birthday Fountain,G,false,3128,https://ecom-su-static-prod.wtrecom.com/images/products/3/LN_884543_BP_3.jpg,https://www.waitrose.com/ecom/products/talking-tables-birthday-fountain/884543-675368-675369,Talking Tables Birthday Fountain,each,£5.00,£5 each,,Food Cupboard
883937,Bart Paprika,G,false,3129,https://ecom-su-static-prod.wtrecom.com/images/products/3/LN_883937_BP_3.jpg,https://www.waitrose.com/ecom/products/bart-paprika/883937-810500-810501,Bart Paprika,48g,£2.25,46.9p/10g,,Food Cupboard
883382,Crosta & Mollica Cherry Conserve,G,false,3130,https://ecom-su-static-prod.wtrecom.com/images/products/3/LN_883382_BP_3.jpg,https://www.waitrose.com/ecom/products/crosta-mollica-cherry-conserve/883382-801276-801277,Crosta & Mollica Cherry Conserve,240g,£2.55,£1.07/100g,,Food Cupboard
882913,Billington's Demerara Sugar,G,false,3131,https://ecom-su-static-prod.wtrecom.com/images/products/3/LN_882913_BP_3.jpg,https://www.waitrose.com/ecom/products/billingtons-demerara-sugar/882913-343772-343773,Billington's Demerara Sugar,500g,£2.15,£4.30/kg,,Food Cupboard
882376,Divine Dark Chocolate with Himalayan Salt,G,false,3132,https://ecom-su-static-prod.wtrecom.com/images/products/3/LN_882376_BP_3.jpg,https://www.waitrose.com/ecom/products/divine-dark-chocolate-with-himalayan-salt/882376-589655-589656,Divine Dark Chocolate with Himalayan Salt,90g,£2.80,£3.12/100g,,Food Cupboard
882204,Citizens of Soil Extra Virgin Olive Oil Bottle,G,false,3133,https://ecom-su-static-prod.wtrecom.com/images/products/3/LN_882204_BP_3.jpg,https://www.waitrose.com/ecom/products/citizens-of-soil-extra-virgin-olive-oil-bottle/882204-805851-805852,Citizens of Soil Extra Virgin Olive Oil Bottle,500ml,£19.50,£3.90/100ml,,Food Cupboard
882148,No.1 Italian Amaretti Selection,G,false,3134,https://ecom-su-static-prod.wtrecom.com/images/products/3/LN_882148_BP_3.jpg,https://www.waitrose.com/ecom/products/no1-italian-amaretti-selection/882148-675360-675361,No.1 Italian Amaretti Selection,200g,£1.37,68.5p/100g,,Food Cupboard
882061,Made For Drink Chorizo Thins,G,false,3135,https://ecom-su-static-prod.wtrecom.com/images/products/3/LN_882061_BP_3.jpg,https://www.waitrose.com/ecom/products/made-for-drink-chorizo-thins/882061-666589-666590,Made For Drink Chorizo Thins,30g,£3.15,£10.50/100g,,Food Cupboard
881984,Quaker Oat So Simple Golden Syrup Porridge Big Pot,G,false,3136,https://ecom-su-static-prod.wtrecom.com/images/products/3/LN_881984_BP_3.jpg,https://www.waitrose.com/ecom/products/quaker-oat-so-simple-golden-syrup-porridge-big-pot/881984-443104-443105,Quaker Oat So Simple Golden Syrup Porridge Big Pot,76g,£1.60,£2.11/100g,,Food Cupboard
881948,Lindt Creation Dessert,G,false,3137,https://ecom-su-static-prod.wtrecom.com/images/products/3/LN_881948_BP_3.jpg,https://www.waitrose.com/ecom/products/lindt-creation-dessert/881948-805014-805015,Lindt Creation Dessert,173g,£7.50,£4.34/100g,,Food Cupboard
881793,Just Spices Cocoa Banana Porridge Spice,G,false,3138,https://ecom-su-static-prod.wtrecom.com/images/products/3/LN_881793_BP_3.jpg,https://www.waitrose.com/ecom/products/just-spices-cocoa-banana-porridge-spice/881793-810496-810497,Just Spices Cocoa Banana Porridge Spice,55g,£4.00,72.7p/10g,,Food Cupboard
881025,Walkers Prawn Cocktail Crisps,G,true,3139,https://ecom-su-static-prod.wtrecom.com/images/products/3/LN_881025_BP_3.jpg,https://www.waitrose.com/ecom/products/walkers-prawn-cocktail-crisps/881025-719983-719984,Walkers Prawn Cocktail Crisps,45g,£1.00,£2.23/100g,"£5 Food to Go Meal Deal: Add 1 Main, 1 Snack and 1 Drink",Food Cupboard
880968,Bens One Pan Biryani,G,true,3140,https://ecom-su-static-prod.wtrecom.com/images/products/3/LN_880968_BP_3.jpg,https://www.waitrose.com/ecom/products/bens-one-pan-biryani/880968-805849-805850,Bens One Pan Biryani,250g,£2.00,£8/kg,save 50p. Was £2.50,Food Cupboard
880879,Wagamama Yaki Soba Meal Kit,G,false,3141,https://ecom-su-static-prod.wtrecom.com/images/products/3/LN_880879_BP_3.jpg,https://www.waitrose.com/ecom/products/wagamama-yaki-soba-meal-kit/880879-805012-805013,Wagamama Yaki Soba Meal Kit,170g,£3.70,£2.18/100g,,Food Cupboard
880543,Holy Cow! Mangalore Malabar Curry Sauce,G,false,3142,https://ecom-su-static-prod.wtrecom.com/images/products/3/LN_880543_BP_3.jpg,https://www.waitrose.com/ecom/products/holy-cow-mangalore-malabar-curry-sauce/880543-703664-703665,Holy Cow! Mangalore Malabar Curry Sauce,250g,£2.50,£1/100g,,Food Cupboard
880290,Table Fun Sparklers Number 2,G,false,3143,https://ecom-su-static-prod.wtrecom.com/images/products/3/LN_880290_BP_3.jpg,https://www.waitrose.com/ecom/products/table-fun-sparklers-number-2/880290-757801-757802,Table Fun Sparklers Number 2,Each,£2.00,£2 each,,Food Cupboard
879881,Aunt Bessie's Dumpling Mix,G,false,3144,https://ecom-su-static-prod.wtrecom.com/images/products/3/LN_879881_BP_3.jpg,https://www.waitrose.com/ecom/products/aunt-bessies-dumpling-mix/879881-261050-261051,Aunt Bessie's Dumpling Mix,140g,£1.00,£7.15/kg,,Food Cupboard
879843,Guittard Extra Dark Choc Baking Chips,G,false,3145,https://ecom-su-static-prod.wtrecom.com/images/products/3/LN_879843_BP_3.jpg,https://www.waitrose.com/ecom/products/guittard-extra-dark-choc-baking-chips/879843-730056-730057,Guittard Extra Dark Choc Baking Chips,326g,£6.25,£1.92/100g,,Food Cupboard
878277,Waitrose '5' Number Candle,G,false,3146,https://ecom-su-static-prod.wtrecom.com/images/products/3/LN_878277_BP_3.jpg,https://www.waitrose.com/ecom/products/waitrose-5-number-candle/878277-261048-261049,Waitrose '5' Number Candle,Each,£1.20,£1.20 each,,Food Cupboard
877850,Quaker Oat So Simple Golden Syrup Porridge 6s,G,false,3147,https://ecom-su-static-prod.wtrecom.com/images/products/3/LN_877850_BP_3.jpg,https://www.waitrose.com/ecom/products/quaker-oat-so-simple-golden-syrup-porridge-6s/877850-806408-806409,Quaker Oat So Simple Golden Syrup Porridge 6s,6x36g,£2.10,97.2p/100g,,Food Cupboard
877684,Mutti Organic Tomato Puree,G,false,3148,https://ecom-su-static-prod.wtrecom.com/images/products/3/LN_877684_BP_3.jpg,https://www.waitrose.com/ecom/products/mutti-organic-tomato-puree/877684-819350-819351,Mutti Organic Tomato Puree,185g,£2.35,£12.71/kg,,Food Cupboard
877680,Waitrose Pearled Spelt,G,true,3149,https://ecom-su-static-prod.wtrecom.com/images/products/3/LN_877680_BP_3.jpg,https://www.waitrose.com/ecom/products/waitrose-pearled-spelt/877680-780181-780182,Waitrose Pearled Spelt,500g,£3.20,£6.40/kg,20% Off. Was £4.00,Food Cupboard
877522,Cooks' Ingredients Star Candles,G,false,3150,https://ecom-su-static-prod.wtrecom.com/images/products/3/LN_877522_BP_3.jpg,https://www.waitrose.com/ecom/products/cooks-ingredients-star-candles/877522-261046-261047,Cooks' Ingredients Star Candles,5s,£3.25,65p each,,Food Cupboard
877196,Bonne Maman Caramelised Apple,G,true,3151,https://ecom-su-static-prod.wtrecom.com/images/products/3/LN_877196_BP_3.jpg,https://www.waitrose.com/ecom/products/bonne-maman-caramelised-apple/877196-813472-813473,Bonne Maman Caramelised Apple,275g,£2.00,72.7p/100g,save £1.00. Was £3.00,Food Cupboard
876674,Schär Gluten Free Chocolate Fingers,G,false,3152,https://ecom-su-static-prod.wtrecom.com/images/products/3/LN_876674_BP_3.jpg,https://www.waitrose.com/ecom/products/schar-gluten-free-chocolate-fingers/876674-144344-144345,Schär Gluten Free Chocolate Fingers,150g,£2.25,£1.50/100g,,Food Cupboard
876064,Quaker Protein Sachets - Golden Syrup,G,true,3153,https://ecom-su-static-prod.wtrecom.com/images/products/3/LN_876064_BP_3.jpg,https://www.waitrose.com/ecom/products/quaker-protein-sachets-golden-syrup/876064-823376-823377,Quaker Protein Sachets - Golden Syrup,8x43g,£3.50,£1.02/100g,Add 2 for £4.50,Food Cupboard
875831,Guittard Milk Choc Baking Chips,G,false,3154,https://ecom-su-static-prod.wtrecom.com/images/products/3/LN_875831_BP_3.jpg,https://www.waitrose.com/ecom/products/guittard-milk-choc-baking-chips/875831-730052-730053,Guittard Milk Choc Baking Chips,326g,£6.25,£1.92/100g,,Food Cupboard
875618,Dr. Oetker Chocolatey Decorating Icing,G,false,3155,https://ecom-su-static-prod.wtrecom.com/images/products/3/LN_875618_BP_3.jpg,https://www.waitrose.com/ecom/products/dr-oetker-chocolatey-decorating-icing/875618-810832-810833,Dr. Oetker Chocolatey Decorating Icing,4x19g,£2.00,£2.64/100g,,Food Cupboard
875577,Bart Ground Ginger,G,false,3156,https://ecom-su-static-prod.wtrecom.com/images/products/3/LN_875577_BP_3.jpg,https://www.waitrose.com/ecom/products/bart-ground-ginger/875577-810492-810493,Bart Ground Ginger,35g,£2.25,64.3p/10g,,Food Cupboard
875222,belVita Breakfast Milk & Cereals,G,false,3157,https://ecom-su-static-prod.wtrecom.com/images/products/3/LN_875222_BP_3.jpg,https://www.waitrose.com/ecom/products/belvita-breakfast-milk-cereals/875222-808118-808119,belVita Breakfast Milk & Cereals,12x45g,£3.00,55.6p/100g,,Food Cupboard
874683,Fragata Piri Piri Hot Peppers,G,true,3158,https://ecom-su-static-prod.wtrecom.com/images/products/3/LN_874683_BP_3.jpg,https://www.waitrose.com/ecom/products/fragata-piri-piri-hot-peppers/874683-814949-814950,Fragata Piri Piri Hot Peppers,99g,£1.30,£2.29/100g,20% Off. Was £1.65,Food Cupboard
873886,Rowse Manuka Honey 500+ MGO,G,false,3159,https://ecom-su-static-prod.wtrecom.com/images/products/3/LN_873886_BP_3.jpg,https://www.waitrose.com/ecom/products/rowse-manuka-honey-500-mgo/873886-725994-725995,Rowse Manuka Honey 500+ MGO,225g,£21.00,£9.34/100g,,Food Cupboard
873776,Geeta's Pomegranate & Mango Chutney,G,false,3160,https://ecom-su-static-prod.wtrecom.com/images/products/3/LN_873776_BP_3.jpg,https://www.waitrose.com/ecom/products/geetas-pomegranate-mango-chutney/873776-753361-753362,Geeta's Pomegranate & Mango Chutney,230g,£1.95,84.8p/100g,,Food Cupboard
873275,Bisto Best Chicken Gravy Granules,G,false,3161,https://ecom-su-static-prod.wtrecom.com/images/products/3/LN_873275_BP_3.jpg,https://www.waitrose.com/ecom/products/bisto-best-chicken-gravy-granules/873275-824946-824947,Bisto Best Chicken Gravy Granules,390g,£4.80,£1.24/100g,,Food Cupboard
872780,Monty Bojangles Truffle Collection,G,true,3162,https://ecom-su-static-prod.wtrecom.com/images/products/3/LN_872780_BP_3.jpg,https://www.waitrose.com/ecom/products/monty-bojangles-truffle-collection/872780-784612-784613,Monty Bojangles Truffle Collection,190g,£6.40,£3.37/100g,save £1.60. Was £8.00,Food Cupboard
872720,Urban Fruit Gently Baked Pineapple and Coconut,G,true,3163,https://ecom-su-static-prod.wtrecom.com/images/products/3/LN_872720_BP_3.jpg,https://www.waitrose.com/ecom/products/urban-fruit-gently-baked-pineapple-and-coconut/872720-807941-807942,Urban Fruit Gently Baked Pineapple and Coconut,85g,£2.75,£3.24/100g,Add 2 for £4.20,Food Cupboard
872603,Walkers Wotsits Crunchy Extra Flamin' Hot,G,false,3164,https://ecom-su-static-prod.wtrecom.com/images/products/3/LN_872603_BP_3.jpg,https://www.waitrose.com/ecom/products/walkers-wotsits-crunchy-extra-flamin-hot/872603-823871-823872,Walkers Wotsits Crunchy Extra Flamin' Hot,130g,£1.75,£1.35/100g,,Food Cupboard
872459,Candy Kittens Sour Watermelon,G,false,3165,https://ecom-su-static-prod.wtrecom.com/images/products/3/LN_872459_BP_3.jpg,https://www.waitrose.com/ecom/products/candy-kittens-sour-watermelon/872459-777238-777239,Candy Kittens Sour Watermelon,54g,£1.25,£2.32/100g,,Food Cupboard
871892,Eat Natural Nuts & Seeds with Honey,G,true,3166,https://ecom-su-static-prod.wtrecom.com/images/products/3/LN_871892_BP_3.jpg,https://www.waitrose.com/ecom/products/eat-natural-nuts-seeds-with-honey/871892-675290-675291,Eat Natural Nuts & Seeds with Honey,450g,£3.35,74.4p/100g,20% Off. Was £4.25,Food Cupboard
871338,Cooks' Ingredients Smoky 3 Chilli Paste,G,false,3167,https://ecom-su-static-prod.wtrecom.com/images/products/3/LN_871338_BP_3.jpg,https://www.waitrose.com/ecom/products/cooks-ingredients-smoky-3-chilli-paste/871338-784766-784767,Cooks' Ingredients Smoky 3 Chilli Paste,100g,£1.85,£1.85/100g,,Food Cupboard
871103,Quaker Oat So Simple Original Porridge Big Pot,G,false,3168,https://ecom-su-static-prod.wtrecom.com/images/products/3/LN_871103_BP_3.jpg,https://www.waitrose.com/ecom/products/quaker-oat-so-simple-original-porridge-big-pot/871103-443090-443091,Quaker Oat So Simple Original Porridge Big Pot,60g,£1.60,£2.67/100g,,Food Cupboard
870126,Miller's Mondovino Greek Olive Crackers,G,false,3169,https://ecom-su-static-prod.wtrecom.com/images/products/3/LN_870126_BP_3.jpg,https://www.waitrose.com/ecom/products/millers-mondovino-greek-olive-crackers/870126-824217-824218,Miller's Mondovino Greek Olive Crackers,125g,£3.00,£2.40/100g,,Food Cupboard
869803,Clearspring White Miso Soup Paste Organic,G,true,3170,https://ecom-su-static-prod.wtrecom.com/images/products/3/LN_869803_BP_3.jpg,https://www.waitrose.com/ecom/products/clearspring-white-miso-soup-paste-organic/869803-261034-261035,Clearspring White Miso Soup Paste Organic,4x15g,£2.20,£3.67/100g,Reduced to Clear. Was £2.90,Food Cupboard
869062,FUEL10K Super Berry Granola,G,false,3171,https://ecom-su-static-prod.wtrecom.com/images/products/3/LN_869062_BP_3.jpg,https://www.waitrose.com/ecom/products/fuel10k-super-berry-granola/869062-823374-823375,FUEL10K Super Berry Granola,400g,£3.25,81.3p/100g,,Food Cupboard
868531,Cooks' Ingredients Lebanese 7-Spice,G,false,3172,https://ecom-su-static-prod.wtrecom.com/images/products/3/LN_868531_BP_3.jpg,https://www.waitrose.com/ecom/products/cooks-ingredients-lebanese-7-spice/868531-756219-756220,Cooks' Ingredients Lebanese 7-Spice,50g,£2.50,50p/10g,,Food Cupboard
868205,John West Mackerel Fillets in Sweet Chilli,G,false,3173,https://ecom-su-static-prod.wtrecom.com/images/products/3/LN_868205_BP_3.jpg,https://www.waitrose.com/ecom/products/john-west-mackerel-fillets-in-sweet-chilli/868205-409032-409033,John West Mackerel Fillets in Sweet Chilli,115g,£1.95,£1.70/100g,,Food Cupboard
868061,BEAR Blueberry & Banana Smoothie Yo Yos,G,true,3174,https://ecom-su-static-prod.wtrecom.com/images/products/3/LN_868061_BP_3.jpg,https://www.waitrose.com/ecom/products/bear-blueberry-banana-smoothie-yo-yos/868061-759270-759271,BEAR Blueberry & Banana Smoothie Yo Yos,5x20g,£2.00,£2/100g,save 85p. Was £2.85,Food Cupboard
867540,Dr Oetker Bright & Bold 4 cell,G,false,3175,https://ecom-su-static-prod.wtrecom.com/images/products/3/LN_867540_BP_3.jpg,https://www.waitrose.com/ecom/products/dr-oetker-bright-bold-4-cell/867540-817022-817023,Dr Oetker Bright & Bold 4 cell,109g,£2.40,£22.02/kg,,Food Cupboard
867065,Dorset Cereals Golden Syrup Porridge Cereal,G,false,3176,https://ecom-su-static-prod.wtrecom.com/images/products/3/LN_867065_BP_3.jpg,https://www.waitrose.com/ecom/products/dorset-cereals-golden-syrup-porridge-cereal/867065-808116-808117,Dorset Cereals Golden Syrup Porridge Cereal,400g,£2.95,73.8p/100g,,Food Cupboard
865256,Filippo Berio Chilli Flavoured Olive Oil,G,false,3177,https://ecom-su-static-prod.wtrecom.com/images/products/3/LN_865256_BP_3.jpg,https://www.waitrose.com/ecom/products/filippo-berio-chilli-flavoured-olive-oil/865256-745609-745610,Filippo Berio Chilli Flavoured Olive Oil,250ml,£6.75,£2.70/100ml,,Food Cupboard
864958,Waitrose LoveLife Quick Cook Italian 5 Grains,G,false,3178,https://ecom-su-static-prod.wtrecom.com/images/products/3/LN_864958_BP_3.jpg,https://www.waitrose.com/ecom/products/waitrose-lovelife-quick-cook-italian-5-grains/864958-237720-237721,Waitrose LoveLife Quick Cook Italian 5 Grains,250g,£1.80,£7.20/kg,,Food Cupboard
864857,Waitrose Pomegranate Dressing,G,false,3179,https://ecom-su-static-prod.wtrecom.com/images/products/3/LN_864857_BP_3.jpg,https://www.waitrose.com/ecom/products/waitrose-pomegranate-dressing/864857-826778-826779,Waitrose Pomegranate Dressing,235ml,£2.20,93.6p/100ml,,Food Cupboard
864550,Patum Peperium The Poacher's Relish,G,false,3180,https://ecom-su-static-prod.wtrecom.com/images/products/3/LN_864550_BP_3.jpg,https://www.waitrose.com/ecom/products/patum-peperium-the-poachers-relish/864550-703599-703600,Patum Peperium The Poacher's Relish,39g,£2.50,£6.42/100g,,Food Cupboard
864111,Lindt Classic Recipe Hazelnut,G,false,3181,https://ecom-su-static-prod.wtrecom.com/images/products/3/LN_864111_BP_3.jpg,https://www.waitrose.com/ecom/products/lindt-classic-recipe-hazelnut/864111-825446-825447,Lindt Classic Recipe Hazelnut,190g,£3.25,£1.72/100g,,Food Cupboard
863698,Cadbury Dairy Milk Crunchie Chocolate Bar,G,false,3182,https://ecom-su-static-prod.wtrecom.com/images/products/3/LN_863698_BP_3.jpg,https://www.waitrose.com/ecom/products/cadbury-dairy-milk-crunchie-chocolate-bar/863698-152010-152011,Cadbury Dairy Milk Crunchie Chocolate Bar,180g,£2.50,£1.39/100g,,Food Cupboard
863652,Bart Thyme,G,false,3183,https://ecom-su-static-prod.wtrecom.com/images/products/3/LN_863652_BP_3.jpg,https://www.waitrose.com/ecom/products/bart-thyme/863652-810488-810489,Bart Thyme,18g,£2.25,£1.25/10g,,Food Cupboard
863365,Mug Shot Sweet & Sour Flavour Noodles,G,false,3184,https://ecom-su-static-prod.wtrecom.com/images/products/3/LN_863365_BP_3.jpg,https://www.waitrose.com/ecom/products/mug-shot-sweet-sour-flavour-noodles/863365-305819-305820,Mug Shot Sweet & Sour Flavour Noodles,67g,£1.00,£1.50/100g,,Food Cupboard
863233,Bart Coriander Seeds,G,false,3185,https://ecom-su-static-prod.wtrecom.com/images/products/3/LN_863233_BP_3.jpg,https://www.waitrose.com/ecom/products/bart-coriander-seeds/863233-810486-810487,Bart Coriander Seeds,20g,£2.25,£1.13/10g,,Food Cupboard
863193,Rowse Hot Honey,G,true,3186,https://ecom-su-static-prod.wtrecom.com/images/products/3/LN_863193_BP_3.jpg,https://www.waitrose.com/ecom/products/rowse-hot-honey/863193-825936-825937,Rowse Hot Honey,340g,£2.00,58.8p/100g,save £1.15. Was £3.15,Food Cupboard
862951,Betty Crocker Rainbow Chip Party Cake Mix,G,false,3187,https://ecom-su-static-prod.wtrecom.com/images/products/3/LN_862951_BP_3.jpg,https://www.waitrose.com/ecom/products/betty-crocker-rainbow-chip-party-cake-mix/862951-675250-675251,Betty Crocker Rainbow Chip Party Cake Mix,425g,£3.15,£7.42/kg,,Food Cupboard
862667,Dr. Oetker Mini Wafer Flowers,G,false,3188,https://ecom-su-static-prod.wtrecom.com/images/products/3/LN_862667_BP_3.jpg,https://www.waitrose.com/ecom/products/dr-oetker-mini-wafer-flowers/862667-817020-817021,Dr. Oetker Mini Wafer Flowers,40Each,£1.85,,,Food Cupboard
862628,Waitrose '1' Number Candle,G,false,3189,https://ecom-su-static-prod.wtrecom.com/images/products/3/LN_862628_BP_3.jpg,https://www.waitrose.com/ecom/products/waitrose-1-number-candle/862628-261008-261009,Waitrose '1' Number Candle,Each,£1.20,£1.20 each,,Food Cupboard
862517,Just Spices Pasta Allrounder,G,false,3190,https://ecom-su-static-prod.wtrecom.com/images/products/3/LN_862517_BP_3.jpg,https://www.waitrose.com/ecom/products/just-spices-pasta-allrounder/862517-805004-805005,Just Spices Pasta Allrounder,45g,£4.00,88.9p/10g,,Food Cupboard
862070,Bounce Cookie Dough Protein Ball,G,true,3191,https://ecom-su-static-prod.wtrecom.com/images/products/3/LN_862070_BP_3.jpg,https://www.waitrose.com/ecom/products/bounce-cookie-dough-protein-ball/862070-812586-812587,Bounce Cookie Dough Protein Ball,40g,£1.00,£2.50/100g,save 70p. Was £1.70,Food Cupboard
862032,Grenade Caramel Chaos,G,true,3192,https://ecom-su-static-prod.wtrecom.com/images/products/3/LN_862032_BP_3.jpg,https://www.waitrose.com/ecom/products/grenade-caramel-chaos/862032-784610-784611,Grenade Caramel Chaos,60g,£2.20,£3.67/100g,save 80p. Was £3.00,Food Cupboard
861634,TRIBE Protein Flapjacks Caramel,G,false,3193,https://ecom-su-static-prod.wtrecom.com/images/products/3/LN_861634_BP_3.jpg,https://www.waitrose.com/ecom/products/tribe-protein-flapjacks-caramel/861634-808114-808115,TRIBE Protein Flapjacks Caramel,3x38g,£3.30,£2.90/100g,,Food Cupboard
861193,Grenade Oreo White,G,true,3194,https://ecom-su-static-prod.wtrecom.com/images/products/3/LN_861193_BP_3.jpg,https://www.waitrose.com/ecom/products/grenade-oreo-white/861193-822289-822290,Grenade Oreo White,60g,£2.20,£3.67/100g,save 80p. Was £3.00,Food Cupboard
861112,Monty Bojangles Persian Pink Cat Tin,G,true,3195,https://ecom-su-static-prod.wtrecom.com/images/products/3/LN_861112_BP_3.jpg,https://www.waitrose.com/ecom/products/monty-bojangles-persian-pink-cat-tin/861112-825934-825935,Monty Bojangles Persian Pink Cat Tin,135g,£10.00,£7.41/100g,save £3.00. Was £13.00,Food Cupboard
860245,Duchy Organic Redcurrant Jelly,G,false,3196,https://ecom-su-static-prod.wtrecom.com/images/products/3/LN_860245_BP_3.jpg,https://www.waitrose.com/ecom/products/duchy-organic-redcurrant-jelly/860245-747626-747627,Duchy Organic Redcurrant Jelly,220g,£3.70,£1.69/100g,,Food Cupboard
860197,Nature's Finest Mandarin in Juice Snack Pack,G,false,3197,https://ecom-su-static-prod.wtrecom.com/images/products/3/LN_860197_BP_3.jpg,https://www.waitrose.com/ecom/products/natures-finest-mandarin-in-juice-snack-pack/860197-824213-824214,Nature's Finest Mandarin in Juice Snack Pack,4x113g,£2.50,£9.20/kg,,Food Cupboard
859256,Bonne Maman Rhubarb & Strawberry Conserve,G,false,3198,https://ecom-su-static-prod.wtrecom.com/images/products/3/LN_859256_BP_3.jpg,https://www.waitrose.com/ecom/products/bonne-maman-rhubarb-strawberry-conserve/859256-725946-725947,Bonne Maman Rhubarb & Strawberry Conserve,370g,£3.50,94.6p/100g,,Food Cupboard
859167,Waitrose Sea Salt & Pepper Cashews,G,false,3199,https://ecom-su-static-prod.wtrecom.com/images/products/3/LN_859167_BP_3.jpg,https://www.waitrose.com/ecom/products/waitrose-sea-salt-pepper-cashews/859167-779028-779029,Waitrose Sea Salt & Pepper Cashews,200g,£2.25,£1.13/100g,,Food Cupboard
858665,Minuto American Pancake Shaker,G,false,3200,https://ecom-su-static-prod.wtrecom.com/images/products/3/LN_858665_BP_3.jpg,https://www.waitrose.com/ecom/products/minuto-american-pancake-shaker/858665-817016-817017,Minuto American Pancake Shaker,155g,£1.00,£6.46/kg,,Food Cupboard
857954,Deliciously Ella Vegan Dark Chocolate,G,false,3201,https://ecom-su-static-prod.wtrecom.com/images/products/3/LN_857954_BP_3.jpg,https://www.waitrose.com/ecom/products/deliciously-ella-vegan-dark-chocolate/857954-798796-798797,Deliciously Ella Vegan Dark Chocolate,80g,£3.15,£3.94/100g,,Food Cupboard
857832,Cooks' Ingredients Caramel Flavouring,G,false,3202,https://ecom-su-static-prod.wtrecom.com/images/products/3/LN_857832_BP_3.jpg,https://www.waitrose.com/ecom/products/cooks-ingredients-caramel-flavouring/857832-331933-331934,Cooks' Ingredients Caramel Flavouring,38ml,£1.50,39.5p/10ml,,Food Cupboard
856965,Forest Feast Orchard Prunes,G,true,3203,https://ecom-su-static-prod.wtrecom.com/images/products/3/LN_856965_BP_3.jpg,https://www.waitrose.com/ecom/products/forest-feast-orchard-prunes/856965-728580-728581,Forest Feast Orchard Prunes,200g,£2.95,£1.48/100g,20% Off. Was £3.70,Food Cupboard
856890,Lindt Excellence Sea Salt Caramel Milk,G,true,3204,https://ecom-su-static-prod.wtrecom.com/images/products/3/LN_856890_BP_3.jpg,https://www.waitrose.com/ecom/products/lindt-excellence-sea-salt-caramel-milk/856890-825930-825931,Lindt Excellence Sea Salt Caramel Milk,100g,£2.15,£2.15/100g,save 60p. Was £2.75,Food Cupboard
856746,Squashies Drumstick Bubblegum,G,false,3205,https://ecom-su-static-prod.wtrecom.com/images/products/3/LN_856746_BP_3.jpg,https://www.waitrose.com/ecom/products/squashies-drumstick-bubblegum/856746-777226-777227,Squashies Drumstick Bubblegum,140g,£1.40,£1/100g,,Food Cupboard
856505,Cadburys Chocolate Cookie Mix 265G,G,false,3206,https://ecom-su-static-prod.wtrecom.com/images/products/3/LN_856505_BP_3.jpg,https://www.waitrose.com/ecom/products/cadburys-chocolate-cookie-mix-265g/856505-817012-817013,Cadburys Chocolate Cookie Mix 265G,265g,£3.15,,,Food Cupboard
856251,Propercorn Lightly Sea Salted,G,true,3207,https://ecom-su-static-prod.wtrecom.com/images/products/3/LN_856251_BP_3.jpg,https://www.waitrose.com/ecom/products/propercorn-lightly-sea-salted/856251-605250-605251,Propercorn Lightly Sea Salted,20g,£1.10,£5.50/100g,"£5 Food to Go Meal Deal: Add 1 Main, 1 Snack and 1 Drink",Food Cupboard
856234,Cooks' Ingredients Jerk Marinade Paste,G,false,3208,https://ecom-su-static-prod.wtrecom.com/images/products/3/LN_856234_BP_3.jpg,https://www.waitrose.com/ecom/products/cooks-ingredients-jerk-marinade-paste/856234-785232-785233,Cooks' Ingredients Jerk Marinade Paste,95g,£1.85,19.5p/10g,,Food Cupboard
855868,Deliciously Ella Peanut Butter Oat Bar,G,true,3209,https://ecom-su-static-prod.wtrecom.com/images/products/3/LN_855868_BP_3.jpg,https://www.waitrose.com/ecom/products/deliciously-ella-peanut-butter-oat-bar/855868-807935-807936,Deliciously Ella Peanut Butter Oat Bar,50g,£1.20,£2.40/100g,"£5 Food to Go Meal Deal: Add 1 Main, 1 Snack and 1 Drink",Food Cupboard
855818,Saxa So-Low Reduced Sodium Sea Salt,G,false,3210,https://ecom-su-static-prod.wtrecom.com/images/products/3/LN_855818_BP_3.jpg,https://www.waitrose.com/ecom/products/saxa-so-low-reduced-sodium-sea-salt/855818-767271-767272,Saxa So-Low Reduced Sodium Sea Salt,350g,£2.70,£7.72/kg,,Food Cupboard
855137,TREK Power Millionaire Shortbread Protein Bars Multipack,G,true,3211,https://ecom-su-static-prod.wtrecom.com/images/products/3/LN_855137_BP_3.jpg,https://www.waitrose.com/ecom/products/trek-power-millionaire-shortbread-protein-bars-multipack/855137-824209-824210,TREK Power Millionaire Shortbread Protein Bars Multipack,3x44g,£3.75,£2.85/100g,save £1.00. Was £4.75,Food Cupboard
855038,Waitrose Cake Board & Box,G,false,3212,https://ecom-su-static-prod.wtrecom.com/images/products/3/LN_855038_BP_3.jpg,https://www.waitrose.com/ecom/products/waitrose-cake-board-box/855038-673127-673128,Waitrose Cake Board & Box,Each,£4.00,£4 each,,Food Cupboard
854900,Meridian Organic Peanut Butter Smooth,G,true,3213,https://ecom-su-static-prod.wtrecom.com/images/products/3/LN_854900_BP_3.jpg,https://www.waitrose.com/ecom/products/meridian-organic-peanut-butter-smooth/854900-801264-801265,Meridian Organic Peanut Butter Smooth,1Kg,£6.50,65p/100g,save £1.40. Was £7.90,Food Cupboard
854627,TREK Gluten Free Protein Peanut Butter Flapjack,G,true,3214,https://ecom-su-static-prod.wtrecom.com/images/products/3/LN_854627_BP_3.jpg,https://www.waitrose.com/ecom/products/trek-gluten-free-protein-peanut-butter-flapjack/854627-791271-791272,TREK Gluten Free Protein Peanut Butter Flapjack,50g,£1.00,£2/100g,save 20p. Was £1.20,Food Cupboard
854555,Spice Tailor Spicy Tarka Lentil Daal,G,false,3215,https://ecom-su-static-prod.wtrecom.com/images/products/3/LN_854555_BP_3.jpg,https://www.waitrose.com/ecom/products/spice-tailor-spicy-tarka-lentil-daal/854555-726863-726864,Spice Tailor Spicy Tarka Lentil Daal,400g,£3.75,93.8p/100g,,Food Cupboard
854358,No.1 Contemporary Chocolate Edition,G,false,3216,https://ecom-su-static-prod.wtrecom.com/images/products/3/LN_854358_BP_3.jpg,https://www.waitrose.com/ecom/products/no1-contemporary-chocolate-edition/854358-759252-759253,No.1 Contemporary Chocolate Edition,155g,£10.00,£6.46/100g,,Food Cupboard
854182,Cheesies Red Leicester Crunchy Popped Cheese,G,false,3217,https://ecom-su-static-prod.wtrecom.com/images/products/3/LN_854182_BP_3.jpg,https://www.waitrose.com/ecom/products/cheesies-red-leicester-crunchy-popped-cheese/854182-804202-804203,Cheesies Red Leicester Crunchy Popped Cheese,60g,£3.65,£6.09/100g,,Food Cupboard
854175,Doritos Dippers Hint of Paprika Sharing Tortilla Chips,G,true,3218,https://ecom-su-static-prod.wtrecom.com/images/products/3/LN_854175_BP_3.jpg,https://www.waitrose.com/ecom/products/doritos-dippers-hint-of-paprika-sharing-tortilla-chips/854175-786412-786413,Doritos Dippers Hint of Paprika Sharing Tortilla Chips,230g,£1.75,76.1p/100g,save 75p. Was £2.50,Food Cupboard
853665,Cooks' Ingredients Rosemary & Thyme Oil,G,false,3219,https://ecom-su-static-prod.wtrecom.com/images/products/3/LN_853665_BP_3.jpg,https://www.waitrose.com/ecom/products/cooks-ingredients-rosemary-thyme-oil/853665-785226-785227,Cooks' Ingredients Rosemary & Thyme Oil,250ml,£3.50,£1.40/100ml,,Food Cupboard
852981,Waitrose Duchy Organic Dried Figs,G,false,3220,https://ecom-su-static-prod.wtrecom.com/images/products/3/LN_852981_BP_3.jpg,https://www.waitrose.com/ecom/products/waitrose-duchy-organic-dried-figs/852981-755119-755120,Waitrose Duchy Organic Dried Figs,250g,£3.75,£1.50/100g,,Food Cupboard
852525,itsu Soy Glaze Crystal Noodle Cup,G,false,3221,https://ecom-su-static-prod.wtrecom.com/images/products/3/LN_852525_BP_3.jpg,https://www.waitrose.com/ecom/products/itsu-soy-glaze-crystal-noodle-cup/852525-815025-815026,itsu Soy Glaze Crystal Noodle Cup,73g,£2.10,£2.88/100g,,Food Cupboard
852488,Fitbakes Belgian Chocolate Crunch,G,true,3222,https://ecom-su-static-prod.wtrecom.com/images/products/3/LN_852488_BP_3.jpg,https://www.waitrose.com/ecom/products/fitbakes-belgian-chocolate-crunch/852488-784606-784607,Fitbakes Belgian Chocolate Crunch,19g,£1.00,£52.64/kg,"£5 Food to Go Meal Deal: Add 1 Main, 1 Snack and 1 Drink",Food Cupboard
852205,Wibble Strawberry Jelly Crystals,G,true,3223,https://ecom-su-static-prod.wtrecom.com/images/products/3/LN_852205_BP_3.jpg,https://www.waitrose.com/ecom/products/wibble-strawberry-jelly-crystals/852205-810826-810827,Wibble Strawberry Jelly Crystals,57g,80p,£1.41/100g,25% Off. Was £1.10,Food Cupboard
851501,Ombar Vegan Centres Hazelnut Truffle Bar,G,false,3224,https://ecom-su-static-prod.wtrecom.com/images/products/3/LN_851501_BP_3.jpg,https://www.waitrose.com/ecom/products/ombar-vegan-centres-hazelnut-truffle-bar/851501-744081-744082,Ombar Vegan Centres Hazelnut Truffle Bar,70g,£3.10,£4.43/100g,,Food Cupboard
851491,BEAR Fruit Splits Strawberry & Apple 5x20g,G,false,3225,https://ecom-su-static-prod.wtrecom.com/images/products/3/LN_851491_BP_3.jpg,https://www.waitrose.com/ecom/products/bear-fruit-splits-strawberry-apple-5x20g/851491-807931-807932,BEAR Fruit Splits Strawberry & Apple 5x20g,5x20g,£3.00,£3/100g,,Food Cupboard
851478,Essential Golden Syrup Instant Oats,G,false,3226,https://ecom-su-static-prod.wtrecom.com/images/products/3/LN_851478_BP_3.jpg,https://www.waitrose.com/ecom/products/essential-golden-syrup-instant-oats/851478-164852-164853,Essential Golden Syrup Instant Oats,10x39g,£1.50,38.5p/100g,,Food Cupboard
851132,Fearne & Rosie Strawberry Superberry Jam,G,true,3227,https://ecom-su-static-prod.wtrecom.com/images/products/3/LN_851132_BP_3.jpg,https://www.waitrose.com/ecom/products/fearne-rosie-strawberry-superberry-jam/851132-786000-786001,Fearne & Rosie Strawberry Superberry Jam,310g,£2.55,82.3p/100g,20% Off. Was £3.20,Food Cupboard
850591,Cooks' Ingredients Chocolate & Brazilian Orange Icing,G,false,3228,https://ecom-su-static-prod.wtrecom.com/images/products/3/LN_850591_BP_3.jpg,https://www.waitrose.com/ecom/products/cooks-ingredients-chocolate-brazilian-orange-icing/850591-789186-789187,Cooks' Ingredients Chocolate & Brazilian Orange Icing,400g,£2.75,£6.88/kg,,Food Cupboard
850511,Heinz Roasted Tomato & Black Garlic Pasta Sauce,G,true,3229,https://ecom-su-static-prod.wtrecom.com/images/products/3/LN_850511_BP_3.jpg,https://www.waitrose.com/ecom/products/heinz-roasted-tomato-black-garlic-pasta-sauce/850511-815023-815024,Heinz Roasted Tomato & Black Garlic Pasta Sauce,350g,£1.50,42.9p/100g,save £1.00. Was £2.50,Food Cupboard
850498,Bahlsen Butter Leaves Shortcake Thins,G,true,3230,https://ecom-su-static-prod.wtrecom.com/images/products/3/LN_850498_BP_3.jpg,https://www.waitrose.com/ecom/products/bahlsen-butter-leaves-shortcake-thins/850498-804272-804273,Bahlsen Butter Leaves Shortcake Thins,125g,£1.00,80p/100g,save 40p. Was £1.40,Food Cupboard
850401,Lily O'Brien's Milk Chocolate Truffles,G,true,3231,https://ecom-su-static-prod.wtrecom.com/images/products/3/LN_850401_BP_3.jpg,https://www.waitrose.com/ecom/products/lily-obriens-milk-chocolate-truffles/850401-784604-784605,Lily O'Brien's Milk Chocolate Truffles,200g,£4.00,£2/100g,20% Off. Was £5.00,Food Cupboard
850335,Simply Roasted Black Truffle Crisps,G,false,3232,https://ecom-su-static-prod.wtrecom.com/images/products/3/LN_850335_BP_3.jpg,https://www.waitrose.com/ecom/products/simply-roasted-black-truffle-crisps/850335-786398-786399,Simply Roasted Black Truffle Crisps,93g,£2.30,£2.48/100g,,Food Cupboard
849793,Cooks' Ingredients Natural Blue Food Colouring,G,false,3233,https://ecom-su-static-prod.wtrecom.com/images/products/3/LN_849793_BP_3.jpg,https://www.waitrose.com/ecom/products/cooks-ingredients-natural-blue-food-colouring/849793-810824-810825,Cooks' Ingredients Natural Blue Food Colouring,38ml,£1.00,26.3p/10ml,,Food Cupboard
849752,Kallo Organic Chicken Stock Pot,G,false,3234,https://ecom-su-static-prod.wtrecom.com/images/products/3/LN_849752_BP_3.jpg,https://www.waitrose.com/ecom/products/kallo-organic-chicken-stock-pot/849752-824934-824935,Kallo Organic Chicken Stock Pot,4x24g,£2.50,£2.61/100g,,Food Cupboard
849621,Ritter Sport Fine Extra Dark Chocolate 70%,G,false,3235,https://ecom-su-static-prod.wtrecom.com/images/products/3/LN_849621_BP_3.jpg,https://www.waitrose.com/ecom/products/ritter-sport-fine-extra-dark-chocolate-70/849621-825920-825921,Ritter Sport Fine Extra Dark Chocolate 70%,100g,£1.85,£1.85/100g,,Food Cupboard
849609,Wrights Madeira Cake Mix,G,false,3236,https://ecom-su-static-prod.wtrecom.com/images/products/3/LN_849609_BP_3.jpg,https://www.waitrose.com/ecom/products/wrights-madeira-cake-mix/849609-817010-817011,Wrights Madeira Cake Mix,500g,£2.75,£5.50/kg,,Food Cupboard
848737,Tony's Chocolonely Dark Milk Brownie,G,false,3237,https://ecom-su-static-prod.wtrecom.com/images/products/3/LN_848737_BP_3.jpg,https://www.waitrose.com/ecom/products/tonys-chocolonely-dark-milk-brownie/848737-785836-785837,Tony's Chocolonely Dark Milk Brownie,180g,£3.50,£1.95/100g,,Food Cupboard
848575,Cooks' Ingredients Silican Lemon Extract,G,false,3238,https://ecom-su-static-prod.wtrecom.com/images/products/3/LN_848575_BP_3.jpg,https://www.waitrose.com/ecom/products/cooks-ingredients-silican-lemon-extract/848575-260980-260981,Cooks' Ingredients Silican Lemon Extract,38ml,£1.50,39.5p/10ml,,Food Cupboard
848516,Raw Halo Dark & Salted Caramel,G,true,3239,https://ecom-su-static-prod.wtrecom.com/images/products/3/LN_848516_BP_3.jpg,https://www.waitrose.com/ecom/products/raw-halo-dark-salted-caramel/848516-687687-687688,Raw Halo Dark & Salted Caramel,70g,£2.40,£3.43/100g,20% Off. Was £3.00,Food Cupboard
848471,Kings Soft BBQ Jerky,G,false,3240,https://ecom-su-static-prod.wtrecom.com/images/products/3/LN_848471_BP_3.jpg,https://www.waitrose.com/ecom/products/kings-soft-bbq-jerky/848471-755095-755096,Kings Soft BBQ Jerky,60g,£2.90,£4.84/100g,,Food Cupboard
847867,Lee Kum Kee Chiu Chow Chilli Oil,G,true,3241,https://ecom-su-static-prod.wtrecom.com/images/products/3/LN_847867_BP_3.jpg,https://www.waitrose.com/ecom/products/lee-kum-kee-chiu-chow-chilli-oil/847867-245023-245024,Lee Kum Kee Chiu Chow Chilli Oil,170g,£2.40,£1.42/100g,25% Off. Was £3.25,Food Cupboard
847774,Cadbury Chocolate Icing,G,false,3242,https://ecom-su-static-prod.wtrecom.com/images/products/3/LN_847774_BP_3.jpg,https://www.waitrose.com/ecom/products/cadbury-chocolate-icing/847774-752681-752682,Cadbury Chocolate Icing,400g,£3.15,78.8p/100g,,Food Cupboard
846688,Chika's Black Pepper Cashews,G,true,3243,https://ecom-su-static-prod.wtrecom.com/images/products/3/LN_846688_BP_3.jpg,https://www.waitrose.com/ecom/products/chikas-black-pepper-cashews/846688-443066-443067,Chika's Black Pepper Cashews,100g,£3.00,£3/100g,20% Off. Was £3.80,Food Cupboard
846359,Cooks' Ingredients Fines Herbes,G,true,3244,https://ecom-su-static-prod.wtrecom.com/images/products/3/LN_846359_BP_3.jpg,https://www.waitrose.com/ecom/products/cooks-ingredients-fines-herbes/846359-785214-785215,Cooks' Ingredients Fines Herbes,11g,£1.60,£1.46/10g,Add 2 for £2.75,Food Cupboard
846344,SILICONE CAKE CASES 12PK,G,false,3245,https://ecom-su-static-prod.wtrecom.com/images/products/3/LN_846344_BP_3.jpg,https://www.waitrose.com/ecom/products/silicone-cake-cases-12pk/846344-801258-801259,SILICONE CAKE CASES 12PK,Each,£5.00,£5 each,,Food Cupboard
846241,Palacio de Oriente Spanish Mussels in Sauce,G,false,3246,https://ecom-su-static-prod.wtrecom.com/images/products/3/LN_846241_BP_3.jpg,https://www.waitrose.com/ecom/products/palacio-de-oriente-spanish-mussels-in-sauce/846241-631643-631644,Palacio de Oriente Spanish Mussels in Sauce,drained 68g,£1.90,£2.80/100g,,Food Cupboard
845904,Cooks' Ingredients Marjoram,G,true,3247,https://ecom-su-static-prod.wtrecom.com/images/products/3/LN_845904_BP_3.jpg,https://www.waitrose.com/ecom/products/cooks-ingredients-marjoram/845904-785212-785213,Cooks' Ingredients Marjoram,9g,£1.60,£1.78/10g,Add 2 for £2.75,Food Cupboard
845878,NOMO Cookie Dough,G,true,3248,https://ecom-su-static-prod.wtrecom.com/images/products/3/LN_845878_BP_3.jpg,https://www.waitrose.com/ecom/products/nomo-cookie-dough/845878-806704-806705,NOMO Cookie Dough,150g,£2.70,£1.80/100g,save 90p. Was £3.60,Food Cupboard
845832,John West Fridge Pot Tuna Steak Spring Water,G,false,3249,https://ecom-su-static-prod.wtrecom.com/images/products/3/LN_845832_BP_3.jpg,https://www.waitrose.com/ecom/products/john-west-fridge-pot-tuna-steak-spring-water/845832-631641-631642,John West Fridge Pot Tuna Steak Spring Water,110g,£2.50,£2.28/100g,,Food Cupboard
845691,Capsicana Mexican Smoky Chipotle Fajita Kit,G,false,3250,https://ecom-su-static-prod.wtrecom.com/images/products/3/LN_845691_BP_3.jpg,https://www.waitrose.com/ecom/products/capsicana-mexican-smoky-chipotle-fajita-kit/845691-813816-813817,Capsicana Mexican Smoky Chipotle Fajita Kit,455g,£4.40,96.7p/100g,,Food Cupboard
844910,Deliciously Ella Cacao & Almond Oat Bar,G,true,3251,https://ecom-su-static-prod.wtrecom.com/images/products/3/LN_844910_BP_3.jpg,https://www.waitrose.com/ecom/products/deliciously-ella-cacao-almond-oat-bar/844910-807929-807930,Deliciously Ella Cacao & Almond Oat Bar,50g,£1.20,£2.40/100g,"£5 Food to Go Meal Deal: Add 1 Main, 1 Snack and 1 Drink",Food Cupboard
844810,Manomasa Chipotle & Lime Tortilla Chips,G,true,3252,https://ecom-su-static-prod.wtrecom.com/images/products/3/LN_844810_BP_3.jpg,https://www.waitrose.com/ecom/products/manomasa-chipotle-lime-tortilla-chips/844810-751509-751510,Manomasa Chipotle & Lime Tortilla Chips,35g,£1.00,£2.86/100g,"£5 Food to Go Meal Deal: Add 1 Main, 1 Snack and 1 Drink",Food Cupboard
844214,Cooks' Ingredients Deggi Mirch Blend,G,false,3253,https://ecom-su-static-prod.wtrecom.com/images/products/3/LN_844214_BP_3.jpg,https://www.waitrose.com/ecom/products/cooks-ingredients-deggi-mirch-blend/844214-784762-784763,Cooks' Ingredients Deggi Mirch Blend,50g,£2.00,40p/10g,,Food Cupboard
844165,Idahoan Butter & Herb Mash,G,false,3254,https://ecom-su-static-prod.wtrecom.com/images/products/3/LN_844165_BP_3.jpg,https://www.waitrose.com/ecom/products/idahoan-butter-herb-mash/844165-820676-820677,Idahoan Butter & Herb Mash,109g,£1.55,£14.23/kg,,Food Cupboard
843781,Cooks' Ingredients Red Chilli Paste,G,false,3255,https://ecom-su-static-prod.wtrecom.com/images/products/3/LN_843781_BP_3.jpg,https://www.waitrose.com/ecom/products/cooks-ingredients-red-chilli-paste/843781-785208-785209,Cooks' Ingredients Red Chilli Paste,95g,£1.85,19.5p/10g,,Food Cupboard
843424,Lindt Swiss Luxury Selection,G,false,3256,https://ecom-su-static-prod.wtrecom.com/images/products/3/LN_843424_BP_3.jpg,https://www.waitrose.com/ecom/products/lindt-swiss-luxury-selection/843424-810120-810121,Lindt Swiss Luxury Selection,143g,£8.00,£5.60/100g,,Food Cupboard
843311,Gluten Free Twix Chocolate & Caramel Cookie Multipack,G,false,3257,https://ecom-su-static-prod.wtrecom.com/images/products/3/LN_843311_BP_3.jpg,https://www.waitrose.com/ecom/products/gluten-free-twix-chocolate-caramel-cookie-multipack/843311-812571-812572,Gluten Free Twix Chocolate & Caramel Cookie Multipack,4x30g,£2.95,£2.46/100g,,Food Cupboard
842726,Perkier Salted Caramel Dark Chocolate,G,false,3258,https://ecom-su-static-prod.wtrecom.com/images/products/3/LN_842726_BP_3.jpg,https://www.waitrose.com/ecom/products/perkier-salted-caramel-dark-chocolate/842726-824203-824204,Perkier Salted Caramel Dark Chocolate,3x37g,£3.00,£2.71/100g,,Food Cupboard
842247,Monty Bojangles Perfectly Creamy Milk Chocolate Bar,G,true,3259,https://ecom-su-static-prod.wtrecom.com/images/products/3/LN_842247_BP_3.jpg,https://www.waitrose.com/ecom/products/monty-bojangles-perfectly-creamy-milk-chocolate-bar/842247-825916-825917,Monty Bojangles Perfectly Creamy Milk Chocolate Bar,150g,£2.50,£1.67/100g,save 50p. Was £3.00,Food Cupboard
841809,Mug Shot Roast Chicken Flavour Pasta,G,false,3260,https://ecom-su-static-prod.wtrecom.com/images/products/3/LN_841809_BP_3.jpg,https://www.waitrose.com/ecom/products/mug-shot-roast-chicken-flavour-pasta/841809-162232-162233,Mug Shot Roast Chicken Flavour Pasta,55g,£1.00,£1.82/100g,,Food Cupboard
841156,John West No Drain Tuna Chunks in Brine,G,false,3261,https://ecom-su-static-prod.wtrecom.com/images/products/3/LN_841156_BP_3.jpg,https://www.waitrose.com/ecom/products/john-west-no-drain-tuna-chunks-in-brine/841156-806838-806839,John West No Drain Tuna Chunks in Brine,3x110g,£5.25,£1.60/100g,,Food Cupboard
841106,The Spice Tailor Proper Parsi Dhansak,G,true,3262,https://ecom-su-static-prod.wtrecom.com/images/products/3/LN_841106_BP_3.jpg,https://www.waitrose.com/ecom/products/the-spice-tailor-proper-parsi-dhansak/841106-499530-499531,The Spice Tailor Proper Parsi Dhansak,300g,£3.75,£1.25/100g,Add 2 for £5,Food Cupboard
841096,Bart Ground Coriander,G,false,3263,https://ecom-su-static-prod.wtrecom.com/images/products/3/LN_841096_BP_3.jpg,https://www.waitrose.com/ecom/products/bart-ground-coriander/841096-810482-810483,Bart Ground Coriander,30g,£2.25,75p/10g,,Food Cupboard
841070,Create a Cake 2D Mini Blossoms 48s,G,false,3264,https://ecom-su-static-prod.wtrecom.com/images/products/3/LN_841070_BP_3.jpg,https://www.waitrose.com/ecom/products/create-a-cake-2d-mini-blossoms-48s/841070-817006-817007,Create a Cake 2D Mini Blossoms 48s,48Each,£1.85,3.9p each,,Food Cupboard
841032,Duchy Organic Ground Coriander,G,false,3265,https://ecom-su-static-prod.wtrecom.com/images/products/3/LN_841032_BP_3.jpg,https://www.waitrose.com/ecom/products/duchy-organic-ground-coriander/841032-785204-785205,Duchy Organic Ground Coriander,40g,£1.95,48.8p/10g,,Food Cupboard
840712,Nielsen-Massey Rose Water,G,false,3266,https://ecom-su-static-prod.wtrecom.com/images/products/3/LN_840712_BP_3.jpg,https://www.waitrose.com/ecom/products/nielsen-massey-rose-water/840712-260966-260967,Nielsen-Massey Rose Water,60ml,£4.20,£7/100ml,,Food Cupboard
839469,Waitrose Fruit & Nut Mix,G,false,3267,https://ecom-su-static-prod.wtrecom.com/images/products/3/LN_839469_BP_3.jpg,https://www.waitrose.com/ecom/products/waitrose-fruit-nut-mix/839469-819227-819228,Waitrose Fruit & Nut Mix,50g,£1.00,£2/100g,,Food Cupboard
839384,Gallo Nero Black Wholegrain Rice,G,true,3268,https://ecom-su-static-prod.wtrecom.com/images/products/3/LN_839384_BP_3.jpg,https://www.waitrose.com/ecom/products/gallo-nero-black-wholegrain-rice/839384-408449-408450,Gallo Nero Black Wholegrain Rice,500g,£2.25,£4.50/kg,25% Off. Was £3.00,Food Cupboard
839212,Filippo Berio Classic Olive Oil,G,false,3269,https://ecom-su-static-prod.wtrecom.com/images/products/3/LN_839212_BP_3.jpg,https://www.waitrose.com/ecom/products/filippo-berio-classic-olive-oil/839212-724678-724679,Filippo Berio Classic Olive Oil,3litre,£40.60,£1.36/100ml,,Food Cupboard
839093,Lily O'Brien's Salted Caramel Truffles,G,true,3270,https://ecom-su-static-prod.wtrecom.com/images/products/3/LN_839093_BP_3.jpg,https://www.waitrose.com/ecom/products/lily-obriens-salted-caramel-truffles/839093-784596-784597,Lily O'Brien's Salted Caramel Truffles,200g,£4.00,£2/100g,20% Off. Was £5.00,Food Cupboard
838988,"Yo! Soy, Ginger & Garlic Yakisoba",G,false,3271,https://ecom-su-static-prod.wtrecom.com/images/products/3/LN_838988_BP_3.jpg,https://www.waitrose.com/ecom/products/yo-soy-ginger-garlic-yakisoba/838988-703478-703479,"Yo! Soy, Ginger & Garlic Yakisoba",100g,£1.25,£1.25/100g,,Food Cupboard
838985,Thai Taste Thai Sticky Rice Kao Niao Thai,G,true,3272,https://ecom-su-static-prod.wtrecom.com/images/products/3/LN_838985_BP_3.jpg,https://www.waitrose.com/ecom/products/thai-taste-thai-sticky-rice-kao-niao-thai/838985-347904-347905,Thai Taste Thai Sticky Rice Kao Niao Thai,200g,£1.50,£7.50/kg,Reduced to Clear. Was £1.85,Food Cupboard
838451,Fulfil Chocolate Salted Caramel Bar,G,true,3273,https://ecom-su-static-prod.wtrecom.com/images/products/3/LN_838451_BP_3.jpg,https://www.waitrose.com/ecom/products/fulfil-chocolate-salted-caramel-bar/838451-693276-693277,Fulfil Chocolate Salted Caramel Bar,40g,£2.45,£6.13/100g,"£5 Food to Go Meal Deal: Add 1 Main, 1 Snack and 1 Drink",Food Cupboard
837760,Raw Halo Mylk & Vanilla,G,true,3274,https://ecom-su-static-prod.wtrecom.com/images/products/3/LN_837760_BP_3.jpg,https://www.waitrose.com/ecom/products/raw-halo-mylk-vanilla/837760-687579-687580,Raw Halo Mylk & Vanilla,70g,£2.40,£3.43/100g,20% Off. Was £3.00,Food Cupboard
837531,Cooks' Ingredients Natural Red Food Colouring,G,false,3275,https://ecom-su-static-prod.wtrecom.com/images/products/3/LN_837531_BP_3.jpg,https://www.waitrose.com/ecom/products/cooks-ingredients-natural-red-food-colouring/837531-810818-810819,Cooks' Ingredients Natural Red Food Colouring,38ml,£1.00,26.3p/10ml,,Food Cupboard
837457,Miller's Mondovino Italian Tomato Crackers,G,false,3276,https://ecom-su-static-prod.wtrecom.com/images/products/3/LN_837457_BP_3.jpg,https://www.waitrose.com/ecom/products/millers-mondovino-italian-tomato-crackers/837457-824199-824200,Miller's Mondovino Italian Tomato Crackers,125g,£3.00,£2.40/100g,,Food Cupboard
837160,Waitrose '6' Number Candle,G,false,3277,https://ecom-su-static-prod.wtrecom.com/images/products/3/LN_837160_BP_3.jpg,https://www.waitrose.com/ecom/products/waitrose-6-number-candle/837160-260956-260957,Waitrose '6' Number Candle,Each,£1.20,£1.20 each,,Food Cupboard
837069,Cooks' Ingredients Yellow Mustard Seeds,G,true,3278,https://ecom-su-static-prod.wtrecom.com/images/products/3/LN_837069_BP_3.jpg,https://www.waitrose.com/ecom/products/cooks-ingredients-yellow-mustard-seeds/837069-785200-785201,Cooks' Ingredients Yellow Mustard Seeds,58g,£1.60,27.6p/10g,Add 2 for £2.75,Food Cupboard
836173,"Waitrose Belgian Choc, Praline & Caramel Box",G,false,3279,https://ecom-su-static-prod.wtrecom.com/images/products/3/LN_836173_BP_3.jpg,https://www.waitrose.com/ecom/products/waitrose-belgian-choc-praline-caramel-box/836173-759224-759225,"Waitrose Belgian Choc, Praline & Caramel Box",148g,£6.50,£4.40/100g,,Food Cupboard
836163,Millers Mondovino Moroccan Spice,G,false,3280,https://ecom-su-static-prod.wtrecom.com/images/products/3/LN_836163_BP_3.jpg,https://www.waitrose.com/ecom/products/millers-mondovino-moroccan-spice/836163-824197-824198,Millers Mondovino Moroccan Spice,125g,£3.00,£2.40/100g,,Food Cupboard
835953,Walkers Baked Crisps Cheese & Onion Snacks,G,true,3281,https://ecom-su-static-prod.wtrecom.com/images/products/3/LN_835953_BP_3.jpg,https://www.waitrose.com/ecom/products/walkers-baked-crisps-cheese-onion-snacks/835953-688365-688366,Walkers Baked Crisps Cheese & Onion Snacks,37.5g,£1.00,£2.67/100g,"£5 Food to Go Meal Deal: Add 1 Main, 1 Snack and 1 Drink",Food Cupboard
833999,Popchips Popcorn Salted,G,true,3282,https://ecom-su-static-prod.wtrecom.com/images/products/3/LN_833999_BP_3.jpg,https://www.waitrose.com/ecom/products/popchips-popcorn-salted/833999-810114-810115,Popchips Popcorn Salted,67g,£1.35,£2.02/100g,save 65p. Was £2.00,Food Cupboard
833834,Cooks' Ingredients Chocolate Mini Jazzies,G,false,3283,https://ecom-su-static-prod.wtrecom.com/images/products/3/LN_833834_BP_3.jpg,https://www.waitrose.com/ecom/products/cooks-ingredients-chocolate-mini-jazzies/833834-752673-752674,Cooks' Ingredients Chocolate Mini Jazzies,50g,£1.30,£26/kg,,Food Cupboard
833790,Renshaw Luxury Bakers' Caramel,G,false,3284,https://ecom-su-static-prod.wtrecom.com/images/products/3/LN_833790_BP_3.jpg,https://www.waitrose.com/ecom/products/renshaw-luxury-bakers-caramel/833790-783200-783201,Renshaw Luxury Bakers' Caramel,400g,£4.50,£1.13/100g,,Food Cupboard
833754,Monty Bojangles Millionaire Caramel Milk Chocolate Bar,G,true,3285,https://ecom-su-static-prod.wtrecom.com/images/products/3/LN_833754_BP_3.jpg,https://www.waitrose.com/ecom/products/monty-bojangles-millionaire-caramel-milk-chocolate-bar/833754-825912-825913,Monty Bojangles Millionaire Caramel Milk Chocolate Bar,150g,£2.50,£1.67/100g,save 50p. Was £3.00,Food Cupboard
833444,Bart Saffron,G,false,3286,https://ecom-su-static-prod.wtrecom.com/images/products/3/LN_833444_BP_3.jpg,https://www.waitrose.com/ecom/products/bart-saffron/833444-810480-810481,Bart Saffron,0.4g,£4.50,£112.50/10g,,Food Cupboard
832936,Forest Feast Dark Chocolate Figs,G,false,3287,https://ecom-su-static-prod.wtrecom.com/images/products/3/LN_832936_BP_3.jpg,https://www.waitrose.com/ecom/products/forest-feast-dark-chocolate-figs/832936-759216-759217,Forest Feast Dark Chocolate Figs,140g,£3.85,£2.75/100g,,Food Cupboard
831486,No.1 Gouda & Black Pepper Thins,G,false,3288,https://ecom-su-static-prod.wtrecom.com/images/products/3/LN_831486_BP_3.jpg,https://www.waitrose.com/ecom/products/no1-gouda-black-pepper-thins/831486-705744-705745,No.1 Gouda & Black Pepper Thins,70g,£1.85,£2.65/100g,,Food Cupboard
830715,Duchy Organic Ground Ginger,G,false,3289,https://ecom-su-static-prod.wtrecom.com/images/products/3/LN_830715_BP_3.jpg,https://www.waitrose.com/ecom/products/duchy-organic-ground-ginger/830715-785188-785189,Duchy Organic Ground Ginger,32g,£1.95,60.9p/10g,,Food Cupboard
830663,Sacla' Coriander & Chilli Pesto,G,true,3290,https://ecom-su-static-prod.wtrecom.com/images/products/3/LN_830663_BP_3.jpg,https://www.waitrose.com/ecom/products/sacla-coriander-chilli-pesto/830663-785186-785187,Sacla' Coriander & Chilli Pesto,190g,£2.50,£1.32/100g,save £1.00. Was £3.50,Food Cupboard
830529,Waitrose Cake Candles 16s,G,false,3291,https://ecom-su-static-prod.wtrecom.com/images/products/3/LN_830529_BP_3.jpg,https://www.waitrose.com/ecom/products/waitrose-cake-candles-16s/830529-260944-260945,Waitrose Cake Candles 16s,16s,£1.50,9.4p each,,Food Cupboard
829990,Waitrose '2' Number Candle,G,false,3292,https://ecom-su-static-prod.wtrecom.com/images/products/3/LN_829990_BP_3.jpg,https://www.waitrose.com/ecom/products/waitrose-2-number-candle/829990-260942-260943,Waitrose '2' Number Candle,Each,£1.20,£1.20 each,,Food Cupboard
829493,John West Fridge Pot Tuna Steak in Olive Oil,G,true,3293,https://ecom-su-static-prod.wtrecom.com/images/products/3/LN_829493_BP_3.jpg,https://www.waitrose.com/ecom/products/john-west-fridge-pot-tuna-steak-in-olive-oil/829493-631619-631620,John West Fridge Pot Tuna Steak in Olive Oil,3x110g,£4.25,£1.29/100g,save £1.75. Was £6.00,Food Cupboard
828576,Heinz Lemon Ricotta Pasta Sauce,G,true,3294,https://ecom-su-static-prod.wtrecom.com/images/products/3/LN_828576_BP_3.jpg,https://www.waitrose.com/ecom/products/heinz-lemon-ricotta-pasta-sauce/828576-815017-815018,Heinz Lemon Ricotta Pasta Sauce,350g,£1.50,42.9p/100g,save £1.00. Was £2.50,Food Cupboard
827892,Kellogg's Plain Wheats Breakfast Cereal,G,false,3295,https://ecom-su-static-prod.wtrecom.com/images/products/3/LN_827892_BP_3.jpg,https://www.waitrose.com/ecom/products/kelloggs-plain-wheats-breakfast-cereal/827892-793614-793615,Kellogg's Plain Wheats Breakfast Cereal,500g,£2.00,40p/100g,,Food Cupboard
827705,No.1 Champagne Truffles,G,true,3296,https://ecom-su-static-prod.wtrecom.com/images/products/3/LN_827705_BP_3.jpg,https://www.waitrose.com/ecom/products/no1-champagne-truffles/827705-731715-731716,No.1 Champagne Truffles,120g,£5.20,£4.34/100g,20% Off. Was £6.50,Food Cupboard
827448,Dr. Oetker Billionaire's Choc Chip,G,false,3297,https://ecom-su-static-prod.wtrecom.com/images/products/3/LN_827448_BP_3.jpg,https://www.waitrose.com/ecom/products/dr-oetker-billionaires-choc-chip/827448-817004-817005,Dr. Oetker Billionaire's Choc Chip,90g,£1.95,£2.17/100g,,Food Cupboard
827278,Encona Extra Hot Scotch Bonnet Sauce,G,false,3298,https://ecom-su-static-prod.wtrecom.com/images/products/3/LN_827278_BP_3.jpg,https://www.waitrose.com/ecom/products/encona-extra-hot-scotch-bonnet-sauce/827278-758736-758737,Encona Extra Hot Scotch Bonnet Sauce,220ml,£1.80,81.8p/100ml,,Food Cupboard
827120,Pip & Nut Smooth Peanut Butter,G,true,3299,https://ecom-su-static-prod.wtrecom.com/images/products/3/LN_827120_BP_3.jpg,https://www.waitrose.com/ecom/products/pip-nut-smooth-peanut-butter/827120-825908-825909,Pip & Nut Smooth Peanut Butter,1Kg,£6.00,60p/100g,save £1.00. Was £7.00,Food Cupboard
826746,No.1 Designer Chocolate Edition,G,false,3300,https://ecom-su-static-prod.wtrecom.com/images/products/3/LN_826746_BP_3.jpg,https://www.waitrose.com/ecom/products/no1-designer-chocolate-edition/826746-759214-759215,No.1 Designer Chocolate Edition,133g,£10.00,£7.52/100g,,Food Cupboard
826197,PhD Smart Bar Choc Peanut Butter,G,true,3301,https://ecom-su-static-prod.wtrecom.com/images/products/3/LN_826197_BP_3.jpg,https://www.waitrose.com/ecom/products/phd-smart-bar-choc-peanut-butter/826197-765362-765363,PhD Smart Bar Choc Peanut Butter,64g,£1.85,£2.90/100g,save 90p. Was £2.75,Food Cupboard
826062,Tony's Chocolonely Littl' Bits Marshmallow Mix,G,false,3302,https://ecom-su-static-prod.wtrecom.com/images/products/3/LN_826062_BP_3.jpg,https://www.waitrose.com/ecom/products/tonys-chocolonely-littl-bits-marshmallow-mix/826062-810108-810109,Tony's Chocolonely Littl' Bits Marshmallow Mix,100g,£2.50,£2.50/100g,,Food Cupboard
825365,Moo Free Vegan White Cocoa Bar,G,false,3303,https://ecom-su-static-prod.wtrecom.com/images/products/3/LN_825365_BP_3.jpg,https://www.waitrose.com/ecom/products/moo-free-vegan-white-cocoa-bar/825365-745497-745498,Moo Free Vegan White Cocoa Bar,20g,80p,£4/100g,,Food Cupboard
825294,No.1 Blonde Chocolate,G,false,3304,https://ecom-su-static-prod.wtrecom.com/images/products/3/LN_825294_BP_3.jpg,https://www.waitrose.com/ecom/products/no1-blonde-chocolate/825294-784590-784591,No.1 Blonde Chocolate,100g,£2.25,£2.25/100g,,Food Cupboard
825285,Hellmann's Cheddar Sauce,G,true,3305,https://ecom-su-static-prod.wtrecom.com/images/products/3/LN_825285_BP_3.jpg,https://www.waitrose.com/ecom/products/hellmanns-cheddar-sauce/825285-804518-804519,Hellmann's Cheddar Sauce,250ml,£2.00,80p/100ml,save 80p. Was £2.80,Food Cupboard
825048,Gran Luchito Tomatillo Salsa,G,false,3306,https://ecom-su-static-prod.wtrecom.com/images/products/3/LN_825048_BP_3.jpg,https://www.waitrose.com/ecom/products/gran-luchito-tomatillo-salsa/825048-600914-600915,Gran Luchito Tomatillo Salsa,300g,£3.00,£1/100g,,Food Cupboard
824617,Waitrose Piccalilli,G,false,3307,https://ecom-su-static-prod.wtrecom.com/images/products/3/LN_824617_BP_3.jpg,https://www.waitrose.com/ecom/products/waitrose-piccalilli/824617-294203-294204,Waitrose Piccalilli,285g,£2.50,87.7p/100g,,Food Cupboard
824423,Quaker Oat So Simple Big Bowl Golden Syrup Porridge Sachets,G,true,3308,https://ecom-su-static-prod.wtrecom.com/images/products/3/LN_824423_BP_3.jpg,https://www.waitrose.com/ecom/products/quaker-oat-so-simple-big-bowl-golden-syrup-porridge-sachets/824423-234227-234228,Quaker Oat So Simple Big Bowl Golden Syrup Porridge Sachets,298g,£1.75,58.7p/100g,save 90p. Was £2.65,Food Cupboard
823339,Waitrose Reduced Sugar Raspberry Preserve,G,false,3309,https://ecom-su-static-prod.wtrecom.com/images/products/3/LN_823339_BP_3.jpg,https://www.waitrose.com/ecom/products/waitrose-reduced-sugar-raspberry-preserve/823339-759419-759420,Waitrose Reduced Sugar Raspberry Preserve,310g,£2.25,72.6p/100g,,Food Cupboard
823176,Patum Peperium The Angler's Finest Relish,G,false,3310,https://ecom-su-static-prod.wtrecom.com/images/products/3/LN_823176_BP_3.jpg,https://www.waitrose.com/ecom/products/patum-peperium-the-anglers-finest-relish/823176-703422-703423,Patum Peperium The Angler's Finest Relish,37g,£2.50,£6.76/100g,,Food Cupboard
823113,Budweiser Buffalo Chicken Wing Crispy Peanuts,G,true,3311,https://ecom-su-static-prod.wtrecom.com/images/products/3/LN_823113_BP_3.jpg,https://www.waitrose.com/ecom/products/budweiser-buffalo-chicken-wing-crispy-peanuts/823113-812563-812564,Budweiser Buffalo Chicken Wing Crispy Peanuts,150g,£1.30,86.7p/100g,save 50p. Was £1.80,Food Cupboard
822463,Raw Halo Dark 85%,G,true,3312,https://ecom-su-static-prod.wtrecom.com/images/products/3/LN_822463_BP_3.jpg,https://www.waitrose.com/ecom/products/raw-halo-dark-85/822463-687415-687416,Raw Halo Dark 85%,70g,£2.40,£3.43/100g,20% Off. Was £3.00,Food Cupboard
821803,Grenade Cookie Dough,G,true,3313,https://ecom-su-static-prod.wtrecom.com/images/products/3/LN_821803_BP_3.jpg,https://www.waitrose.com/ecom/products/grenade-cookie-dough/821803-784584-784585,Grenade Cookie Dough,60g,£2.20,£3.67/100g,save 80p. Was £3.00,Food Cupboard
821260,Thai Taste Vegan Fish Sauce,G,true,3314,https://ecom-su-static-prod.wtrecom.com/images/products/3/LN_821260_BP_3.jpg,https://www.waitrose.com/ecom/products/thai-taste-vegan-fish-sauce/821260-690552-690553,Thai Taste Vegan Fish Sauce,180ml,£1.75,97.2p/100ml,Reduced to Clear. Was £2.25,Food Cupboard
821206,No.1 Almond-Stuffed Greek Halkidiki Olives,G,true,3315,https://ecom-su-static-prod.wtrecom.com/images/products/3/LN_821206_BP_3.jpg,https://www.waitrose.com/ecom/products/no1-almond-stuffed-greek-halkidiki-olives/821206-827483-827484,No.1 Almond-Stuffed Greek Halkidiki Olives,200g,£2.95,£26.82/kg,Introductory Offer.Will be £3.70,Food Cupboard
821147,Knorr Hairy Bikers Meat Free Chicken Stock Pots,G,false,3316,https://ecom-su-static-prod.wtrecom.com/images/products/3/LN_821147_BP_3.jpg,https://www.waitrose.com/ecom/products/knorr-hairy-bikers-meat-free-chicken-stock-pots/821147-813000-813001,Knorr Hairy Bikers Meat Free Chicken Stock Pots,104g,£2.00,£1.93/100g,,Food Cupboard
820550,Bart Tarragon,G,false,3317,https://ecom-su-static-prod.wtrecom.com/images/products/3/LN_820550_BP_3.jpg,https://www.waitrose.com/ecom/products/bart-tarragon/820550-810478-810479,Bart Tarragon,7.5g,£2.25,£3/10g,,Food Cupboard
818721,Schar Gluten Free Soft Baked Cookies Double Chocolate,G,false,3318,https://ecom-su-static-prod.wtrecom.com/images/products/3/LN_818721_BP_3.jpg,https://www.waitrose.com/ecom/products/schar-gluten-free-soft-baked-cookies-double-chocolate/818721-812559-812560,Schar Gluten Free Soft Baked Cookies Double Chocolate,210g,£2.60,£1.24/100g,,Food Cupboard
818302,Covermte Stretch To Fit Food Covers,G,false,3319,https://ecom-su-static-prod.wtrecom.com/images/products/3/LN_818302_BP_3.jpg,https://www.waitrose.com/ecom/products/covermte-stretch-to-fit-food-covers/818302-462426-462427,Covermte Stretch To Fit Food Covers,8s,£3.40,42.5p each,,Food Cupboard
817058,Kabuto Noodles Singapore Noodles,G,true,3320,https://ecom-su-static-prod.wtrecom.com/images/products/3/LN_817058_BP_3.jpg,https://www.waitrose.com/ecom/products/kabuto-noodles-singapore-noodles/817058-781165-781166,Kabuto Noodles Singapore Noodles,65g,£1.30,£2/100g,save 45p. Was £1.75,Food Cupboard
816624,Waitrose Dried Apricots,G,false,3321,https://ecom-su-static-prod.wtrecom.com/images/products/3/LN_816624_BP_3.jpg,https://www.waitrose.com/ecom/products/waitrose-dried-apricots/816624-819109-819110,Waitrose Dried Apricots,50g,£1.00,£20/kg,,Food Cupboard
816320,Cooks' Ingredients Anglesey Sea Salt,G,false,3322,https://ecom-su-static-prod.wtrecom.com/images/products/3/LN_816320_BP_3.jpg,https://www.waitrose.com/ecom/products/cooks-ingredients-anglesey-sea-salt/816320-785170-785171,Cooks' Ingredients Anglesey Sea Salt,170g,£5.00,£29.42/kg,,Food Cupboard
816270,Fulfil Chocolate Hazelnut Whip Bar,G,true,3323,https://ecom-su-static-prod.wtrecom.com/images/products/3/LN_816270_BP_3.jpg,https://www.waitrose.com/ecom/products/fulfil-chocolate-hazelnut-whip-bar/816270-802122-802123,Fulfil Chocolate Hazelnut Whip Bar,40g,£2.45,£6.13/100g,"£5 Food to Go Meal Deal: Add 1 Main, 1 Snack and 1 Drink",Food Cupboard
816044,The Spice Tailor Red Korma,G,true,3324,https://ecom-su-static-prod.wtrecom.com/images/products/3/LN_816044_BP_3.jpg,https://www.waitrose.com/ecom/products/the-spice-tailor-red-korma/816044-690538-690539,The Spice Tailor Red Korma,300g,£3.75,£1.25/100g,Add 2 for £5,Food Cupboard
815604,Hellmann's Squeezy BBQ Sauce,G,false,3325,https://ecom-su-static-prod.wtrecom.com/images/products/3/LN_815604_BP_3.jpg,https://www.waitrose.com/ecom/products/hellmanns-squeezy-bbq-sauce/815604-826536-826537,Hellmann's Squeezy BBQ Sauce,490g,£2.50,51p/100g,,Food Cupboard
815451,Crespo Pitted Dry Black Olives,G,true,3326,https://ecom-su-static-prod.wtrecom.com/images/products/3/LN_815451_BP_3.jpg,https://www.waitrose.com/ecom/products/crespo-pitted-dry-black-olives/815451-669089-669090,Crespo Pitted Dry Black Olives,150g,£2.10,£1.40/100g,25% Off. Was £2.80,Food Cupboard
815133,KP Original Salted Peanuts,G,false,3327,https://ecom-su-static-prod.wtrecom.com/images/products/3/LN_815133_BP_3.jpg,https://www.waitrose.com/ecom/products/kp-original-salted-peanuts/815133-815395-815396,KP Original Salted Peanuts,90g,£1.65,£1.84/100g,,Food Cupboard
814877,Cake Décor Cake Pens,G,false,3328,https://ecom-su-static-prod.wtrecom.com/images/products/3/LN_814877_BP_3.jpg,https://www.waitrose.com/ecom/products/cake-decor-cake-pens/814877-688710-688711,Cake Décor Cake Pens,8s,£3.30,41.3p each,,Food Cupboard
814633,Sauce Shop Honey Sriracha,G,false,3329,https://ecom-su-static-prod.wtrecom.com/images/products/3/LN_814633_BP_3.jpg,https://www.waitrose.com/ecom/products/sauce-shop-honey-sriracha/814633-810476-810477,Sauce Shop Honey Sriracha,190ml,£2.95,,,Food Cupboard
814392,Cooks' Ingredients Kimchi Paste,G,false,3330,https://ecom-su-static-prod.wtrecom.com/images/products/3/LN_814392_BP_3.jpg,https://www.waitrose.com/ecom/products/cooks-ingredients-kimchi-paste/814392-672995-672996,Cooks' Ingredients Kimchi Paste,180g,£1.85,£1.03/100g,,Food Cupboard
813335,Kallo Organic Vegetable Stock Pot,G,false,3331,https://ecom-su-static-prod.wtrecom.com/images/products/3/LN_813335_BP_3.jpg,https://www.waitrose.com/ecom/products/kallo-organic-vegetable-stock-pot/813335-824906-824907,Kallo Organic Vegetable Stock Pot,4x24g,£2.50,£2.61/100g,,Food Cupboard
813311,Cooks' Ingredients Stars and Confetti,G,false,3332,https://ecom-su-static-prod.wtrecom.com/images/products/3/LN_813311_BP_3.jpg,https://www.waitrose.com/ecom/products/cooks-ingredients-stars-and-confetti/813311-752671-752672,Cooks' Ingredients Stars and Confetti,65g,£1.30,£20/kg,,Food Cupboard
813009,Waitrose Fajita Marinade,G,false,3333,https://ecom-su-static-prod.wtrecom.com/images/products/3/LN_813009_BP_3.jpg,https://www.waitrose.com/ecom/products/waitrose-fajita-marinade/813009-767173-767174,Waitrose Fajita Marinade,60g,£1.10,£1.84/100g,,Food Cupboard
812910,Wrights Orange Cake Mix,G,false,3334,https://ecom-su-static-prod.wtrecom.com/images/products/3/LN_812910_BP_3.jpg,https://www.waitrose.com/ecom/products/wrights-orange-cake-mix/812910-816914-816915,Wrights Orange Cake Mix,500g,£2.75,£5.50/kg,,Food Cupboard
812776,Knorr Gluten Free Rich Beef Stock Cube,G,false,3335,https://ecom-su-static-prod.wtrecom.com/images/products/3/LN_812776_BP_3.jpg,https://www.waitrose.com/ecom/products/knorr-gluten-free-rich-beef-stock-cube/812776-535611-535612,Knorr Gluten Free Rich Beef Stock Cube,80g,£2.05,£2.57/100g,,Food Cupboard
812679,Just Spices Pizza Topping,G,false,3336,https://ecom-su-static-prod.wtrecom.com/images/products/3/LN_812679_BP_3.jpg,https://www.waitrose.com/ecom/products/just-spices-pizza-topping/812679-810474-810475,Just Spices Pizza Topping,50g,£4.00,80p/10g,,Food Cupboard
812288,Willie's Cacao Sea Salt Caramel Pearls,G,false,3337,https://ecom-su-static-prod.wtrecom.com/images/products/3/LN_812288_BP_3.jpg,https://www.waitrose.com/ecom/products/willies-cacao-sea-salt-caramel-pearls/812288-784574-784575,Willie's Cacao Sea Salt Caramel Pearls,150g,£7.50,£5/100g,,Food Cupboard
812125,FUEL 10K Salted Caramel Porridge Pot,G,true,3338,https://ecom-su-static-prod.wtrecom.com/images/products/3/LN_812125_BP_3.jpg,https://www.waitrose.com/ecom/products/fuel-10k-salted-caramel-porridge-pot/812125-803400-803401,FUEL 10K Salted Caramel Porridge Pot,70g,£1.00,£1.43/100g,save 35p. Was £1.35,Food Cupboard
812063,Cooks' Ingredients Hot Curry Powder,G,true,3339,https://ecom-su-static-prod.wtrecom.com/images/products/3/LN_812063_BP_3.jpg,https://www.waitrose.com/ecom/products/cooks-ingredients-hot-curry-powder/812063-785164-785165,Cooks' Ingredients Hot Curry Powder,40g,£1.60,40p/10g,Add 2 for £2.75,Food Cupboard
811009,Nestlé Carnation Vegan Condensed Milk Altern,G,false,3340,https://ecom-su-static-prod.wtrecom.com/images/products/3/LN_811009_BP_3.jpg,https://www.waitrose.com/ecom/products/nestle-carnation-vegan-condensed-milk-altern/811009-742001-742002,Nestlé Carnation Vegan Condensed Milk Altern,370g,£2.85,77p/100g,,Food Cupboard
810916,Waitrose '9' Number Candle,G,false,3341,https://ecom-su-static-prod.wtrecom.com/images/products/3/LN_810916_BP_3.jpg,https://www.waitrose.com/ecom/products/waitrose-9-number-candle/810916-260920-260921,Waitrose '9' Number Candle,Each,£1.20,£1.20 each,,Food Cupboard
810683,Tyrrell's Sweet Chilli & Red Pepper,G,true,3342,https://ecom-su-static-prod.wtrecom.com/images/products/3/LN_810683_BP_3.jpg,https://www.waitrose.com/ecom/products/tyrrells-sweet-chilli-red-pepper/810683-758209-758210,Tyrrell's Sweet Chilli & Red Pepper,40g,£1.15,£2.88/100g,"£5 Food to Go Meal Deal: Add 1 Main, 1 Snack and 1 Drink",Food Cupboard
810559,Filippo Berio Classic Olive Oil,G,false,3343,https://ecom-su-static-prod.wtrecom.com/images/products/3/LN_810559_BP_3.jpg,https://www.waitrose.com/ecom/products/filippo-berio-classic-olive-oil/810559-294171-294172,Filippo Berio Classic Olive Oil,1litre,£15.95,£1.60/100ml,,Food Cupboard
810453,Heinz Garlic Sauce,G,false,3344,https://ecom-su-static-prod.wtrecom.com/images/products/3/LN_810453_BP_3.jpg,https://www.waitrose.com/ecom/products/heinz-garlic-sauce/810453-782814-782815,Heinz Garlic Sauce,400ml,£3.20,80p/100ml,,Food Cupboard
809233,Willie's Cacao 72% Chef's Drops,G,false,3345,https://ecom-su-static-prod.wtrecom.com/images/products/3/LN_809233_BP_3.jpg,https://www.waitrose.com/ecom/products/willies-cacao-72-chefs-drops/809233-220650-220651,Willie's Cacao 72% Chef's Drops,150g,£6.25,£4.17/100g,,Food Cupboard
808735,Dr. Oetker Giant Chocolate Stars,G,false,3346,https://ecom-su-static-prod.wtrecom.com/images/products/3/LN_808735_BP_3.jpg,https://www.waitrose.com/ecom/products/dr-oetker-giant-chocolate-stars/808735-260916-260917,Dr. Oetker Giant Chocolate Stars,20g,£2.20,£11/100g,,Food Cupboard
808589,Cooks' Ingredients Chopped Garlic,G,false,3347,https://ecom-su-static-prod.wtrecom.com/images/products/3/LN_808589_BP_3.jpg,https://www.waitrose.com/ecom/products/cooks-ingredients-chopped-garlic/808589-824900-824901,Cooks' Ingredients Chopped Garlic,190g,£2.00,13.8p/10g,,Food Cupboard
808538,Mutti Organic Chopped Tomatoes,G,false,3348,https://ecom-su-static-prod.wtrecom.com/images/products/3/LN_808538_BP_3.jpg,https://www.waitrose.com/ecom/products/mutti-organic-chopped-tomatoes/808538-819087-819088,Mutti Organic Chopped Tomatoes,400g,£1.85,£4.63/kg,,Food Cupboard
808308,Cooks' Ingredients Mexican Style Seasoning,G,false,3349,https://ecom-su-static-prod.wtrecom.com/images/products/3/LN_808308_BP_3.jpg,https://www.waitrose.com/ecom/products/cooks-ingredients-mexican-style-seasoning/808308-784754-784755,Cooks' Ingredients Mexican Style Seasoning,50g,£2.50,50p/10g,,Food Cupboard
807843,Cooks' Ingredients Preserved Lemon Paste,G,false,3350,https://ecom-su-static-prod.wtrecom.com/images/products/3/LN_807843_BP_3.jpg,https://www.waitrose.com/ecom/products/cooks-ingredients-preserved-lemon-paste/807843-804968-804969,Cooks' Ingredients Preserved Lemon Paste,90g,£2.50,£2.78/100g,,Food Cupboard
807829,Cirio Double Concentrated Tomato Puree Coupelles,G,true,3351,https://ecom-su-static-prod.wtrecom.com/images/products/3/LN_807829_BP_3.jpg,https://www.waitrose.com/ecom/products/cirio-double-concentrated-tomato-puree-coupelles/807829-819081-819082,Cirio Double Concentrated Tomato Puree Coupelles,4x70g,£2.10,£7.50/kg,25% Off. Was £2.80,Food Cupboard
807350,Waitrose Chopped Tomatoes With Chilli,G,false,3352,https://ecom-su-static-prod.wtrecom.com/images/products/3/LN_807350_BP_3.jpg,https://www.waitrose.com/ecom/products/waitrose-chopped-tomatoes-with-chilli/807350-770778-770779,Waitrose Chopped Tomatoes With Chilli,400g,75p,18.8p/100g,,Food Cupboard
806687,Nielsen-Massey Coffee Extract,G,false,3353,https://ecom-su-static-prod.wtrecom.com/images/products/3/LN_806687_BP_3.jpg,https://www.waitrose.com/ecom/products/nielsen-massey-coffee-extract/806687-307192-307193,Nielsen-Massey Coffee Extract,60ml,£4.20,£7/100ml,,Food Cupboard
806618,Urban Fruit Gently Baked Mango,G,true,3354,https://ecom-su-static-prod.wtrecom.com/images/products/3/LN_806618_BP_3.jpg,https://www.waitrose.com/ecom/products/urban-fruit-gently-baked-mango/806618-802106-802107,Urban Fruit Gently Baked Mango,35g,£1.15,£3.29/100g,"£5 Food to Go Meal Deal: Add 1 Main, 1 Snack and 1 Drink",Food Cupboard
806607,Lotus Biscoff Crunchy Spread,G,true,3355,https://ecom-su-static-prod.wtrecom.com/images/products/3/LN_806607_BP_3.jpg,https://www.waitrose.com/ecom/products/lotus-biscoff-crunchy-spread/806607-813428-813429,Lotus Biscoff Crunchy Spread,380g,£2.60,68.4p/100g,save 60p. Was £3.20,Food Cupboard
806583,Mutti Parma Doppio Concentrato Di Pomodoro,G,false,3356,https://ecom-su-static-prod.wtrecom.com/images/products/3/LN_806583_BP_3.jpg,https://www.waitrose.com/ecom/products/mutti-parma-doppio-concentrato-di-pomodoro/806583-806836-806837,Mutti Parma Doppio Concentrato Di Pomodoro,140g,£1.50,£1.08/100g,,Food Cupboard
806139,No1. Damson & Apple Chutney,G,false,3357,https://ecom-su-static-prod.wtrecom.com/images/products/3/LN_806139_BP_3.jpg,https://www.waitrose.com/ecom/products/no1-damson-apple-chutney/806139-697916-697917,No1. Damson & Apple Chutney,120g,£3.00,£2.50/100g,,Food Cupboard
806128,Hartley's Blackcurrant Flavour Jelly,G,false,3358,https://ecom-su-static-prod.wtrecom.com/images/products/3/LN_806128_BP_3.jpg,https://www.waitrose.com/ecom/products/hartleys-blackcurrant-flavour-jelly/806128-824187-824188,Hartley's Blackcurrant Flavour Jelly,135g,£1.00,£7.41/kg,,Food Cupboard
805966,Essential Dark Chocolate Digestive Biscuits,G,false,3359,https://ecom-su-static-prod.wtrecom.com/images/products/3/LN_805966_BP_3.jpg,https://www.waitrose.com/ecom/products/essential-dark-chocolate-digestive-biscuits/805966-801494-801495,Essential Dark Chocolate Digestive Biscuits,300g,£1.00,33.3p/100g,,Food Cupboard
805958,Jamie Oliver Squash Orzotto,G,true,3360,https://ecom-su-static-prod.wtrecom.com/images/products/3/LN_805958_BP_3.jpg,https://www.waitrose.com/ecom/products/jamie-oliver-squash-orzotto/805958-819067-819068,Jamie Oliver Squash Orzotto,250g,£1.80,£7.20/kg,25% Off. Was £2.45,Food Cupboard
805162,Cadbury Dairy Milk Caramel Chocolate Bar,G,true,3361,https://ecom-su-static-prod.wtrecom.com/images/products/3/LN_805162_BP_3.jpg,https://www.waitrose.com/ecom/products/cadbury-dairy-milk-caramel-chocolate-bar/805162-151936-151937,Cadbury Dairy Milk Caramel Chocolate Bar,120g,£1.50,£1.25/100g,save 25p. Was £1.75,Food Cupboard
804659,Doves Farm Organic Oat Flour,G,true,3362,https://ecom-su-static-prod.wtrecom.com/images/products/3/LN_804659_BP_3.jpg,https://www.waitrose.com/ecom/products/doves-farm-organic-oat-flour/804659-762530-762531,Doves Farm Organic Oat Flour,450g,£3.20,£7.12/kg,20% Off. Was £4.00,Food Cupboard
804067,Gran Luchito Cantina Beans,G,false,3363,https://ecom-su-static-prod.wtrecom.com/images/products/3/LN_804067_BP_3.jpg,https://www.waitrose.com/ecom/products/gran-luchito-cantina-beans/804067-756125-756126,Gran Luchito Cantina Beans,430g,£2.30,53.5p/100g,,Food Cupboard
803452,Doritos Spicy Guacamole Sharing Dip,G,true,3364,https://ecom-su-static-prod.wtrecom.com/images/products/3/LN_803452_BP_3.jpg,https://www.waitrose.com/ecom/products/doritos-spicy-guacamole-sharing-dip/803452-804188-804189,Doritos Spicy Guacamole Sharing Dip,270g,£1.75,64.8p/100g,save 75p. Was £2.50,Food Cupboard
803154,Menier 100% Cocoa Powder,G,false,3365,https://ecom-su-static-prod.wtrecom.com/images/products/3/LN_803154_BP_3.jpg,https://www.waitrose.com/ecom/products/menier-100-cocoa-powder/803154-730004-730005,Menier 100% Cocoa Powder,200g,£4.45,£2.23/100g,,Food Cupboard
802896,Kellogg's Special K Granola Dark Chocolate Curls Breakfast Cereal,G,false,3366,https://ecom-su-static-prod.wtrecom.com/images/products/3/LN_802896_BP_3.jpg,https://www.waitrose.com/ecom/products/kelloggs-special-k-granola-dark-chocolate-curls-breakfast-cereal/802896-780159-780160,Kellogg's Special K Granola Dark Chocolate Curls Breakfast Cereal,350g,£3.15,90p/100g,,Food Cupboard
802300,Waitrose Squeezy Lemon Mayonnaise,G,false,3367,https://ecom-su-static-prod.wtrecom.com/images/products/3/LN_802300_BP_3.jpg,https://www.waitrose.com/ecom/products/waitrose-squeezy-lemon-mayonnaise/802300-826770-826771,Waitrose Squeezy Lemon Mayonnaise,280ml,£1.50,53.6p/100ml,,Food Cupboard
802129,McVitie's Victoria Chocolate Creations,G,false,3368,https://ecom-su-static-prod.wtrecom.com/images/products/3/LN_802129_BP_3.jpg,https://www.waitrose.com/ecom/products/mcvities-victoria-chocolate-creations/802129-823088-823089,McVitie's Victoria Chocolate Creations,95g,£2.00,£2.11/100g,,Food Cupboard
800983,Dr. Oetker 12 Gold Pearls,G,false,3369,https://ecom-su-static-prod.wtrecom.com/images/products/3/LN_800983_BP_3.jpg,https://www.waitrose.com/ecom/products/dr-oetker-12-gold-pearls/800983-801238-801239,Dr. Oetker 12 Gold Pearls,36g,£2.50,£6.95/100g,,Food Cupboard
800896,Belazu Verdemanda,G,false,3370,https://ecom-su-static-prod.wtrecom.com/images/products/3/LN_800896_BP_3.jpg,https://www.waitrose.com/ecom/products/belazu-verdemanda/800896-690486-690487,Belazu Verdemanda,500ml,£19.75,£3.95/100ml,,Food Cupboard
800405,Cooks' Ingredients Red & Pink Hearts,G,false,3371,https://ecom-su-static-prod.wtrecom.com/images/products/3/LN_800405_BP_3.jpg,https://www.waitrose.com/ecom/products/cooks-ingredients-red-pink-hearts/800405-752667-752668,Cooks' Ingredients Red & Pink Hearts,63g,£1.30,£20.64/kg,,Food Cupboard
800384,Waitrose Tulip Muffin Wraps,G,false,3372,https://ecom-su-static-prod.wtrecom.com/images/products/3/LN_800384_BP_3.jpg,https://www.waitrose.com/ecom/products/waitrose-tulip-muffin-wraps/800384-331523-331524,Waitrose Tulip Muffin Wraps,12s,£2.90,24.2p each,,Food Cupboard
800142,Happy Birthday 4 Candle,G,false,3373,https://ecom-su-static-prod.wtrecom.com/images/products/3/LN_800142_BP_3.jpg,https://www.waitrose.com/ecom/products/happy-birthday-4-candle/800142-772141-772142,Happy Birthday 4 Candle,each,£2.50,£2.50 each,,Food Cupboard
800086,Budweiser Flame Grilled Rib Crispy Peanuts,G,true,3374,https://ecom-su-static-prod.wtrecom.com/images/products/3/LN_800086_BP_3.jpg,https://www.waitrose.com/ecom/products/budweiser-flame-grilled-rib-crispy-peanuts/800086-812547-812548,Budweiser Flame Grilled Rib Crispy Peanuts,150g,£1.30,86.7p/100g,save 50p. Was £1.80,Food Cupboard
799907,Bounce Peanut Caramel Protein Ball,G,false,3375,https://ecom-su-static-prod.wtrecom.com/images/products/3/LN_799907_BP_3.jpg,https://www.waitrose.com/ecom/products/bounce-peanut-caramel-protein-ball/799907-812545-812546,Bounce Peanut Caramel Protein Ball,40g,£2.20,£5.50/100g,,Food Cupboard
799660,Keogh's Cheese & Onion,G,false,3376,https://ecom-su-static-prod.wtrecom.com/images/products/3/LN_799660_BP_3.jpg,https://www.waitrose.com/ecom/products/keoghs-cheese-onion/799660-741400-741401,Keogh's Cheese & Onion,125g,£2.00,£1.60/100g,,Food Cupboard
799329,Joe & Seph's Mature Cheddar Cheese Popcorn,G,true,3377,https://ecom-su-static-prod.wtrecom.com/images/products/3/LN_799329_BP_3.jpg,https://www.waitrose.com/ecom/products/joe-sephs-mature-cheddar-cheese-popcorn/799329-824183-824184,Joe & Seph's Mature Cheddar Cheese Popcorn,70g,£2.80,£4/100g,20% Off. Was £3.50,Food Cupboard
798499,Weetabix Golden Syrup,G,false,3378,https://ecom-su-static-prod.wtrecom.com/images/products/3/LN_798499_BP_3.jpg,https://www.waitrose.com/ecom/products/weetabix-golden-syrup/798499-780155-780156,Weetabix Golden Syrup,24s,£3.70,15.4p each,,Food Cupboard
796289,Monin Vanilla Syrup,G,false,3379,https://ecom-su-static-prod.wtrecom.com/images/products/3/LN_796289_BP_3.jpg,https://www.waitrose.com/ecom/products/monin-vanilla-syrup/796289-731140-731141,Monin Vanilla Syrup,25cl,£3.60,£14.40/litre,,Food Cupboard
794934,Walkers Cheese & Onion Crisps,G,true,3380,https://ecom-su-static-prod.wtrecom.com/images/products/3/LN_794934_BP_3.jpg,https://www.waitrose.com/ecom/products/walkers-cheese-onion-crisps/794934-719827-719828,Walkers Cheese & Onion Crisps,45g,£1.00,£2.23/100g,"£5 Food to Go Meal Deal: Add 1 Main, 1 Snack and 1 Drink",Food Cupboard
794621,Kellogg's Krave Milk Chocolate Breakfast Cereal Large Pack,G,false,3381,https://ecom-su-static-prod.wtrecom.com/images/products/3/LN_794621_BP_3.jpg,https://www.waitrose.com/ecom/products/kelloggs-krave-milk-chocolate-breakfast-cereal-large-pack/794621-722992-722993,Kellogg's Krave Milk Chocolate Breakfast Cereal Large Pack,750g,£5.30,70.7p/100g,,Food Cupboard
793698,Silver Spoon Sweetener Tablets,G,false,3382,https://ecom-su-static-prod.wtrecom.com/images/products/3/LN_793698_BP_3.jpg,https://www.waitrose.com/ecom/products/silver-spoon-sweetener-tablets/793698-479601-479602,Silver Spoon Sweetener Tablets,400s,£2.35,0.6p each,,Food Cupboard
793592,Cooks' Ingredients Umami Paste,G,false,3383,https://ecom-su-static-prod.wtrecom.com/images/products/3/LN_793592_BP_3.jpg,https://www.waitrose.com/ecom/products/cooks-ingredients-umami-paste/793592-312397-312398,Cooks' Ingredients Umami Paste,95g,£2.00,£2.11/100g,,Food Cupboard
793080,Eat Natural GF V Peanut Chocolate Bar,G,true,3384,https://ecom-su-static-prod.wtrecom.com/images/products/3/LN_793080_BP_3.jpg,https://www.waitrose.com/ecom/products/eat-natural-gf-v-peanut-chocolate-bar/793080-498132-498133,Eat Natural GF V Peanut Chocolate Bar,40g,£1.15,£2.88/100g,"£5 Food to Go Meal Deal: Add 1 Main, 1 Snack and 1 Drink",Food Cupboard
792967,Oreo O's Cereal,G,false,3385,https://ecom-su-static-prod.wtrecom.com/images/products/3/LN_792967_BP_3.jpg,https://www.waitrose.com/ecom/products/oreo-os-cereal/792967-746305-746306,Oreo O's Cereal,350g,£4.20,£1.20/100g,,Food Cupboard
792722,Bart Cinnamon Sticks,G,false,3386,https://ecom-su-static-prod.wtrecom.com/images/products/3/LN_792722_BP_3.jpg,https://www.waitrose.com/ecom/products/bart-cinnamon-sticks/792722-810468-810469,Bart Cinnamon Sticks,13g,£2.25,£1.74/10g,,Food Cupboard
792654,Bisto Best Beef Gravy Granules,G,false,3387,https://ecom-su-static-prod.wtrecom.com/images/products/3/LN_792654_BP_3.jpg,https://www.waitrose.com/ecom/products/bisto-best-beef-gravy-granules/792654-824888-824889,Bisto Best Beef Gravy Granules,390g,£4.80,£1.24/100g,,Food Cupboard
792461,Kings Rib Eye Biltong,G,false,3388,https://ecom-su-static-prod.wtrecom.com/images/products/3/LN_792461_BP_3.jpg,https://www.waitrose.com/ecom/products/kings-rib-eye-biltong/792461-728494-728495,Kings Rib Eye Biltong,60g,£2.90,£4.84/100g,,Food Cupboard
791791,Waitrose Happy Birthday Candle,G,false,3389,https://ecom-su-static-prod.wtrecom.com/images/products/3/LN_791791_BP_3.jpg,https://www.waitrose.com/ecom/products/waitrose-happy-birthday-candle/791791-260900-260901,Waitrose Happy Birthday Candle,Each,£2.00,£2 each,,Food Cupboard
791538,Waitrose '4' Number Candle,G,false,3390,https://ecom-su-static-prod.wtrecom.com/images/products/3/LN_791538_BP_3.jpg,https://www.waitrose.com/ecom/products/waitrose-4-number-candle/791538-260898-260899,Waitrose '4' Number Candle,Each,£1.20,£1.20 each,,Food Cupboard
790840,Schär Gluten Free Taralli,G,false,3391,https://ecom-su-static-prod.wtrecom.com/images/products/3/LN_790840_BP_3.jpg,https://www.waitrose.com/ecom/products/schar-gluten-free-taralli/790840-791203-791204,Schär Gluten Free Taralli,120g,£2.55,£2.13/100g,,Food Cupboard
790780,Cadbury White Mega Buttons,G,true,3392,https://ecom-su-static-prod.wtrecom.com/images/products/3/LN_790780_BP_3.jpg,https://www.waitrose.com/ecom/products/cadbury-white-mega-buttons/790780-825892-825893,Cadbury White Mega Buttons,192g,£2.50,£1.31/100g,save 25p. Was £2.75,Food Cupboard
790453,Cooks' Ingredients Dark Chocolate Curls,G,false,3393,https://ecom-su-static-prod.wtrecom.com/images/products/3/LN_790453_BP_3.jpg,https://www.waitrose.com/ecom/products/cooks-ingredients-dark-chocolate-curls/790453-752665-752666,Cooks' Ingredients Dark Chocolate Curls,30g,£1.30,£43.34/kg,,Food Cupboard
790307,Pelagonia Hot Aivar,G,false,3394,https://ecom-su-static-prod.wtrecom.com/images/products/3/LN_790307_BP_3.jpg,https://www.waitrose.com/ecom/products/pelagonia-hot-aivar/790307-683802-683803,Pelagonia Hot Aivar,314g,£3.70,£1.18/100g,,Food Cupboard
790240,KIND Choc Chip Cashew,G,true,3395,https://ecom-su-static-prod.wtrecom.com/images/products/3/LN_790240_BP_3.jpg,https://www.waitrose.com/ecom/products/kind-choc-chip-cashew/790240-807917-807918,KIND Choc Chip Cashew,40g,£1.40,£3.50/100g,"£5 Food to Go Meal Deal: Add 1 Main, 1 Snack and 1 Drink",Food Cupboard
789650,Create a Cake 2D Carrot Decorations 12s,G,false,3396,https://ecom-su-static-prod.wtrecom.com/images/products/3/LN_789650_BP_3.jpg,https://www.waitrose.com/ecom/products/create-a-cake-2d-carrot-decorations-12s/789650-816996-816997,Create a Cake 2D Carrot Decorations 12s,12Each,£1.85,15.4p each,,Food Cupboard
789589,Dole Mandarins in Fruit Juice,G,false,3397,https://ecom-su-static-prod.wtrecom.com/images/products/3/LN_789589_BP_3.jpg,https://www.waitrose.com/ecom/products/dole-mandarins-in-fruit-juice/789589-368226-368227,Dole Mandarins in Fruit Juice,4x113g,£2.40,£5.31/kg,,Food Cupboard
789135,Monin Caramel Syrup,G,false,3398,https://ecom-su-static-prod.wtrecom.com/images/products/3/LN_789135_BP_3.jpg,https://www.waitrose.com/ecom/products/monin-caramel-syrup/789135-731136-731137,Monin Caramel Syrup,25cl,£3.60,£14.40/litre,,Food Cupboard
788022,Rubies In The Rubble Tomato Ketchup,G,false,3399,https://ecom-su-static-prod.wtrecom.com/images/products/3/LN_788022_BP_3.jpg,https://www.waitrose.com/ecom/products/rubies-in-the-rubble-tomato-ketchup/788022-782812-782813,Rubies In The Rubble Tomato Ketchup,485g,£3.50,72.2p/100g,,Food Cupboard
787995,Sauce Shop Honey Chipotle BBQ Sauce,G,false,3400,https://ecom-su-static-prod.wtrecom.com/images/products/3/LN_787995_BP_3.jpg,https://www.waitrose.com/ecom/products/sauce-shop-honey-chipotle-bbq-sauce/787995-810466-810467,Sauce Shop Honey Chipotle BBQ Sauce,340g,£2.95,86.8p/100g,,Food Cupboard
787528,Bart Ground Nutmeg,G,false,3401,https://ecom-su-static-prod.wtrecom.com/images/products/3/LN_787528_BP_3.jpg,https://www.waitrose.com/ecom/products/bart-ground-nutmeg/787528-810464-810465,Bart Ground Nutmeg,46g,£2.25,48.9p/10g,,Food Cupboard
787042,Menier Swiss White Chocolate,G,false,3402,https://ecom-su-static-prod.wtrecom.com/images/products/3/LN_787042_BP_3.jpg,https://www.waitrose.com/ecom/products/menier-swiss-white-chocolate/787042-112039-112040,Menier Swiss White Chocolate,100g,£2.15,£2.15/100g,,Food Cupboard
786962,Talking Tables 16 Gold Candles,G,false,3403,https://ecom-su-static-prod.wtrecom.com/images/products/3/LN_786962_BP_3.jpg,https://www.waitrose.com/ecom/products/talking-tables-16-gold-candles/786962-801234-801235,Talking Tables 16 Gold Candles,Each,£4.00,£4 each,,Food Cupboard
786448,Cooks' Ingredients Barbacoa Seasoning,G,false,3404,https://ecom-su-static-prod.wtrecom.com/images/products/3/LN_786448_BP_3.jpg,https://www.waitrose.com/ecom/products/cooks-ingredients-barbacoa-seasoning/786448-711264-711265,Cooks' Ingredients Barbacoa Seasoning,50g,£2.50,50p/10g,,Food Cupboard
784683,Colmans Salt & Pepper Chicken,G,true,3405,https://ecom-su-static-prod.wtrecom.com/images/products/3/LN_784683_BP_3.jpg,https://www.waitrose.com/ecom/products/colmans-salt-pepper-chicken/784683-812978-812979,Colmans Salt & Pepper Chicken,23g,£1.30,£5.66/100g,Add 2 for £1.50,Food Cupboard
782690,Nature Valley Crunchy Variety Cereal Bars,G,false,3406,https://ecom-su-static-prod.wtrecom.com/images/products/3/LN_782690_BP_3.jpg,https://www.waitrose.com/ecom/products/nature-valley-crunchy-variety-cereal-bars/782690-135000-135000,Nature Valley Crunchy Variety Cereal Bars,5x42g,£2.65,£1.27/100g,,Food Cupboard
782280,Deliciously Ella Vegan Creamy Hazelnut Choc,G,false,3407,https://ecom-su-static-prod.wtrecom.com/images/products/3/LN_782280_BP_3.jpg,https://www.waitrose.com/ecom/products/deliciously-ella-vegan-creamy-hazelnut-choc/782280-798770-798771,Deliciously Ella Vegan Creamy Hazelnut Choc,80g,£3.15,£3.94/100g,,Food Cupboard
782187,Tilda Microwave Long Grain Rice,G,false,3408,https://ecom-su-static-prod.wtrecom.com/images/products/3/LN_782187_BP_3.jpg,https://www.waitrose.com/ecom/products/tilda-microwave-long-grain-rice/782187-695194-695195,Tilda Microwave Long Grain Rice,250g,£1.65,£6.60/kg,,Food Cupboard
781832,Properchips Lentil Chips Barbecue,G,true,3409,https://ecom-su-static-prod.wtrecom.com/images/products/3/LN_781832_BP_3.jpg,https://www.waitrose.com/ecom/products/properchips-lentil-chips-barbecue/781832-711031-711032,Properchips Lentil Chips Barbecue,20g,£1.10,£5.50/100g,"£5 Food to Go Meal Deal: Add 1 Main, 1 Snack and 1 Drink",Food Cupboard
781725,John Lewis Party Cake Fountains,G,false,3410,https://ecom-su-static-prod.wtrecom.com/images/products/3/LN_781725_BP_3.jpg,https://www.waitrose.com/ecom/products/john-lewis-party-cake-fountains/781725-593891-593892,John Lewis Party Cake Fountains,3s,£5.00,£1.67 each,,Food Cupboard
781486,Kind Protein Crunchy Peanut Butter Bar,G,true,3411,https://ecom-su-static-prod.wtrecom.com/images/products/3/LN_781486_BP_3.jpg,https://www.waitrose.com/ecom/products/kind-protein-crunchy-peanut-butter-bar/781486-693180-693181,Kind Protein Crunchy Peanut Butter Bar,50g,£2.30,£4.60/100g,"£5 Food to Go Meal Deal: Add 1 Main, 1 Snack and 1 Drink",Food Cupboard
780957,Nuud Plastic Free Spearmint Gum 9s,G,false,3412,https://ecom-su-static-prod.wtrecom.com/images/products/3/LN_780957_BP_3.jpg,https://www.waitrose.com/ecom/products/nuud-plastic-free-spearmint-gum-9s/780957-810098-810099,Nuud Plastic Free Spearmint Gum 9s,18g,£1.50,£8.34/100g,,Food Cupboard
780100,The Foraging Fox Smoked Jalapeno Mayo,G,true,3413,https://ecom-su-static-prod.wtrecom.com/images/products/3/LN_780100_BP_3.jpg,https://www.waitrose.com/ecom/products/the-foraging-fox-smoked-jalapeno-mayo/780100-810462-810463,The Foraging Fox Smoked Jalapeno Mayo,240g,£3.00,£1.25/100g,25% Off. Was £4.00,Food Cupboard
780025,Gallo My Risotto Perfetto Saffron,G,false,3414,https://ecom-su-static-prod.wtrecom.com/images/products/3/LN_780025_BP_3.jpg,https://www.waitrose.com/ecom/products/gallo-my-risotto-perfetto-saffron/780025-110985-110986,Gallo My Risotto Perfetto Saffron,175g,£2.90,£16.58/kg,,Food Cupboard
779794,Love Raw Cre&m Wafer Bar White Choc,G,true,3415,https://ecom-su-static-prod.wtrecom.com/images/products/3/LN_779794_BP_3.jpg,https://www.waitrose.com/ecom/products/love-raw-crem-wafer-bar-white-choc/779794-757171-757172,Love Raw Cre&m Wafer Bar White Choc,45g,£1.70,£3.78/100g,"£5 Food to Go Meal Deal: Add 1 Main, 1 Snack and 1 Drink",Food Cupboard
779729,Cypressa Tahini,G,false,3416,https://ecom-su-static-prod.wtrecom.com/images/products/3/LN_779729_BP_3.jpg,https://www.waitrose.com/ecom/products/cypressa-tahini/779729-703291-703292,Cypressa Tahini,300g,£3.50,£1.17/100g,,Food Cupboard
779653,John Lewis Long Cake Candles,G,false,3417,https://ecom-su-static-prod.wtrecom.com/images/products/3/LN_779653_BP_3.jpg,https://www.waitrose.com/ecom/products/john-lewis-long-cake-candles/779653-678393-678394,John Lewis Long Cake Candles,12s,£2.50,20.8p each,,Food Cupboard
779143,Pringles Cheese & Onion Sharing Crisps,G,false,3418,https://ecom-su-static-prod.wtrecom.com/images/products/3/LN_779143_BP_3.jpg,https://www.waitrose.com/ecom/products/pringles-cheese-onion-sharing-crisps/779143-810096-810097,Pringles Cheese & Onion Sharing Crisps,185g,£2.25,£1.22/100g,,Food Cupboard
779111,Hula Hoops Big Hoops Salted,G,true,3419,https://ecom-su-static-prod.wtrecom.com/images/products/3/LN_779111_BP_3.jpg,https://www.waitrose.com/ecom/products/hula-hoops-big-hoops-salted/779111-730852-730853,Hula Hoops Big Hoops Salted,45g,£1.15,£2.56/100g,"£5 Food to Go Meal Deal: Add 1 Main, 1 Snack and 1 Drink",Food Cupboard
778599,Flavour Hacks Caramelised Onion,G,true,3420,https://ecom-su-static-prod.wtrecom.com/images/products/3/LN_778599_BP_3.jpg,https://www.waitrose.com/ecom/products/flavour-hacks-caramelised-onion/778599-820127-820128,Flavour Hacks Caramelised Onion,130g,£2.35,£1.81/100g,20% Off. Was £2.95,Food Cupboard
778576,Cooks' Ingredients Fun & Fancy Muffin Cases,G,false,3421,https://ecom-su-static-prod.wtrecom.com/images/products/3/LN_778576_BP_3.jpg,https://www.waitrose.com/ecom/products/cooks-ingredients-fun-fancy-muffin-cases/778576-757753-757754,Cooks' Ingredients Fun & Fancy Muffin Cases,Each,£1.75,£1.75 each,,Food Cupboard
776706,Rude Health Crunchy Almond Granola,G,true,3422,https://ecom-su-static-prod.wtrecom.com/images/products/3/LN_776706_BP_3.jpg,https://www.waitrose.com/ecom/products/rude-health-crunchy-almond-granola/776706-741965-741966,Rude Health Crunchy Almond Granola,400g,£2.45,61.3p/100g,Save 1/3. Was £3.70,Food Cupboard
776339,Old El Paso Chunky Guacamole,G,false,3423,https://ecom-su-static-prod.wtrecom.com/images/products/3/LN_776339_BP_3.jpg,https://www.waitrose.com/ecom/products/old-el-paso-chunky-guacamole/776339-703287-703288,Old El Paso Chunky Guacamole,240g,£2.75,£1.15/100g,,Food Cupboard
774343,Yo! Hot & Spicy Katsu Curry Sauce,G,false,3424,https://ecom-su-static-prod.wtrecom.com/images/products/3/LN_774343_BP_3.jpg,https://www.waitrose.com/ecom/products/yo-hot-spicy-katsu-curry-sauce/774343-741360-741361,Yo! Hot & Spicy Katsu Curry Sauce,100g,£1.25,£1.25/100g,,Food Cupboard
774125,Cooks' Ingredients Ginger & Turmeric Paste,G,false,3425,https://ecom-su-static-prod.wtrecom.com/images/products/3/LN_774125_BP_3.jpg,https://www.waitrose.com/ecom/products/cooks-ingredients-ginger-turmeric-paste/774125-785112-785113,Cooks' Ingredients Ginger & Turmeric Paste,90g,£1.60,17.8p/10g,,Food Cupboard
773138,Patak's Medium Jalfrezi Spice Paste,G,true,3426,https://ecom-su-static-prod.wtrecom.com/images/products/3/LN_773138_BP_3.jpg,https://www.waitrose.com/ecom/products/pataks-medium-jalfrezi-spice-paste/773138-371800-371801,Patak's Medium Jalfrezi Spice Paste,283g,£2.30,81.3p/100g,Reduced to Clear. Was £3.50,Food Cupboard
773113,GAIL's Seeded Crackers,G,false,3427,https://ecom-su-static-prod.wtrecom.com/images/products/3/LN_773113_BP_3.jpg,https://www.waitrose.com/ecom/products/gails-seeded-crackers/773113-785882-785883,GAIL's Seeded Crackers,200g,£4.00,£2/100g,,Food Cupboard
772222,Dr. Oetker Gelatine,G,false,3428,https://ecom-su-static-prod.wtrecom.com/images/products/3/LN_772222_BP_3.jpg,https://www.waitrose.com/ecom/products/dr-oetker-gelatine/772222-307132-307133,Dr. Oetker Gelatine,3x12g,£1.45,£4.03/100g,,Food Cupboard
771960,Cooks' Ingredients Fiery Lemon Harissa Paste,G,false,3429,https://ecom-su-static-prod.wtrecom.com/images/products/3/LN_771960_BP_3.jpg,https://www.waitrose.com/ecom/products/cooks-ingredients-fiery-lemon-harissa-paste/771960-804948-804949,Cooks' Ingredients Fiery Lemon Harissa Paste,95g,£2.50,£2.64/100g,,Food Cupboard
771735,Opies Sliced Lemons,G,false,3430,https://ecom-su-static-prod.wtrecom.com/images/products/3/LN_771735_BP_3.jpg,https://www.waitrose.com/ecom/products/opies-sliced-lemons/771735-109761-109762,Opies Sliced Lemons,drained 170g,£2.10,£1.24/100g,,Food Cupboard
771176,Waitrose Nuts & Raisins,G,false,3431,https://ecom-su-static-prod.wtrecom.com/images/products/3/LN_771176_BP_3.jpg,https://www.waitrose.com/ecom/products/waitrose-nuts-raisins/771176-492143-492144,Waitrose Nuts & Raisins,270g,£2.25,83.3p/100g,,Food Cupboard
770645,Cooks' Ingredients Peppery Pul Biber,G,false,3432,https://ecom-su-static-prod.wtrecom.com/images/products/3/LN_770645_BP_3.jpg,https://www.waitrose.com/ecom/products/cooks-ingredients-peppery-pul-biber/770645-672895-672896,Cooks' Ingredients Peppery Pul Biber,40g,£2.75,68.8p/10g,,Food Cupboard
770427,To Sweeten Your Day Jar of Joy,G,false,3433,https://ecom-su-static-prod.wtrecom.com/images/products/3/LN_770427_BP_3.jpg,https://www.waitrose.com/ecom/products/to-sweeten-your-day-jar-of-joy/770427-764928-764929,To Sweeten Your Day Jar of Joy,450g,£8.00,£1.78/100g,,Food Cupboard
769169,Pip & Nut Milk Chocolate Peanut Butter Cup,G,false,3434,https://ecom-su-static-prod.wtrecom.com/images/products/3/LN_769169_BP_3.jpg,https://www.waitrose.com/ecom/products/pip-nut-milk-chocolate-peanut-butter-cup/769169-825886-825887,Pip & Nut Milk Chocolate Peanut Butter Cup,34g,£1.35,£3.98/100g,,Food Cupboard
769033,Hartley's 10 Cal Strawberry Flavour Jelly,G,false,3435,https://ecom-su-static-prod.wtrecom.com/images/products/3/LN_769033_BP_3.jpg,https://www.waitrose.com/ecom/products/hartleys-10-cal-strawberry-flavour-jelly/769033-801224-801225,Hartley's 10 Cal Strawberry Flavour Jelly,6x175g,£3.50,33.3p/100g,,Food Cupboard
768430,Nutri Brex Gluten Free,G,false,3436,https://ecom-su-static-prod.wtrecom.com/images/products/3/LN_768430_BP_3.jpg,https://www.waitrose.com/ecom/products/nutri-brex-gluten-free/768430-768569-768570,Nutri Brex Gluten Free,375g,£4.50,£1.20/100g,,Food Cupboard
768021,Stokes Reduced Sugar Tomato Ketchup,G,false,3437,https://ecom-su-static-prod.wtrecom.com/images/products/3/LN_768021_BP_3.jpg,https://www.waitrose.com/ecom/products/stokes-reduced-sugar-tomato-ketchup/768021-724833-724834,Stokes Reduced Sugar Tomato Ketchup,475g,£3.65,76.8p/100g,,Food Cupboard
767932,Love Raw Cre&m Filled Wafer Bars,G,true,3438,https://ecom-su-static-prod.wtrecom.com/images/products/3/LN_767932_BP_3.jpg,https://www.waitrose.com/ecom/products/love-raw-crem-filled-wafer-bars/767932-743961-743962,Love Raw Cre&m Filled Wafer Bars,43g,£1.70,£3.96/100g,"£5 Food to Go Meal Deal: Add 1 Main, 1 Snack and 1 Drink",Food Cupboard
767720,Waitrose Mini Choc Chip Cookies,G,false,3439,https://ecom-su-static-prod.wtrecom.com/images/products/3/LN_767720_BP_3.jpg,https://www.waitrose.com/ecom/products/waitrose-mini-choc-chip-cookies/767720-408836-408837,Waitrose Mini Choc Chip Cookies,100g,£1.50,£1.50/100g,,Food Cupboard
767074,Cooks' Ingredients Vadouvan Spice Blend,G,false,3440,https://ecom-su-static-prod.wtrecom.com/images/products/3/LN_767074_BP_3.jpg,https://www.waitrose.com/ecom/products/cooks-ingredients-vadouvan-spice-blend/767074-784750-784751,Cooks' Ingredients Vadouvan Spice Blend,55g,£1.50,27.3p/10g,,Food Cupboard
766821,Bart Cayenne Pepper,G,false,3441,https://ecom-su-static-prod.wtrecom.com/images/products/3/LN_766821_BP_3.jpg,https://www.waitrose.com/ecom/products/bart-cayenne-pepper/766821-810460-810461,Bart Cayenne Pepper,36g,£2.25,62.5p/10g,,Food Cupboard
766312,Baxters Super Good Mexican Chicken & Lime Soup,G,false,3442,https://ecom-su-static-prod.wtrecom.com/images/products/3/LN_766312_BP_3.jpg,https://www.waitrose.com/ecom/products/baxters-super-good-mexican-chicken-lime-soup/766312-815009-815010,Baxters Super Good Mexican Chicken & Lime Soup,400g,£2.30,57.5p/100g,,Food Cupboard
765175,KP Spicy Chilli Flavour Peanuts,G,true,3443,https://ecom-su-static-prod.wtrecom.com/images/products/3/LN_765175_BP_3.jpg,https://www.waitrose.com/ecom/products/kp-spicy-chilli-flavour-peanuts/765175-812527-812528,KP Spicy Chilli Flavour Peanuts,225g,£3.25,£1.45/100g,Add 2 for £5.50,Food Cupboard
764558,Cooks' Ingredients Steak Seasoning,G,true,3444,https://ecom-su-static-prod.wtrecom.com/images/products/3/LN_764558_BP_3.jpg,https://www.waitrose.com/ecom/products/cooks-ingredients-steak-seasoning/764558-807623-807624,Cooks' Ingredients Steak Seasoning,60g,£1.70,28.3p/10g,Add 2 for £2.75,Food Cupboard
763931,Matthews Cotswold Pizza Flour,G,false,3445,https://ecom-su-static-prod.wtrecom.com/images/products/3/LN_763931_BP_3.jpg,https://www.waitrose.com/ecom/products/matthews-cotswold-pizza-flour/763931-827130-827131,Matthews Cotswold Pizza Flour,1.5Kg,£2.00,£1.34/kg,,Food Cupboard
763460,Betty Crocker Rich Cream Cheese Style Icing,G,false,3446,https://ecom-su-static-prod.wtrecom.com/images/products/3/LN_763460_BP_3.jpg,https://www.waitrose.com/ecom/products/betty-crocker-rich-cream-cheese-style-icing/763460-231051-231052,Betty Crocker Rich Cream Cheese Style Icing,400g,£3.15,78.8p/100g,,Food Cupboard
763162,Gallo 1856 Risotto with Vegetables,G,true,3447,https://ecom-su-static-prod.wtrecom.com/images/products/3/LN_763162_BP_3.jpg,https://www.waitrose.com/ecom/products/gallo-1856-risotto-with-vegetables/763162-805821-805822,Gallo 1856 Risotto with Vegetables,250g,£2.40,£9.60/kg,25% Off. Was £3.25,Food Cupboard
762688,Walkers Salt & Vinegar Crisps,G,true,3448,https://ecom-su-static-prod.wtrecom.com/images/products/3/LN_762688_BP_3.jpg,https://www.waitrose.com/ecom/products/walkers-salt-vinegar-crisps/762688-719782-719783,Walkers Salt & Vinegar Crisps,45g,£1.00,£2.23/100g,"£5 Food to Go Meal Deal: Add 1 Main, 1 Snack and 1 Drink",Food Cupboard
761842,Colmans Singapore Noodles,G,true,3449,https://ecom-su-static-prod.wtrecom.com/images/products/3/LN_761842_BP_3.jpg,https://www.waitrose.com/ecom/products/colmans-singapore-noodles/761842-812964-812965,Colmans Singapore Noodles,24g,£1.30,£5.42/100g,Add 2 for £1.50,Food Cupboard
761203,McCoy's Thai Sweet Chicken Crisps,G,true,3450,https://ecom-su-static-prod.wtrecom.com/images/products/3/LN_761203_BP_3.jpg,https://www.waitrose.com/ecom/products/mccoys-thai-sweet-chicken-crisps/761203-824179-824180,McCoy's Thai Sweet Chicken Crisps,6x25g,£1.75,£1.17/100g,save 60p. Was £2.35,Food Cupboard
760737,Betty Crocker Classic Coffee Icing,G,false,3451,https://ecom-su-static-prod.wtrecom.com/images/products/3/LN_760737_BP_3.jpg,https://www.waitrose.com/ecom/products/betty-crocker-classic-coffee-icing/760737-816992-816993,Betty Crocker Classic Coffee Icing,400g,£3.15,,,Food Cupboard
760667,Willie's Cacao Sea Salt Caramel Black Pearls,G,false,3452,https://ecom-su-static-prod.wtrecom.com/images/products/3/LN_760667_BP_3.jpg,https://www.waitrose.com/ecom/products/willies-cacao-sea-salt-caramel-black-pearls/760667-589469-589470,Willie's Cacao Sea Salt Caramel Black Pearls,150g,£8.00,£5.34/100g,,Food Cupboard
760063,Bart Hot Smoked Paprika,G,false,3453,https://ecom-su-static-prod.wtrecom.com/images/products/3/LN_760063_BP_3.jpg,https://www.waitrose.com/ecom/products/bart-hot-smoked-paprika/760063-810458-810459,Bart Hot Smoked Paprika,45g,£2.25,50p/10g,,Food Cupboard
759378,OSU Apple Cider Vinegar,G,false,3454,https://ecom-su-static-prod.wtrecom.com/images/products/3/LN_759378_BP_3.jpg,https://www.waitrose.com/ecom/products/osu-apple-cider-vinegar/759378-745377-745378,OSU Apple Cider Vinegar,500ml,£7.90,£1.58/100ml,,Food Cupboard
758971,Cooks' Ingredients Edible Confetti Strands,G,false,3455,https://ecom-su-static-prod.wtrecom.com/images/products/3/LN_758971_BP_3.jpg,https://www.waitrose.com/ecom/products/cooks-ingredients-edible-confetti-strands/758971-260888-260889,Cooks' Ingredients Edible Confetti Strands,65g,£1.30,£20/kg,,Food Cupboard
758717,Bart Oregano,G,false,3456,https://ecom-su-static-prod.wtrecom.com/images/products/3/LN_758717_BP_3.jpg,https://www.waitrose.com/ecom/products/bart-oregano/758717-810456-810457,Bart Oregano,14g,£2.25,£1.61/10g,,Food Cupboard
758394,TREK Gluten Free Millionaire Shortbread Protein Bar,G,true,3457,https://ecom-su-static-prod.wtrecom.com/images/products/3/LN_758394_BP_3.jpg,https://www.waitrose.com/ecom/products/trek-gluten-free-millionaire-shortbread-protein-bar/758394-812523-812524,TREK Gluten Free Millionaire Shortbread Protein Bar,55g,£1.50,£2.73/100g,save 45p. Was £1.95,Food Cupboard
758388,Heinz Saucy Sauce,G,false,3458,https://ecom-su-static-prod.wtrecom.com/images/products/3/LN_758388_BP_3.jpg,https://www.waitrose.com/ecom/products/heinz-saucy-sauce/758388-782810-782811,Heinz Saucy Sauce,400ml,£3.20,80p/100ml,,Food Cupboard
758356,Happy Birthday 2 Candle,G,false,3459,https://ecom-su-static-prod.wtrecom.com/images/products/3/LN_758356_BP_3.jpg,https://www.waitrose.com/ecom/products/happy-birthday-2-candle/758356-772065-772066,Happy Birthday 2 Candle,each,£2.50,£2.50 each,,Food Cupboard
758291,Happy Birthday 6 Candle,G,false,3460,https://ecom-su-static-prod.wtrecom.com/images/products/3/LN_758291_BP_3.jpg,https://www.waitrose.com/ecom/products/happy-birthday-6-candle/758291-772063-772064,Happy Birthday 6 Candle,each,£2.50,£2.50 each,,Food Cupboard
757727,Cooks' Ingredients Orange Extract,G,false,3461,https://ecom-su-static-prod.wtrecom.com/images/products/3/LN_757727_BP_3.jpg,https://www.waitrose.com/ecom/products/cooks-ingredients-orange-extract/757727-260886-260887,Cooks' Ingredients Orange Extract,38ml,£1.50,£3.95/100ml,,Food Cupboard
757557,John West No Drain Tuna Chunks Spring Water,G,false,3462,https://ecom-su-static-prod.wtrecom.com/images/products/3/LN_757557_BP_3.jpg,https://www.waitrose.com/ecom/products/john-west-no-drain-tuna-chunks-spring-water/757557-806826-806827,John West No Drain Tuna Chunks Spring Water,3x110g,£5.25,£1.60/100g,,Food Cupboard
757400,Waitrose Thai Black Rice,G,false,3463,https://ecom-su-static-prod.wtrecom.com/images/products/3/LN_757400_BP_3.jpg,https://www.waitrose.com/ecom/products/waitrose-thai-black-rice/757400-695170-695171,Waitrose Thai Black Rice,500g,£4.00,£8/kg,,Food Cupboard
756665,Sauce Shop Ranch Mayo,G,false,3464,https://ecom-su-static-prod.wtrecom.com/images/products/3/LN_756665_BP_3.jpg,https://www.waitrose.com/ecom/products/sauce-shop-ranch-mayo/756665-810454-810455,Sauce Shop Ranch Mayo,285ml,£2.95,£1.04/100ml,,Food Cupboard
756432,Ainsley Harriott Vegetable Chowder Cup Soup,G,false,3465,https://ecom-su-static-prod.wtrecom.com/images/products/3/LN_756432_BP_3.jpg,https://www.waitrose.com/ecom/products/ainsley-harriott-vegetable-chowder-cup-soup/756432-450636-450637,Ainsley Harriott Vegetable Chowder Cup Soup,75g,£1.35,£1.80/100g,,Food Cupboard
755752,Cooks' Ingredients Hibiscus,G,false,3466,https://ecom-su-static-prod.wtrecom.com/images/products/3/LN_755752_BP_3.jpg,https://www.waitrose.com/ecom/products/cooks-ingredients-hibiscus/755752-756083-756084,Cooks' Ingredients Hibiscus,40g,£2.50,62.5p/10g,,Food Cupboard
755516,Tideford Organics Sweet Potato Soup,G,false,3467,https://ecom-su-static-prod.wtrecom.com/images/products/3/LN_755516_BP_3.jpg,https://www.waitrose.com/ecom/products/tideford-organics-sweet-potato-soup/755516-812657-812658,Tideford Organics Sweet Potato Soup,560g,£3.40,60.7p/100g,,Food Cupboard
755491,Walkers Baked Crisps Prawn Cocktail Snacks,G,true,3468,https://ecom-su-static-prod.wtrecom.com/images/products/3/LN_755491_BP_3.jpg,https://www.waitrose.com/ecom/products/walkers-baked-crisps-prawn-cocktail-snacks/755491-786290-786291,Walkers Baked Crisps Prawn Cocktail Snacks,37.5g,£1.00,£2.67/100g,"£5 Food to Go Meal Deal: Add 1 Main, 1 Snack and 1 Drink",Food Cupboard
755457,Betty Crocker Tempting Choc. Flavour Icing,G,false,3469,https://ecom-su-static-prod.wtrecom.com/images/products/3/LN_755457_BP_3.jpg,https://www.waitrose.com/ecom/products/betty-crocker-tempting-choc-flavour-icing/755457-107441-107442,Betty Crocker Tempting Choc. Flavour Icing,400g,£3.15,78.8p/100g,,Food Cupboard
755416,Deliciously Ella Chocolate Orange Dipped Almonds,G,true,3470,https://ecom-su-static-prod.wtrecom.com/images/products/3/LN_755416_BP_3.jpg,https://www.waitrose.com/ecom/products/deliciously-ella-chocolate-orange-dipped-almonds/755416-807913-807914,Deliciously Ella Chocolate Orange Dipped Almonds,27g,£1.25,£4.63/100g,"£5 Food to Go Meal Deal: Add 1 Main, 1 Snack and 1 Drink",Food Cupboard
753038,Maille Dijonnaise Sauce,G,false,3471,https://ecom-su-static-prod.wtrecom.com/images/products/3/LN_753038_BP_3.jpg,https://www.waitrose.com/ecom/products/maille-dijonnaise-sauce/753038-810452-810453,Maille Dijonnaise Sauce,185g,£2.90,£1.57/100g,,Food Cupboard
752422,Waitrose Sea Salt And Pepper Cashew Nuts,G,false,3472,https://ecom-su-static-prod.wtrecom.com/images/products/3/LN_752422_BP_3.jpg,https://www.waitrose.com/ecom/products/waitrose-sea-salt-and-pepper-cashew-nuts/752422-818937-818938,Waitrose Sea Salt And Pepper Cashew Nuts,150g,£2.90,£1.94/100g,,Food Cupboard
752227,Bonne Maman Apricot Conserve,G,true,3473,https://ecom-su-static-prod.wtrecom.com/images/products/3/LN_752227_BP_3.jpg,https://www.waitrose.com/ecom/products/bonne-maman-apricot-conserve/752227-801212-801213,Bonne Maman Apricot Conserve,750g,£4.75,63.3p/100g,save £1.20. Was £5.95,Food Cupboard
751596,John West Tuna Chunks in Sunflower Oil,G,false,3474,https://ecom-su-static-prod.wtrecom.com/images/products/3/LN_751596_BP_3.jpg,https://www.waitrose.com/ecom/products/john-west-tuna-chunks-in-sunflower-oil/751596-580138-580139,John West Tuna Chunks in Sunflower Oil,drained 95g,£2.00,£2.11/100g,,Food Cupboard
751034,Cooks' Ingredients Chermoula Paste,G,false,3475,https://ecom-su-static-prod.wtrecom.com/images/products/3/LN_751034_BP_3.jpg,https://www.waitrose.com/ecom/products/cooks-ingredients-chermoula-paste/751034-793558-793559,Cooks' Ingredients Chermoula Paste,95g,£2.00,£2.11/100g,,Food Cupboard
750942,Nestle KitKat Chocolate Cereal,G,false,3476,https://ecom-su-static-prod.wtrecom.com/images/products/3/LN_750942_BP_3.jpg,https://www.waitrose.com/ecom/products/nestle-kitkat-chocolate-cereal/750942-803374-803375,Nestle KitKat Chocolate Cereal,330g,£3.70,£1.13/100g,,Food Cupboard
750235,Filippo Berio Basil Flavoured Olive Oil,G,false,3477,https://ecom-su-static-prod.wtrecom.com/images/products/3/LN_750235_BP_3.jpg,https://www.waitrose.com/ecom/products/filippo-berio-basil-flavoured-olive-oil/750235-745365-745366,Filippo Berio Basil Flavoured Olive Oil,250ml,£6.75,£2.70/100ml,,Food Cupboard
750161,Tony's Chocolonely Littl' Bits Triple Chocolate,G,false,3478,https://ecom-su-static-prod.wtrecom.com/images/products/3/LN_750161_BP_3.jpg,https://www.waitrose.com/ecom/products/tonys-chocolonely-littl-bits-triple-chocolate/750161-810090-810091,Tony's Chocolonely Littl' Bits Triple Chocolate,100g,£2.50,£2.50/100g,,Food Cupboard
748754,Cake Décor Silver Glitter Spray,G,false,3479,https://ecom-su-static-prod.wtrecom.com/images/products/3/LN_748754_BP_3.jpg,https://www.waitrose.com/ecom/products/cake-decor-silver-glitter-spray/748754-801210-801211,Cake Décor Silver Glitter Spray,4g,£3.70,£9.25/10g,,Food Cupboard
748749,Barbera Sicilia Extra Virgin Olive Oil,G,false,3480,https://ecom-su-static-prod.wtrecom.com/images/products/3/LN_748749_BP_3.jpg,https://www.waitrose.com/ecom/products/barbera-sicilia-extra-virgin-olive-oil/748749-690396-690397,Barbera Sicilia Extra Virgin Olive Oil,500ml,£14.85,£2.97/100ml,,Food Cupboard
748577,Rowse Organic Honey,G,false,3481,https://ecom-su-static-prod.wtrecom.com/images/products/3/LN_748577_BP_3.jpg,https://www.waitrose.com/ecom/products/rowse-organic-honey/748577-761848-761849,Rowse Organic Honey,680g,£6.00,88.2p/100g,,Food Cupboard
747327,Bonne Maman Crunchy Hazelnut Chocolate Spread,G,false,3482,https://ecom-su-static-prod.wtrecom.com/images/products/3/LN_747327_BP_3.jpg,https://www.waitrose.com/ecom/products/bonne-maman-crunchy-hazelnut-chocolate-spread/747327-825880-825881,Bonne Maman Crunchy Hazelnut Chocolate Spread,250g,£3.20,£1.28/100g,,Food Cupboard
746312,Under the Sea Character Lazerprint Candles,G,false,3483,https://ecom-su-static-prod.wtrecom.com/images/products/3/LN_746312_BP_3.jpg,https://www.waitrose.com/ecom/products/under-the-sea-character-lazerprint-candles/746312-822651-822652,Under the Sea Character Lazerprint Candles,1Each,£2.50,£2.50 each,,Food Cupboard
745882,Del Monte Pear Halves in Light Syrup,G,false,3484,https://ecom-su-static-prod.wtrecom.com/images/products/3/LN_745882_BP_3.jpg,https://www.waitrose.com/ecom/products/del-monte-pear-halves-in-light-syrup/745882-747540-747541,Del Monte Pear Halves in Light Syrup,420g,£1.25,54.3p/100g,,Food Cupboard
744759,Gran Luchito Chilli Con Carne Sauce,G,true,3485,https://ecom-su-static-prod.wtrecom.com/images/products/3/LN_744759_BP_3.jpg,https://www.waitrose.com/ecom/products/gran-luchito-chilli-con-carne-sauce/744759-824874-824875,Gran Luchito Chilli Con Carne Sauce,450g,£3.00,£6.67/kg,20% Off. Was £3.85,Food Cupboard
744321,Lizis Croquant Almond Granola,G,false,3486,https://ecom-su-static-prod.wtrecom.com/images/products/3/LN_744321_BP_3.jpg,https://www.waitrose.com/ecom/products/lizis-croquant-almond-granola/744321-808092-808093,Lizis Croquant Almond Granola,350g,£4.75,£1.36/100g,,Food Cupboard
743840,TRIBE Protein Flapjacks Choc Hazelnut,G,false,3487,https://ecom-su-static-prod.wtrecom.com/images/products/3/LN_743840_BP_3.jpg,https://www.waitrose.com/ecom/products/tribe-protein-flapjacks-choc-hazelnut/743840-824169-824170,TRIBE Protein Flapjacks Choc Hazelnut,3x38g,£3.30,£2.90/100g,,Food Cupboard
743202,Cooks' Ingredients White Fondant Icing,G,false,3488,https://ecom-su-static-prod.wtrecom.com/images/products/3/LN_743202_BP_3.jpg,https://www.waitrose.com/ecom/products/cooks-ingredients-white-fondant-icing/743202-231037-231038,Cooks' Ingredients White Fondant Icing,500g,£1.95,£3.90/kg,,Food Cupboard
743173,Blue Dragon Hot Sweet Chilli Sauce,G,false,3489,https://ecom-su-static-prod.wtrecom.com/images/products/3/LN_743173_BP_3.jpg,https://www.waitrose.com/ecom/products/blue-dragon-hot-sweet-chilli-sauce/743173-804494-804495,Blue Dragon Hot Sweet Chilli Sauce,315g,£3.10,98.4p/100g,,Food Cupboard
743038,Fray Bentos Minced Beef & Onion Pie,G,false,3490,https://ecom-su-static-prod.wtrecom.com/images/products/3/LN_743038_BP_3.jpg,https://www.waitrose.com/ecom/products/fray-bentos-minced-beef-onion-pie/743038-399906-399907,Fray Bentos Minced Beef & Onion Pie,425g,£3.40,£8/kg,,Food Cupboard
742876,Cadbury Chocolate Sponge Mix,G,false,3491,https://ecom-su-static-prod.wtrecom.com/images/products/3/LN_742876_BP_3.jpg,https://www.waitrose.com/ecom/products/cadbury-chocolate-sponge-mix/742876-816990-816991,Cadbury Chocolate Sponge Mix,400g,£3.15,,,Food Cupboard
742151,Betty Crocker Zesty Lemon Cake Mix,G,false,3492,https://ecom-su-static-prod.wtrecom.com/images/products/3/LN_742151_BP_3.jpg,https://www.waitrose.com/ecom/products/betty-crocker-zesty-lemon-cake-mix/742151-783194-783195,Betty Crocker Zesty Lemon Cake Mix,425g,£3.15,£7.42/kg,,Food Cupboard
739603,Waitrose French Dressing,G,false,3493,https://ecom-su-static-prod.wtrecom.com/images/products/3/LN_739603_BP_3.jpg,https://www.waitrose.com/ecom/products/waitrose-french-dressing/739603-826766-826767,Waitrose French Dressing,235ml,£2.20,93.6p/100ml,,Food Cupboard
739353,Dorset Cereals Chocolate Muesli Crunch,G,false,3494,https://ecom-su-static-prod.wtrecom.com/images/products/3/LN_739353_BP_3.jpg,https://www.waitrose.com/ecom/products/dorset-cereals-chocolate-muesli-crunch/739353-793552-793553,Dorset Cereals Chocolate Muesli Crunch,400g,£4.20,£1.05/100g,,Food Cupboard
737834,Cornish Sea Salt Co. Really Garlicky Salt,G,false,3495,https://ecom-su-static-prod.wtrecom.com/images/products/3/LN_737834_BP_3.jpg,https://www.waitrose.com/ecom/products/cornish-sea-salt-co-really-garlicky-salt/737834-758636-758637,Cornish Sea Salt Co. Really Garlicky Salt,55g,£1.95,£35.46/kg,,Food Cupboard
737549,Waitrose No.1 Rosemary Sourdough Crackers,G,false,3496,https://ecom-su-static-prod.wtrecom.com/images/products/3/LN_737549_BP_3.jpg,https://www.waitrose.com/ecom/products/waitrose-no1-rosemary-sourdough-crackers/737549-807617-807618,Waitrose No.1 Rosemary Sourdough Crackers,130g,£2.85,£2.20/100g,,Food Cupboard
737399,ManiLife Organic Smooth Peanut Butter,G,false,3497,https://ecom-su-static-prod.wtrecom.com/images/products/3/LN_737399_BP_3.jpg,https://www.waitrose.com/ecom/products/manilife-organic-smooth-peanut-butter/737399-813404-813405,ManiLife Organic Smooth Peanut Butter,275g,£4.49,£1.64/100g,,Food Cupboard
736719,Walkers Max Punchy Paprika Crisps,G,true,3498,https://ecom-su-static-prod.wtrecom.com/images/products/3/LN_736719_BP_3.jpg,https://www.waitrose.com/ecom/products/walkers-max-punchy-paprika-crisps/736719-695302-695303,Walkers Max Punchy Paprika Crisps,50g,£1.00,£2/100g,"£5 Food to Go Meal Deal: Add 1 Main, 1 Snack and 1 Drink",Food Cupboard
736455,Bart Chilli Flakes,G,false,3499,https://ecom-su-static-prod.wtrecom.com/images/products/3/LN_736455_BP_3.jpg,https://www.waitrose.com/ecom/products/bart-chilli-flakes/736455-810448-810449,Bart Chilli Flakes,27g,£2.25,83.3p/10g,,Food Cupboard
735556,Cooks' Ingredients 6 Sweet Pastry Cases,G,false,3500,https://ecom-su-static-prod.wtrecom.com/images/products/3/LN_735556_BP_3.jpg,https://www.waitrose.com/ecom/products/cooks-ingredients-6-sweet-pastry-cases/735556-450626-450627,Cooks' Ingredients 6 Sweet Pastry Cases,156g,£2.70,£1.74/100g,,Food Cupboard
735479,Cooks' Ingredients Dulse Seaweed,G,false,3501,https://ecom-su-static-prod.wtrecom.com/images/products/3/LN_735479_BP_3.jpg,https://www.waitrose.com/ecom/products/cooks-ingredients-dulse-seaweed/735479-785084-785085,Cooks' Ingredients Dulse Seaweed,7g,£3.50,£5/10g,,Food Cupboard
735154,Wagamama Chicken Ramen Meal Kit,G,false,3502,https://ecom-su-static-prod.wtrecom.com/images/products/3/LN_735154_BP_3.jpg,https://www.waitrose.com/ecom/products/wagamama-chicken-ramen-meal-kit/735154-804932-804933,Wagamama Chicken Ramen Meal Kit,150g,£3.70,£2.47/100g,,Food Cupboard
733410,Lindt Excellence A Touch Of Vanilla White,G,true,3503,https://ecom-su-static-prod.wtrecom.com/images/products/3/LN_733410_BP_3.jpg,https://www.waitrose.com/ecom/products/lindt-excellence-a-touch-of-vanilla-white/733410-825876-825877,Lindt Excellence A Touch Of Vanilla White,100g,£2.15,£2.15/100g,save 60p. Was £2.75,Food Cupboard
732074,Oxo White Wine Stock Pots,G,true,3504,https://ecom-su-static-prod.wtrecom.com/images/products/3/LN_732074_BP_3.jpg,https://www.waitrose.com/ecom/products/oxo-white-wine-stock-pots/732074-824861-824862,Oxo White Wine Stock Pots,4x20g,£1.50,£1.88/100g,25% Off. Was £2.00,Food Cupboard
731706,Knorr Hairy Bikers Spicy Stock Pots,G,false,3505,https://ecom-su-static-prod.wtrecom.com/images/products/3/LN_731706_BP_3.jpg,https://www.waitrose.com/ecom/products/knorr-hairy-bikers-spicy-stock-pots/731706-812948-812949,Knorr Hairy Bikers Spicy Stock Pots,104g,£2.00,£1.93/100g,,Food Cupboard
731507,Bart Fennel Seeds,G,false,3506,https://ecom-su-static-prod.wtrecom.com/images/products/3/LN_731507_BP_3.jpg,https://www.waitrose.com/ecom/products/bart-fennel-seeds/731507-810446-810447,Bart Fennel Seeds,30g,£2.25,75p/10g,,Food Cupboard
731500,Stoats Traditional Scottish Porridge Oats,G,true,3507,https://ecom-su-static-prod.wtrecom.com/images/products/3/LN_731500_BP_3.jpg,https://www.waitrose.com/ecom/products/stoats-traditional-scottish-porridge-oats/731500-284385-284386,Stoats Traditional Scottish Porridge Oats,750g,£1.75,23.3p/100g,25% Off. Was £2.35,Food Cupboard
731223,Dorset Cereals Pecan & Almond Muesli Crunch,G,false,3508,https://ecom-su-static-prod.wtrecom.com/images/products/3/LN_731223_BP_3.jpg,https://www.waitrose.com/ecom/products/dorset-cereals-pecan-almond-muesli-crunch/731223-793540-793541,Dorset Cereals Pecan & Almond Muesli Crunch,400g,£4.20,£1.05/100g,,Food Cupboard
730748,Whitworths Radiant Raisins,G,false,3509,https://ecom-su-static-prod.wtrecom.com/images/products/3/LN_730748_BP_3.jpg,https://www.waitrose.com/ecom/products/whitworths-radiant-raisins/730748-807909-807910,Whitworths Radiant Raisins,400g,£3.60,90p/100g,,Food Cupboard
729740,Cooks' Ingredients Mango Amba Sauce,G,false,3510,https://ecom-su-static-prod.wtrecom.com/images/products/3/LN_729740_BP_3.jpg,https://www.waitrose.com/ecom/products/cooks-ingredients-mango-amba-sauce/729740-767075-767076,Cooks' Ingredients Mango Amba Sauce,180g,£3.00,£1.67/100g,,Food Cupboard
728798,TRIBE Protein Muesli Choc Hazelnut,G,true,3511,https://ecom-su-static-prod.wtrecom.com/images/products/3/LN_728798_BP_3.jpg,https://www.waitrose.com/ecom/products/tribe-protein-muesli-choc-hazelnut/728798-808088-808089,TRIBE Protein Muesli Choc Hazelnut,400g,£3.00,75p/100g,save £1.00. Was £4.00,Food Cupboard
728489,Lily O'Brien's Luxury Collection,G,true,3512,https://ecom-su-static-prod.wtrecom.com/images/products/3/LN_728489_BP_3.jpg,https://www.waitrose.com/ecom/products/lily-obriens-luxury-collection/728489-825872-825873,Lily O'Brien's Luxury Collection,270g,£8.00,£2.97/100g,20% Off. Was £10.00,Food Cupboard
727873,Whole Earth Golden Roasted Crunchy Peanut Butter,G,false,3513,https://ecom-su-static-prod.wtrecom.com/images/products/3/LN_727873_BP_3.jpg,https://www.waitrose.com/ecom/products/whole-earth-golden-roasted-crunchy-peanut-butter/727873-778384-778385,Whole Earth Golden Roasted Crunchy Peanut Butter,340g,£3.80,£1.12/100g,,Food Cupboard
727388,Flavour Hacks Green Chilli,G,true,3514,https://ecom-su-static-prod.wtrecom.com/images/products/3/LN_727388_BP_3.jpg,https://www.waitrose.com/ecom/products/flavour-hacks-green-chilli/727388-824859-824860,Flavour Hacks Green Chilli,130g,£2.35,£1.81/100g,20% Off. Was £2.95,Food Cupboard
725547,Dr Oetker White Choc Chunks,G,false,3515,https://ecom-su-static-prod.wtrecom.com/images/products/3/LN_725547_BP_3.jpg,https://www.waitrose.com/ecom/products/dr-oetker-white-choc-chunks/725547-795136-795137,Dr Oetker White Choc Chunks,100g,£1.95,£1.95/100g,,Food Cupboard
724914,Cooks' Ingredients Easy Ramen Paste,G,false,3516,https://ecom-su-static-prod.wtrecom.com/images/products/3/LN_724914_BP_3.jpg,https://www.waitrose.com/ecom/products/cooks-ingredients-easy-ramen-paste/724914-784744-784745,Cooks' Ingredients Easy Ramen Paste,190g,£2.50,£1.32/100g,,Food Cupboard
724529,Bounce Caramelised Biscuit Protein Ball,G,true,3517,https://ecom-su-static-prod.wtrecom.com/images/products/3/LN_724529_BP_3.jpg,https://www.waitrose.com/ecom/products/bounce-caramelised-biscuit-protein-ball/724529-812511-812512,Bounce Caramelised Biscuit Protein Ball,40g,£1.00,£2.50/100g,save 70p. Was £1.70,Food Cupboard
724437,Lindt Classic Recipe Milk,G,false,3518,https://ecom-su-static-prod.wtrecom.com/images/products/3/LN_724437_BP_3.jpg,https://www.waitrose.com/ecom/products/lindt-classic-recipe-milk/724437-825440-825441,Lindt Classic Recipe Milk,190g,£3.25,£1.72/100g,,Food Cupboard
723772,Quaker Oat So Simple Velvety Chocolate Porridge Sachets,G,true,3519,https://ecom-su-static-prod.wtrecom.com/images/products/3/LN_723772_BP_3.jpg,https://www.waitrose.com/ecom/products/quaker-oat-so-simple-velvety-chocolate-porridge-sachets/723772-741927-741928,Quaker Oat So Simple Velvety Chocolate Porridge Sachets,365g,£3.50,95.9p/100g,Add 2 for £4.50,Food Cupboard
723410,Schär Gluten Free Jaffa Cakes,G,false,3520,https://ecom-su-static-prod.wtrecom.com/images/products/3/LN_723410_BP_3.jpg,https://www.waitrose.com/ecom/products/schar-gluten-free-jaffa-cakes/723410-745329-745330,Schär Gluten Free Jaffa Cakes,150g,£1.50,£1/100g,,Food Cupboard
722807,Happy Birthday Star Straight Candles,G,false,3521,https://ecom-su-static-prod.wtrecom.com/images/products/3/LN_722807_BP_3.jpg,https://www.waitrose.com/ecom/products/happy-birthday-star-straight-candles/722807-771999-772000,Happy Birthday Star Straight Candles,12s,£2.50,20.8p each,,Food Cupboard
722703,No.1 Orange & Whisky Marmalade,G,false,3522,https://ecom-su-static-prod.wtrecom.com/images/products/3/LN_722703_BP_3.jpg,https://www.waitrose.com/ecom/products/no1-orange-whisky-marmalade/722703-759714-759715,No.1 Orange & Whisky Marmalade,320g,£3.75,£1.18/100g,,Food Cupboard
721540,Renshaw Royal Icing,G,false,3523,https://ecom-su-static-prod.wtrecom.com/images/products/3/LN_721540_BP_3.jpg,https://www.waitrose.com/ecom/products/renshaw-royal-icing/721540-790726-790727,Renshaw Royal Icing,400g,£3.00,75p/100g,,Food Cupboard
720453,Marmite XO,G,false,3524,https://ecom-su-static-prod.wtrecom.com/images/products/3/LN_720453_BP_3.jpg,https://www.waitrose.com/ecom/products/marmite-xo/720453-825870-825871,Marmite XO,250g,£4.50,£1.80/100g,,Food Cupboard
720369,TRIBE Protein Flapjacks Raspberry,G,false,3525,https://ecom-su-static-prod.wtrecom.com/images/products/3/LN_720369_BP_3.jpg,https://www.waitrose.com/ecom/products/tribe-protein-flapjacks-raspberry/720369-808084-808085,TRIBE Protein Flapjacks Raspberry,3x38g,£3.30,£2.90/100g,,Food Cupboard
720066,Tracklements Ploughman's Pickle,G,false,3526,https://ecom-su-static-prod.wtrecom.com/images/products/3/LN_720066_BP_3.jpg,https://www.waitrose.com/ecom/products/tracklements-ploughmans-pickle/720066-758622-758623,Tracklements Ploughman's Pickle,245g,£3.80,£1.56/100g,,Food Cupboard
719433,No.1 Strawberry & Pink Champagne Preserve,G,false,3527,https://ecom-su-static-prod.wtrecom.com/images/products/3/LN_719433_BP_3.jpg,https://www.waitrose.com/ecom/products/no1-strawberry-pink-champagne-preserve/719433-759712-759713,No.1 Strawberry & Pink Champagne Preserve,320g,£3.75,£1.18/100g,,Food Cupboard
718890,Capsicana Mexican Chilli & Honey Fajita Kit,G,false,3528,https://ecom-su-static-prod.wtrecom.com/images/products/3/LN_718890_BP_3.jpg,https://www.waitrose.com/ecom/products/capsicana-mexican-chilli-honey-fajita-kit/718890-804930-804931,Capsicana Mexican Chilli & Honey Fajita Kit,455g,£4.40,96.7p/100g,,Food Cupboard
718369,Tracklements Sweet Mustard Ketchup,G,true,3529,https://ecom-su-static-prod.wtrecom.com/images/products/3/LN_718369_BP_3.jpg,https://www.waitrose.com/ecom/products/tracklements-sweet-mustard-ketchup/718369-756045-756046,Tracklements Sweet Mustard Ketchup,290g,£3.10,£1.07/100g,20% Off. Was £3.90,Food Cupboard
717783,Amoy Hoi Sin Stir Fry Sauce,G,false,3530,https://ecom-su-static-prod.wtrecom.com/images/products/3/LN_717783_BP_3.jpg,https://www.waitrose.com/ecom/products/amoy-hoi-sin-stir-fry-sauce/717783-102003-102004,Amoy Hoi Sin Stir Fry Sauce,120g,£1.05,87.5p/100g,,Food Cupboard
717441,Bonne Maman Chocolate & Orange Spread,G,true,3531,https://ecom-su-static-prod.wtrecom.com/images/products/3/LN_717441_BP_3.jpg,https://www.waitrose.com/ecom/products/bonne-maman-chocolate-orange-spread/717441-801200-801201,Bonne Maman Chocolate & Orange Spread,275g,£2.00,72.7p/100g,save £1.00. Was £3.00,Food Cupboard
717006,Deliciously Ella Plants Roasted Peanut Crunch Bar,G,true,3532,https://ecom-su-static-prod.wtrecom.com/images/products/3/LN_717006_BP_3.jpg,https://www.waitrose.com/ecom/products/deliciously-ella-plants-roasted-peanut-crunch-bar/717006-808082-808083,Deliciously Ella Plants Roasted Peanut Crunch Bar,3x37g,£2.60,£2.35/100g,20% Off. Was £3.25,Food Cupboard
715971,Cooks' Ingredients Mulling Spice,G,false,3533,https://ecom-su-static-prod.wtrecom.com/images/products/3/LN_715971_BP_3.jpg,https://www.waitrose.com/ecom/products/cooks-ingredients-mulling-spice/715971-785066-785067,Cooks' Ingredients Mulling Spice,14g,£2.35,£1.68/10g,,Food Cupboard
715320,Potts' Caramelised Onion Gravy with HP Sauce,G,false,3534,https://ecom-su-static-prod.wtrecom.com/images/products/3/LN_715320_BP_3.jpg,https://www.waitrose.com/ecom/products/potts-caramelised-onion-gravy-with-hp-sauce/715320-815618-815619,Potts' Caramelised Onion Gravy with HP Sauce,330ml,£2.25,,,Food Cupboard
714805,Cherry Peppers with Ricotta Cheese,G,false,3535,https://ecom-su-static-prod.wtrecom.com/images/products/3/LN_714805_BP_3.jpg,https://www.waitrose.com/ecom/products/cherry-peppers-with-ricotta-cheese/714805-805809-805810,Cherry Peppers with Ricotta Cheese,280g,£3.85,£1.38/100g,,Food Cupboard
714703,LoSalt Original,G,true,3536,https://ecom-su-static-prod.wtrecom.com/images/products/3/LN_714703_BP_3.jpg,https://www.waitrose.com/ecom/products/losalt-original/714703-101556-101557,LoSalt Original,700g,£2.95,£4.22/kg,20% Off. Was £3.70,Food Cupboard
714118,Cooks' Ingredients Smoky Chipotle Crust,G,false,3537,https://ecom-su-static-prod.wtrecom.com/images/products/3/LN_714118_BP_3.jpg,https://www.waitrose.com/ecom/products/cooks-ingredients-smoky-chipotle-crust/714118-785064-785065,Cooks' Ingredients Smoky Chipotle Crust,110g,£2.40,£2.19/100g,,Food Cupboard
713741,Cooks' Ingredients Blue Gel Colouring,G,false,3538,https://ecom-su-static-prod.wtrecom.com/images/products/3/LN_713741_BP_3.jpg,https://www.waitrose.com/ecom/products/cooks-ingredients-blue-gel-colouring/713741-711774-711775,Cooks' Ingredients Blue Gel Colouring,19g,£1.40,£73.69/kg,,Food Cupboard
711714,Mr Organic Black Bean Soup,G,false,3539,https://ecom-su-static-prod.wtrecom.com/images/products/3/LN_711714_BP_3.jpg,https://www.waitrose.com/ecom/products/mr-organic-black-bean-soup/711714-814991-814992,Mr Organic Black Bean Soup,400g,£1.95,48.8p/100g,,Food Cupboard
710719,Cadbury Family Treatsize Chocolate Multipack 14 Pack,G,false,3540,https://ecom-su-static-prod.wtrecom.com/images/products/3/LN_710719_BP_3.jpg,https://www.waitrose.com/ecom/products/cadbury-family-treatsize-chocolate-multipack-14-pack/710719-368069-368069,Cadbury Family Treatsize Chocolate Multipack 14 Pack,207g,£3.50,£1.70/100g,,Food Cupboard
709994,Freee Organic Gluten Free Fibre Flakes,G,false,3541,https://ecom-su-static-prod.wtrecom.com/images/products/3/LN_709994_BP_3.jpg,https://www.waitrose.com/ecom/products/freee-organic-gluten-free-fibre-flakes/709994-722315-722316,Freee Organic Gluten Free Fibre Flakes,375g,£3.70,98.7p/100g,,Food Cupboard
707390,KP Flavour Kravers Flame Grilled Steak Peanuts,G,false,3542,https://ecom-su-static-prod.wtrecom.com/images/products/3/LN_707390_BP_3.jpg,https://www.waitrose.com/ecom/products/kp-flavour-kravers-flame-grilled-steak-peanuts/707390-812505-812506,KP Flavour Kravers Flame Grilled Steak Peanuts,140g,£3.00,£2.15/100g,,Food Cupboard
706298,Dole Peaches in Fruit Juice,G,false,3543,https://ecom-su-static-prod.wtrecom.com/images/products/3/LN_706298_BP_3.jpg,https://www.waitrose.com/ecom/products/dole-peaches-in-fruit-juice/706298-368050-368051,Dole Peaches in Fruit Juice,4x113g,£2.40,£5.31/kg,,Food Cupboard
706074,Bart Garlic Granules,G,false,3544,https://ecom-su-static-prod.wtrecom.com/images/products/3/LN_706074_BP_3.jpg,https://www.waitrose.com/ecom/products/bart-garlic-granules/706074-810438-810439,Bart Garlic Granules,46g,£2.25,48.9p/10g,,Food Cupboard
705068,Buckwud Organic Intense Canadian Maple Syrup,G,false,3545,https://ecom-su-static-prod.wtrecom.com/images/products/3/LN_705068_BP_3.jpg,https://www.waitrose.com/ecom/products/buckwud-organic-intense-canadian-maple-syrup/705068-767645-767646,Buckwud Organic Intense Canadian Maple Syrup,250g,£6.00,£2.40/100g,,Food Cupboard
702316,Fabulous Free From Factory Vegan Sea-Salted Fudge Bites,G,false,3546,https://ecom-su-static-prod.wtrecom.com/images/products/3/LN_702316_BP_3.jpg,https://www.waitrose.com/ecom/products/fabulous-free-from-factory-vegan-sea-salted-fudge-bites/702316-728392-728393,Fabulous Free From Factory Vegan Sea-Salted Fudge Bites,65g,£1.80,£2.77/100g,,Food Cupboard
701426,Plants By Deliciously Ella Golden Turmeric Tagliolini,G,true,3547,https://ecom-su-static-prod.wtrecom.com/images/products/3/LN_701426_BP_3.jpg,https://www.waitrose.com/ecom/products/plants-by-deliciously-ella-golden-turmeric-tagliolini/701426-802604-802605,Plants By Deliciously Ella Golden Turmeric Tagliolini,250g,£2.00,£8/kg,20% Off. Was £2.50,Food Cupboard
701285,Island Bakery Cheese Biscuits Harissa Chilli and Cumin,G,false,3548,https://ecom-su-static-prod.wtrecom.com/images/products/3/LN_701285_BP_3.jpg,https://www.waitrose.com/ecom/products/island-bakery-cheese-biscuits-harissa-chilli-and-cumin/701285-824163-824164,Island Bakery Cheese Biscuits Harissa Chilli and Cumin,100g,£3.75,£3.75/100g,,Food Cupboard
700819,Cypressa Sesame Halva,G,false,3549,https://ecom-su-static-prod.wtrecom.com/images/products/3/LN_700819_BP_3.jpg,https://www.waitrose.com/ecom/products/cypressa-sesame-halva/700819-703112-703113,Cypressa Sesame Halva,250g,£2.50,£1/100g,,Food Cupboard
699135,KIND Maple Pecan Almond,G,true,3550,https://ecom-su-static-prod.wtrecom.com/images/products/3/LN_699135_BP_3.jpg,https://www.waitrose.com/ecom/products/kind-maple-pecan-almond/699135-784538-784539,KIND Maple Pecan Almond,40g,£1.45,£3.63/100g,"£5 Food to Go Meal Deal: Add 1 Main, 1 Snack and 1 Drink",Food Cupboard
698954,Fox's Fabulous Indulgent Centre Cookies Choc Orange,G,false,3551,https://ecom-su-static-prod.wtrecom.com/images/products/3/LN_698954_BP_3.jpg,https://www.waitrose.com/ecom/products/foxs-fabulous-indulgent-centre-cookies-choc-orange/698954-812501-812502,Fox's Fabulous Indulgent Centre Cookies Choc Orange,160g,£2.10,£1.32/100g,,Food Cupboard
698751,Mary Berry's Sticky Ginger & Chilli Dressing,G,false,3552,https://ecom-su-static-prod.wtrecom.com/images/products/3/LN_698751_BP_3.jpg,https://www.waitrose.com/ecom/products/mary-berrys-sticky-ginger-chilli-dressing/698751-826760-826761,Mary Berry's Sticky Ginger & Chilli Dressing,235ml,£3.80,£1.62/100ml,,Food Cupboard
697038,Cooks' Ingredients Fragrant Laksa Paste,G,false,3553,https://ecom-su-static-prod.wtrecom.com/images/products/3/LN_697038_BP_3.jpg,https://www.waitrose.com/ecom/products/cooks-ingredients-fragrant-laksa-paste/697038-312365-312366,Cooks' Ingredients Fragrant Laksa Paste,185g,£2.00,£1.09/100g,,Food Cupboard
695549,No.1 Milk Chocolate & Orange Florentines,G,false,3554,https://ecom-su-static-prod.wtrecom.com/images/products/3/LN_695549_BP_3.jpg,https://www.waitrose.com/ecom/products/no1-milk-chocolate-orange-florentines/695549-705360-705361,No.1 Milk Chocolate & Orange Florentines,150g,£4.00,£2.67/100g,,Food Cupboard
695301,Ombar Vegan Centres Coconut & Vanilla Bar,G,false,3555,https://ecom-su-static-prod.wtrecom.com/images/products/3/LN_695301_BP_3.jpg,https://www.waitrose.com/ecom/products/ombar-vegan-centres-coconut-vanilla-bar/695301-678253-678254,Ombar Vegan Centres Coconut & Vanilla Bar,70g,£3.10,£4.43/100g,,Food Cupboard
695203,Waitrose Truffle Flavour Extra Virgin Olive Oil,G,false,3556,https://ecom-su-static-prod.wtrecom.com/images/products/3/LN_695203_BP_3.jpg,https://www.waitrose.com/ecom/products/waitrose-truffle-flavour-extra-virgin-olive-oil/695203-812808-812809,Waitrose Truffle Flavour Extra Virgin Olive Oil,250ml,£5.50,£2.20/100ml,,Food Cupboard
694975,Olina's Gluten Free Natural Wafer Crackers,G,false,3557,https://ecom-su-static-prod.wtrecom.com/images/products/3/LN_694975_BP_3.jpg,https://www.waitrose.com/ecom/products/olinas-gluten-free-natural-wafer-crackers/694975-812499-812500,Olina's Gluten Free Natural Wafer Crackers,100g,£2.00,£2/100g,,Food Cupboard
693949,Sharwood's Korma 30% Less Fat,G,false,3558,https://ecom-su-static-prod.wtrecom.com/images/products/3/LN_693949_BP_3.jpg,https://www.waitrose.com/ecom/products/sharwoods-korma-30-less-fat/693949-703102-703103,Sharwood's Korma 30% Less Fat,420g,£2.50,59.5p/100g,,Food Cupboard
693451,Kellogg's Krave Chocolate Hazelnut Breakfast Cereal Large Pack,G,false,3559,https://ecom-su-static-prod.wtrecom.com/images/products/3/LN_693451_BP_3.jpg,https://www.waitrose.com/ecom/products/kelloggs-krave-chocolate-hazelnut-breakfast-cereal-large-pack/693451-722934-722935,Kellogg's Krave Chocolate Hazelnut Breakfast Cereal Large Pack,750g,£5.30,70.7p/100g,,Food Cupboard
692697,Knorr Hairy Bikers Herby Stock Pots,G,false,3560,https://ecom-su-static-prod.wtrecom.com/images/products/3/LN_692697_BP_3.jpg,https://www.waitrose.com/ecom/products/knorr-hairy-bikers-herby-stock-pots/692697-812938-812939,Knorr Hairy Bikers Herby Stock Pots,104g,£2.00,£1.93/100g,,Food Cupboard
691123,Cooks' Ingredients All Purpose Seasoning,G,true,3561,https://ecom-su-static-prod.wtrecom.com/images/products/3/LN_691123_BP_3.jpg,https://www.waitrose.com/ecom/products/cooks-ingredients-all-purpose-seasoning/691123-807607-807608,Cooks' Ingredients All Purpose Seasoning,60g,£1.70,28.3p/10g,Add 2 for £2.75,Food Cupboard
690914,Waitrose Ciabatta & Focaccia Bread Mix,G,false,3562,https://ecom-su-static-prod.wtrecom.com/images/products/3/LN_690914_BP_3.jpg,https://www.waitrose.com/ecom/products/waitrose-ciabatta-focaccia-bread-mix/690914-827128-827129,Waitrose Ciabatta & Focaccia Bread Mix,500g,£1.35,£2.70/kg,,Food Cupboard
690283,Heinz Tomato and Nduja Pasta Sauce,G,true,3563,https://ecom-su-static-prod.wtrecom.com/images/products/3/LN_690283_BP_3.jpg,https://www.waitrose.com/ecom/products/heinz-tomato-and-nduja-pasta-sauce/690283-814983-814984,Heinz Tomato and Nduja Pasta Sauce,350g,£1.50,42.9p/100g,save £1.00. Was £2.50,Food Cupboard
689751,Rude Health Almond & Hazelnut Granola,G,true,3564,https://ecom-su-static-prod.wtrecom.com/images/products/3/LN_689751_BP_3.jpg,https://www.waitrose.com/ecom/products/rude-health-almond-hazelnut-granola/689751-741891-741892,Rude Health Almond & Hazelnut Granola,400g,£2.45,61.3p/100g,Save 1/3. Was £3.70,Food Cupboard
689241,Cooks' Ingredients Chaat Masala,G,false,3565,https://ecom-su-static-prod.wtrecom.com/images/products/3/LN_689241_BP_3.jpg,https://www.waitrose.com/ecom/products/cooks-ingredients-chaat-masala/689241-672763-672764,Cooks' Ingredients Chaat Masala,56g,£2.50,44.6p/10g,,Food Cupboard
688850,Fox's Fabulous Indulgent Centre Cookies Triple Choc,G,false,3566,https://ecom-su-static-prod.wtrecom.com/images/products/3/LN_688850_BP_3.jpg,https://www.waitrose.com/ecom/products/foxs-fabulous-indulgent-centre-cookies-triple-choc/688850-812493-812494,Fox's Fabulous Indulgent Centre Cookies Triple Choc,160g,£2.10,,,Food Cupboard
686846,Dorset Cereals Simply Vanilla Porridge Cereal,G,false,3567,https://ecom-su-static-prod.wtrecom.com/images/products/3/LN_686846_BP_3.jpg,https://www.waitrose.com/ecom/products/dorset-cereals-simply-vanilla-porridge-cereal/686846-808074-808075,Dorset Cereals Simply Vanilla Porridge Cereal,400g,£2.95,73.8p/100g,,Food Cupboard
685936,Booja-Booja Honeycomb Caramel,G,false,3568,https://ecom-su-static-prod.wtrecom.com/images/products/3/LN_685936_BP_3.jpg,https://www.waitrose.com/ecom/products/booja-booja-honeycomb-caramel/685936-806687-806688,Booja-Booja Honeycomb Caramel,92g,£6.50,£7.07/100g,,Food Cupboard
684758,Duchy Organic Mustard with Honey,G,false,3569,https://ecom-su-static-prod.wtrecom.com/images/products/3/LN_684758_BP_3.jpg,https://www.waitrose.com/ecom/products/duchy-organic-mustard-with-honey/684758-97264-97265,Duchy Organic Mustard with Honey,170g,£3.00,£1.77/100g,,Food Cupboard
684631,Lindt Excellence Raspberry Intense Dark,G,true,3570,https://ecom-su-static-prod.wtrecom.com/images/products/3/LN_684631_BP_3.jpg,https://www.waitrose.com/ecom/products/lindt-excellence-raspberry-intense-dark/684631-825860-825861,Lindt Excellence Raspberry Intense Dark,100g,£2.15,£2.15/100g,save 60p. Was £2.75,Food Cupboard
684513,Groovy Food Organic Coconut Flour,G,true,3571,https://ecom-su-static-prod.wtrecom.com/images/products/3/LN_684513_BP_3.jpg,https://www.waitrose.com/ecom/products/groovy-food-organic-coconut-flour/684513-633506-633507,Groovy Food Organic Coconut Flour,500g,£2.50,£5/kg,save £1.20. Was £3.70,Food Cupboard
684109,Essential Chilli & Lime Dressing,G,false,3572,https://ecom-su-static-prod.wtrecom.com/images/products/3/LN_684109_BP_3.jpg,https://www.waitrose.com/ecom/products/essential-chilli-lime-dressing/684109-826758-826759,Essential Chilli & Lime Dressing,250ml,£1.10,44p/100ml,,Food Cupboard
683849,Waitrose '0' Number Candle,G,false,3573,https://ecom-su-static-prod.wtrecom.com/images/products/3/LN_683849_BP_3.jpg,https://www.waitrose.com/ecom/products/waitrose-0-number-candle/683849-260854-260855,Waitrose '0' Number Candle,Each,£1.20,£1.20 each,,Food Cupboard
682575,Cooks' Ingredients Lemon Grass,G,false,3574,https://ecom-su-static-prod.wtrecom.com/images/products/3/LN_682575_BP_3.jpg,https://www.waitrose.com/ecom/products/cooks-ingredients-lemon-grass/682575-96962-96963,Cooks' Ingredients Lemon Grass,3g,£1.80,£6/10g,,Food Cupboard
682008,Betty Crocker Country Carrot Cake Mix,G,false,3575,https://ecom-su-static-prod.wtrecom.com/images/products/3/LN_682008_BP_3.jpg,https://www.waitrose.com/ecom/products/betty-crocker-country-carrot-cake-mix/682008-816982-816983,Betty Crocker Country Carrot Cake Mix,425g,£3.15,,,Food Cupboard
680690,Cooks' Ingredients Fenugreek Seeds,G,true,3576,https://ecom-su-static-prod.wtrecom.com/images/products/3/LN_680690_BP_3.jpg,https://www.waitrose.com/ecom/products/cooks-ingredients-fenugreek-seeds/680690-785032-785033,Cooks' Ingredients Fenugreek Seeds,60g,£1.60,26.7p/10g,Add 2 for £2.75,Food Cupboard
678746,Monty Bojangles Belgian Milk Chocolate Purrs,G,true,3577,https://ecom-su-static-prod.wtrecom.com/images/products/3/LN_678746_BP_3.jpg,https://www.waitrose.com/ecom/products/monty-bojangles-belgian-milk-chocolate-purrs/678746-825856-825857,Monty Bojangles Belgian Milk Chocolate Purrs,200g,£5.00,£2.50/100g,save £1.00. Was £6.00,Food Cupboard
677462,Cooks' Ingredients Black Garlic Paste,G,false,3578,https://ecom-su-static-prod.wtrecom.com/images/products/3/LN_677462_BP_3.jpg,https://www.waitrose.com/ecom/products/cooks-ingredients-black-garlic-paste/677462-785028-785029,Cooks' Ingredients Black Garlic Paste,95g,£5.00,52.6p/10g,,Food Cupboard
676720,Cooks' Ingredients Silver Balls,G,false,3579,https://ecom-su-static-prod.wtrecom.com/images/products/3/LN_676720_BP_3.jpg,https://www.waitrose.com/ecom/products/cooks-ingredients-silver-balls/676720-789724-789725,Cooks' Ingredients Silver Balls,80g,£1.20,£15/kg,,Food Cupboard
676416,Maltesers More To Share Chocolate Pouch,G,false,3580,https://ecom-su-static-prod.wtrecom.com/images/products/3/LN_676416_BP_3.jpg,https://www.waitrose.com/ecom/products/maltesers-more-to-share-chocolate-pouch/676416-694590-694591,Maltesers More To Share Chocolate Pouch,175g,£3.45,£1.98/100g,,Food Cupboard
676025,Cholula Chipotle Hot Sauce,G,false,3581,https://ecom-su-static-prod.wtrecom.com/images/products/3/LN_676025_BP_3.jpg,https://www.waitrose.com/ecom/products/cholula-chipotle-hot-sauce/676025-426967-426968,Cholula Chipotle Hot Sauce,150ml,£2.40,£1.60/100ml,,Food Cupboard
675290,Cooks' Ingredients Satay Sauce,G,false,3582,https://ecom-su-static-prod.wtrecom.com/images/products/3/LN_675290_BP_3.jpg,https://www.waitrose.com/ecom/products/cooks-ingredients-satay-sauce/675290-711210-711211,Cooks' Ingredients Satay Sauce,180g,£2.00,£1.12/100g,,Food Cupboard
675228,Maryland Double Choc Cookies,G,false,3583,https://ecom-su-static-prod.wtrecom.com/images/products/3/LN_675228_BP_3.jpg,https://www.waitrose.com/ecom/products/maryland-double-choc-cookies/675228-823064-823065,Maryland Double Choc Cookies,200g,£1.60,80p/100g,,Food Cupboard
673702,Bart Ground Cumin,G,false,3584,https://ecom-su-static-prod.wtrecom.com/images/products/3/LN_673702_BP_3.jpg,https://www.waitrose.com/ecom/products/bart-ground-cumin/673702-810426-810427,Bart Ground Cumin,35g,£2.25,64.3p/10g,,Food Cupboard
673502,Sauce Shop Buffalo Hot Sauce,G,false,3585,https://ecom-su-static-prod.wtrecom.com/images/products/3/LN_673502_BP_3.jpg,https://www.waitrose.com/ecom/products/sauce-shop-buffalo-hot-sauce/673502-810424-810425,Sauce Shop Buffalo Hot Sauce,160ml,£2.95,£1.85/100ml,,Food Cupboard
672439,Waitrose Bolognese Pasta Sauce,G,false,3586,https://ecom-su-static-prod.wtrecom.com/images/products/3/LN_672439_BP_3.jpg,https://www.waitrose.com/ecom/products/waitrose-bolognese-pasta-sauce/672439-704229-704230,Waitrose Bolognese Pasta Sauce,475g,£3.25,68.4p/100g,,Food Cupboard
672184,John West On The Go Mexican Tuna Bean Salad,G,false,3587,https://ecom-su-static-prod.wtrecom.com/images/products/3/LN_672184_BP_3.jpg,https://www.waitrose.com/ecom/products/john-west-on-the-go-mexican-tuna-bean-salad/672184-806820-806821,John West On The Go Mexican Tuna Bean Salad,220g,£2.70,£1.23/100g,,Food Cupboard
670623,Ben's One Pan Creations Paella,G,true,3588,https://ecom-su-static-prod.wtrecom.com/images/products/3/LN_670623_BP_3.jpg,https://www.waitrose.com/ecom/products/bens-one-pan-creations-paella/670623-805799-805800,Ben's One Pan Creations Paella,250g,£2.00,£8/kg,save 50p. Was £2.50,Food Cupboard
670347,Miso Tasty Red Miso Paste,G,false,3589,https://ecom-su-static-prod.wtrecom.com/images/products/3/LN_670347_BP_3.jpg,https://www.waitrose.com/ecom/products/miso-tasty-red-miso-paste/670347-511862-511863,Miso Tasty Red Miso Paste,200g,£3.90,£1.95/100g,,Food Cupboard
670241,Duchy Organic Tomato Chutney,G,false,3590,https://ecom-su-static-prod.wtrecom.com/images/products/3/LN_670241_BP_3.jpg,https://www.waitrose.com/ecom/products/duchy-organic-tomato-chutney/670241-95149-95150,Duchy Organic Tomato Chutney,300g,£4.00,£1.34/100g,,Food Cupboard
668736,Cooks' Ingredients Spot Loaf Cake Cases,G,false,3591,https://ecom-su-static-prod.wtrecom.com/images/products/3/LN_668736_BP_3.jpg,https://www.waitrose.com/ecom/products/cooks-ingredients-spot-loaf-cake-cases/668736-757711-757712,Cooks' Ingredients Spot Loaf Cake Cases,10x1Each,£2.75,27.5p each,,Food Cupboard
668652,Bart Black Mustard Seeds,G,false,3592,https://ecom-su-static-prod.wtrecom.com/images/products/3/LN_668652_BP_3.jpg,https://www.waitrose.com/ecom/products/bart-black-mustard-seeds/668652-810422-810423,Bart Black Mustard Seeds,55g,£2.25,40.9p/10g,,Food Cupboard
668370,Just Spices Avocado Topping,G,false,3593,https://ecom-su-static-prod.wtrecom.com/images/products/3/LN_668370_BP_3.jpg,https://www.waitrose.com/ecom/products/just-spices-avocado-topping/668370-804908-804909,Just Spices Avocado Topping,60g,£4.00,66.7p/10g,,Food Cupboard
668207,Happy Birthday 3 Candle,G,false,3594,https://ecom-su-static-prod.wtrecom.com/images/products/3/LN_668207_BP_3.jpg,https://www.waitrose.com/ecom/products/happy-birthday-3-candle/668207-771399-771400,Happy Birthday 3 Candle,each,£2.50,£2.50 each,,Food Cupboard
667400,Cooks' Ingredients Red Miso Paste,G,false,3595,https://ecom-su-static-prod.wtrecom.com/images/products/3/LN_667400_BP_3.jpg,https://www.waitrose.com/ecom/products/cooks-ingredients-red-miso-paste/667400-672711-672712,Cooks' Ingredients Red Miso Paste,100g,£2.00,£2/100g,,Food Cupboard
666391,Cooks' Ingredients Ground Cloves,G,true,3596,https://ecom-su-static-prod.wtrecom.com/images/products/3/LN_666391_BP_3.jpg,https://www.waitrose.com/ecom/products/cooks-ingredients-ground-cloves/666391-785018-785019,Cooks' Ingredients Ground Cloves,37g,£1.60,43.2p/10g,Add 2 for £2.75,Food Cupboard
665654,Hellman's Chilli Charger Mayonnaise,G,true,3597,https://ecom-su-static-prod.wtrecom.com/images/products/3/LN_665654_BP_3.jpg,https://www.waitrose.com/ecom/products/hellmans-chilli-charger-mayonnaise/665654-804478-804479,Hellman's Chilli Charger Mayonnaise,250g,£2.00,80p/100g,save 80p. Was £2.80,Food Cupboard
665269,Island Bakery Cheese Biscuits with Onion and Thyme,G,false,3598,https://ecom-su-static-prod.wtrecom.com/images/products/3/LN_665269_BP_3.jpg,https://www.waitrose.com/ecom/products/island-bakery-cheese-biscuits-with-onion-and-thyme/665269-824153-824154,Island Bakery Cheese Biscuits with Onion and Thyme,100g,£3.75,£3.75/100g,,Food Cupboard
664030,Food Thoughts Oat Mylk Chocolate Chips,G,false,3599,https://ecom-su-static-prod.wtrecom.com/images/products/3/LN_664030_BP_3.jpg,https://www.waitrose.com/ecom/products/food-thoughts-oat-mylk-chocolate-chips/664030-810755-810756,Food Thoughts Oat Mylk Chocolate Chips,200g,£4.60,£2.30/100g,,Food Cupboard
663894,Cake Décor Edible Glue,G,false,3600,https://ecom-su-static-prod.wtrecom.com/images/products/3/LN_663894_BP_3.jpg,https://www.waitrose.com/ecom/products/cake-decor-edible-glue/663894-729960-729961,Cake Décor Edible Glue,15g,£1.25,£8.34/100g,,Food Cupboard
663380,ManiLife Rich Cocoa Smooth Peanut Butter,G,true,3601,https://ecom-su-static-prod.wtrecom.com/images/products/3/LN_663380_BP_3.jpg,https://www.waitrose.com/ecom/products/manilife-rich-cocoa-smooth-peanut-butter/663380-801178-801179,ManiLife Rich Cocoa Smooth Peanut Butter,275g,£3.00,£1.10/100g,save £1.00. Was £4.00,Food Cupboard
661860,itsu Rice Cakes Dark Chocolate,G,true,3602,https://ecom-su-static-prod.wtrecom.com/images/products/3/LN_661860_BP_3.jpg,https://www.waitrose.com/ecom/products/itsu-rice-cakes-dark-chocolate/661860-756877-756878,itsu Rice Cakes Dark Chocolate,34g,90p,£2.65/100g,"£5 Food to Go Meal Deal: Add 1 Main, 1 Snack and 1 Drink",Food Cupboard
661550,Belazu Butternut Squash & Sage Pesto,G,false,3603,https://ecom-su-static-prod.wtrecom.com/images/products/3/LN_661550_BP_3.jpg,https://www.waitrose.com/ecom/products/belazu-butternut-squash-sage-pesto/661550-823346-823347,Belazu Butternut Squash & Sage Pesto,170g,£3.30,£1.95/100g,,Food Cupboard
660570,RHandful Air Nuts Hot Chilli,G,true,3604,https://ecom-su-static-prod.wtrecom.com/images/products/3/LN_660570_BP_3.jpg,https://www.waitrose.com/ecom/products/rhandful-air-nuts-hot-chilli/660570-804248-804249,RHandful Air Nuts Hot Chilli,45g,£1.95,£4.34/100g,save 50p. Was £2.45,Food Cupboard
660133,Green Giant No Added Salt Sweetcorn,G,false,3605,https://ecom-su-static-prod.wtrecom.com/images/products/3/LN_660133_BP_3.jpg,https://www.waitrose.com/ecom/products/green-giant-no-added-salt-sweetcorn/660133-93756-93757,Green Giant No Added Salt Sweetcorn,drained 285g,£1.30,£4.57/kg,,Food Cupboard
659810,Moo Free Vegan Choccy Buttons,G,false,3606,https://ecom-su-static-prod.wtrecom.com/images/products/3/LN_659810_BP_3.jpg,https://www.waitrose.com/ecom/products/moo-free-vegan-choccy-buttons/659810-745241-745242,Moo Free Vegan Choccy Buttons,25g,95p,£3.80/100g,,Food Cupboard
659205,Walkers Max Punchy Paprika,G,false,3607,https://ecom-su-static-prod.wtrecom.com/images/products/3/LN_659205_BP_3.jpg,https://www.waitrose.com/ecom/products/walkers-max-punchy-paprika/659205-803665-803666,Walkers Max Punchy Paprika,140g,£2.25,£1.61/100g,,Food Cupboard
658805,L'Estornell Organic Extra Virgin Olive Oil,G,false,3608,https://ecom-su-static-prod.wtrecom.com/images/products/3/LN_658805_BP_3.jpg,https://www.waitrose.com/ecom/products/lestornell-organic-extra-virgin-olive-oil/658805-745237-745238,L'Estornell Organic Extra Virgin Olive Oil,500ml,£17.00,£3.40/100ml,,Food Cupboard
657872,Rude Health 5 Grain 5 Seed Porridge,G,true,3609,https://ecom-su-static-prod.wtrecom.com/images/products/3/LN_657872_BP_3.jpg,https://www.waitrose.com/ecom/products/rude-health-5-grain-5-seed-porridge/657872-741861-741862,Rude Health 5 Grain 5 Seed Porridge,400g,£2.05,51.3p/100g,Save 1/3. Was £3.10,Food Cupboard
657736,Waitrose CI Tamari Soy Sauce,G,false,3610,https://ecom-su-static-prod.wtrecom.com/images/products/3/LN_657736_BP_3.jpg,https://www.waitrose.com/ecom/products/waitrose-ci-tamari-soy-sauce/657736-711194-711195,Waitrose CI Tamari Soy Sauce,150ml,£2.95,£1.97/100ml,,Food Cupboard
657032,Lucy's Lemon & Caper Zesty Dressing,G,false,3611,https://ecom-su-static-prod.wtrecom.com/images/products/3/LN_657032_BP_3.jpg,https://www.waitrose.com/ecom/products/lucys-lemon-caper-zesty-dressing/657032-752777-752778,Lucy's Lemon & Caper Zesty Dressing,250ml,£4.00,£1.60/100ml,,Food Cupboard
657013,Dorset Cereals Cherry & Almond Porridge,G,false,3612,https://ecom-su-static-prod.wtrecom.com/images/products/3/LN_657013_BP_3.jpg,https://www.waitrose.com/ecom/products/dorset-cereals-cherry-almond-porridge/657013-808070-808071,Dorset Cereals Cherry & Almond Porridge,400g,£2.95,73.8p/100g,,Food Cupboard
656568,Amoy Black Bean Stir Fry Sauce,G,false,3613,https://ecom-su-static-prod.wtrecom.com/images/products/3/LN_656568_BP_3.jpg,https://www.waitrose.com/ecom/products/amoy-black-bean-stir-fry-sauce/656568-93219-93220,Amoy Black Bean Stir Fry Sauce,120g,£1.05,87.5p/100g,,Food Cupboard
655089,Hilltop Everyday Blossom Honey,G,false,3614,https://ecom-su-static-prod.wtrecom.com/images/products/3/LN_655089_BP_3.jpg,https://www.waitrose.com/ecom/products/hilltop-everyday-blossom-honey/655089-746383-746384,Hilltop Everyday Blossom Honey,340g,£2.75,80.9p/100g,,Food Cupboard
653577,Duchy Organic Oaten Biscuit Savoury Selection,G,false,3615,https://ecom-su-static-prod.wtrecom.com/images/products/3/LN_653577_BP_3.jpg,https://www.waitrose.com/ecom/products/duchy-organic-oaten-biscuit-savoury-selection/653577-754284-754284,Duchy Organic Oaten Biscuit Savoury Selection,300g,£9.00,£3/100g,,Food Cupboard
653479,Cooks' Ingredients Smoked Tomato Paste,G,false,3616,https://ecom-su-static-prod.wtrecom.com/images/products/3/LN_653479_BP_3.jpg,https://www.waitrose.com/ecom/products/cooks-ingredients-smoked-tomato-paste/653479-785012-785013,Cooks' Ingredients Smoked Tomato Paste,90g,£1.60,17.8p/10g,,Food Cupboard
653169,Old Bay Seasoning,G,false,3617,https://ecom-su-static-prod.wtrecom.com/images/products/3/LN_653169_BP_3.jpg,https://www.waitrose.com/ecom/products/old-bay-seasoning/653169-805791-805792,Old Bay Seasoning,75g,£3.35,44.7p/10g,,Food Cupboard
653096,No.1 Nocellara Olives,G,true,3618,https://ecom-su-static-prod.wtrecom.com/images/products/3/LN_653096_BP_3.jpg,https://www.waitrose.com/ecom/products/no1-nocellara-olives/653096-827475-827476,No.1 Nocellara Olives,200g,£2.95,£26.82/kg,Introductory Offer.Will be £3.70,Food Cupboard
652693,No.1 Gruyère & Rosemary Puffs,G,false,3619,https://ecom-su-static-prod.wtrecom.com/images/products/3/LN_652693_BP_3.jpg,https://www.waitrose.com/ecom/products/no1-gruyere-rosemary-puffs/652693-705242-705243,No.1 Gruyère & Rosemary Puffs,75g,£1.85,£2.47/100g,,Food Cupboard
651525,Schär Gluten Free Melto,G,false,3620,https://ecom-su-static-prod.wtrecom.com/images/products/3/LN_651525_BP_3.jpg,https://www.waitrose.com/ecom/products/schar-gluten-free-melto/651525-722211-722212,Schär Gluten Free Melto,30g,£1.10,£3.67/100g,,Food Cupboard
650883,Happy Birthday 1 Candle,G,false,3621,https://ecom-su-static-prod.wtrecom.com/images/products/3/LN_650883_BP_3.jpg,https://www.waitrose.com/ecom/products/happy-birthday-1-candle/650883-771859-771860,Happy Birthday 1 Candle,each,£2.50,£2.50 each,,Food Cupboard
650471,Cheesies Cheddar Crunchy Popped Cheese,G,false,3622,https://ecom-su-static-prod.wtrecom.com/images/products/3/LN_650471_BP_3.jpg,https://www.waitrose.com/ecom/products/cheesies-cheddar-crunchy-popped-cheese/650471-804136-804137,Cheesies Cheddar Crunchy Popped Cheese,60g,£3.65,£6.09/100g,,Food Cupboard
649947,Cooks' Ingredients Porcini Powder,G,false,3623,https://ecom-su-static-prod.wtrecom.com/images/products/3/LN_649947_BP_3.jpg,https://www.waitrose.com/ecom/products/cooks-ingredients-porcini-powder/649947-672683-672684,Cooks' Ingredients Porcini Powder,35g,£3.75,£10.72/100g,,Food Cupboard
649877,No.1 Lavender Shortbread,G,false,3624,https://ecom-su-static-prod.wtrecom.com/images/products/3/LN_649877_BP_3.jpg,https://www.waitrose.com/ecom/products/no1-lavender-shortbread/649877-280747-280748,No.1 Lavender Shortbread,135g,£2.75,£2.04/100g,,Food Cupboard
649308,Capsicana Garlic & Paprika Seasoning,G,false,3625,https://ecom-su-static-prod.wtrecom.com/images/products/3/LN_649308_BP_3.jpg,https://www.waitrose.com/ecom/products/capsicana-garlic-paprika-seasoning/649308-680260-680261,Capsicana Garlic & Paprika Seasoning,28g,£1.40,£5/100g,,Food Cupboard
648977,PhD Smart Bar White Choc Blondie,G,true,3626,https://ecom-su-static-prod.wtrecom.com/images/products/3/LN_648977_BP_3.jpg,https://www.waitrose.com/ecom/products/phd-smart-bar-white-choc-blondie/648977-764124-764125,PhD Smart Bar White Choc Blondie,64g,£1.85,£2.90/100g,save 90p. Was £2.75,Food Cupboard
647895,No.1 New Zealand Clover Honey,G,false,3627,https://ecom-su-static-prod.wtrecom.com/images/products/3/LN_647895_BP_3.jpg,https://www.waitrose.com/ecom/products/no1-new-zealand-clover-honey/647895-705228-705229,No.1 New Zealand Clover Honey,250g,£5.85,£2.34/100g,,Food Cupboard
647491,Talking Tables 16 Pack Pastel Candles,G,false,3628,https://ecom-su-static-prod.wtrecom.com/images/products/3/LN_647491_BP_3.jpg,https://www.waitrose.com/ecom/products/talking-tables-16-pack-pastel-candles/647491-801168-801169,Talking Tables 16 Pack Pastel Candles,16s,£4.00,25p each,,Food Cupboard
646762,Walkers Max Peanuts Jalapeno & Cheese,G,true,3629,https://ecom-su-static-prod.wtrecom.com/images/products/3/LN_646762_BP_3.jpg,https://www.waitrose.com/ecom/products/walkers-max-peanuts-jalapeno-cheese/646762-804244-804245,Walkers Max Peanuts Jalapeno & Cheese,175g,£1.50,85.7p/100g,save £1.15. Was £2.65,Food Cupboard
646655,Seabrook Cheese & Onion,G,false,3630,https://ecom-su-static-prod.wtrecom.com/images/products/3/LN_646655_BP_3.jpg,https://www.waitrose.com/ecom/products/seabrook-cheese-onion/646655-804242-804243,Seabrook Cheese & Onion,6x25g,£1.50,£1/100g,,Food Cupboard
646408,Doves Farm Organic Seedhouse Bread Flour,G,true,3631,https://ecom-su-static-prod.wtrecom.com/images/products/3/LN_646408_BP_3.jpg,https://www.waitrose.com/ecom/products/doves-farm-organic-seedhouse-bread-flour/646408-827120-827121,Doves Farm Organic Seedhouse Bread Flour,1Kg,£2.16,£2.16/kg,20% Off. Was £2.75,Food Cupboard
646245,Waitrose Mini Oat Biscuits,G,false,3632,https://ecom-su-static-prod.wtrecom.com/images/products/3/LN_646245_BP_3.jpg,https://www.waitrose.com/ecom/products/waitrose-mini-oat-biscuits/646245-408696-408697,Waitrose Mini Oat Biscuits,125g,£1.50,£1.20/100g,,Food Cupboard
645365,Insane Grain Gluten Free BBQ Sticks,G,true,3633,https://ecom-su-static-prod.wtrecom.com/images/products/3/LN_645365_BP_3.jpg,https://www.waitrose.com/ecom/products/insane-grain-gluten-free-bbq-sticks/645365-812475-812476,Insane Grain Gluten Free BBQ Sticks,80g,£1.50,£1.88/100g,save 50p. Was £2.00,Food Cupboard
644933,Fizzy Frenzy Vegan Jar Of Joy,G,false,3634,https://ecom-su-static-prod.wtrecom.com/images/products/3/LN_644933_BP_3.jpg,https://www.waitrose.com/ecom/products/fizzy-frenzy-vegan-jar-of-joy/644933-777159-777160,Fizzy Frenzy Vegan Jar Of Joy,450g,£8.00,£1.78/100g,,Food Cupboard
644270,Sour Patch Kids Original,G,false,3635,https://ecom-su-static-prod.wtrecom.com/images/products/3/LN_644270_BP_3.jpg,https://www.waitrose.com/ecom/products/sour-patch-kids-original/644270-784524-784525,Sour Patch Kids Original,130g,£1.60,£1.24/100g,,Food Cupboard
643882,Nestlé Shreddies The Honey One,G,false,3636,https://ecom-su-static-prod.wtrecom.com/images/products/3/LN_643882_BP_3.jpg,https://www.waitrose.com/ecom/products/nestle-shreddies-the-honey-one/643882-772618-772619,Nestlé Shreddies The Honey One,460g,£3.25,70.7p/100g,,Food Cupboard
643745,Popchips Popcorn Sweet & Salty,G,true,3637,https://ecom-su-static-prod.wtrecom.com/images/products/3/LN_643745_BP_3.jpg,https://www.waitrose.com/ecom/products/popchips-popcorn-sweet-salty/643745-810076-810077,Popchips Popcorn Sweet & Salty,75g,£1.35,£1.80/100g,save 65p. Was £2.00,Food Cupboard
643429,Rowse Organic Set Honey Jar,G,false,3638,https://ecom-su-static-prod.wtrecom.com/images/products/3/LN_643429_BP_3.jpg,https://www.waitrose.com/ecom/products/rowse-organic-set-honey-jar/643429-91351-91352,Rowse Organic Set Honey Jar,340g,£3.75,£1.11/100g,,Food Cupboard
641865,Free From Fellows Vanilla Vegan Mallows,G,false,3639,https://ecom-su-static-prod.wtrecom.com/images/products/3/LN_641865_BP_3.jpg,https://www.waitrose.com/ecom/products/free-from-fellows-vanilla-vegan-mallows/641865-777157-777158,Free From Fellows Vanilla Vegan Mallows,105g,£2.00,£1.91/100g,,Food Cupboard
641589,Duchy Organic Mixed Herbs,G,false,3640,https://ecom-su-static-prod.wtrecom.com/images/products/3/LN_641589_BP_3.jpg,https://www.waitrose.com/ecom/products/duchy-organic-mixed-herbs/641589-785002-785003,Duchy Organic Mixed Herbs,13g,£1.95,£1.50/10g,,Food Cupboard
640165,Fox's Millionaire's Cookies,G,true,3641,https://ecom-su-static-prod.wtrecom.com/images/products/3/LN_640165_BP_3.jpg,https://www.waitrose.com/ecom/products/foxs-millionaires-cookies/640165-777364-777365,Fox's Millionaire's Cookies,180g,£1.25,69.4p/100g,save 85p. Was £2.10,Food Cupboard
639733,Cooks' Ingredients Madagascan Vanilla Icing,G,false,3642,https://ecom-su-static-prod.wtrecom.com/images/products/3/LN_639733_BP_3.jpg,https://www.waitrose.com/ecom/products/cooks-ingredients-madagascan-vanilla-icing/639733-791131-791132,Cooks' Ingredients Madagascan Vanilla Icing,400g,£2.75,£6.88/kg,,Food Cupboard
639210,Cooks' Ingredients Roasted Dukkah,G,false,3643,https://ecom-su-static-prod.wtrecom.com/images/products/3/LN_639210_BP_3.jpg,https://www.waitrose.com/ecom/products/cooks-ingredients-roasted-dukkah/639210-312343-312344,Cooks' Ingredients Roasted Dukkah,50g,£2.00,40p/10g,,Food Cupboard
639035,Eat Real Quinoa Chips Sour Cream & Chive Flavour,G,false,3644,https://ecom-su-static-prod.wtrecom.com/images/products/3/LN_639035_BP_3.jpg,https://www.waitrose.com/ecom/products/eat-real-quinoa-chips-sour-cream-chive-flavour/639035-818706-818707,Eat Real Quinoa Chips Sour Cream & Chive Flavour,90g,£2.10,£2.34/100g,,Food Cupboard
638792,Jacob's Red Leicester Mini Cheddars,G,true,3645,https://ecom-su-static-prod.wtrecom.com/images/products/3/LN_638792_BP_3.jpg,https://www.waitrose.com/ecom/products/jacobs-red-leicester-mini-cheddars/638792-90720-90721,Jacob's Red Leicester Mini Cheddars,45g,£1.00,£2.23/100g,"£5 Food to Go Meal Deal: Add 1 Main, 1 Snack and 1 Drink",Food Cupboard
638367,Cadbury Wispa Duo,G,true,3646,https://ecom-su-static-prod.wtrecom.com/images/products/3/LN_638367_BP_3.jpg,https://www.waitrose.com/ecom/products/cadbury-wispa-duo/638367-236266-236267,Cadbury Wispa Duo,47.5g,£1.00,£2.11/100g,"£5 Food to Go Meal Deal: Add 1 Main, 1 Snack and 1 Drink",Food Cupboard
638158,Bonne Maman Shallot & Violet Fig Chutney,G,false,3647,https://ecom-su-static-prod.wtrecom.com/images/products/3/LN_638158_BP_3.jpg,https://www.waitrose.com/ecom/products/bonne-maman-shallot-violet-fig-chutney/638158-747486-747487,Bonne Maman Shallot & Violet Fig Chutney,210g,£2.75,£1.31/100g,,Food Cupboard
636696,Quaker Rolled Porridge Oats,G,false,3648,https://ecom-su-static-prod.wtrecom.com/images/products/3/LN_636696_BP_3.jpg,https://www.waitrose.com/ecom/products/quaker-rolled-porridge-oats/636696-806384-806385,Quaker Rolled Porridge Oats,500g,£1.75,35p/100g,,Food Cupboard
636291,Happy Birthday 0 Candle,G,false,3649,https://ecom-su-static-prod.wtrecom.com/images/products/3/LN_636291_BP_3.jpg,https://www.waitrose.com/ecom/products/happy-birthday-0-candle/636291-771825-771826,Happy Birthday 0 Candle,each,£2.50,£2.50 each,,Food Cupboard
635959,Sacla Roasted Pepper and Almond Pesto,G,true,3650,https://ecom-su-static-prod.wtrecom.com/images/products/3/LN_635959_BP_3.jpg,https://www.waitrose.com/ecom/products/sacla-roasted-pepper-and-almond-pesto/635959-805787-805788,Sacla Roasted Pepper and Almond Pesto,190g,£2.50,£1.32/100g,save £1.00. Was £3.50,Food Cupboard
635794,Waitrose Italian Gianduiotti Box,G,false,3651,https://ecom-su-static-prod.wtrecom.com/images/products/3/LN_635794_BP_3.jpg,https://www.waitrose.com/ecom/products/waitrose-italian-gianduiotti-box/635794-674620-674621,Waitrose Italian Gianduiotti Box,240g,£6.00,£2.50/100g,,Food Cupboard
635697,Belazu 1.25 Balsamic Vinegar of Modena,G,false,3652,https://ecom-su-static-prod.wtrecom.com/images/products/3/LN_635697_BP_3.jpg,https://www.waitrose.com/ecom/products/belazu-125-balsamic-vinegar-of-modena/635697-547040-547041,Belazu 1.25 Balsamic Vinegar of Modena,250ml,£9.75,£3.90/100ml,,Food Cupboard
635570,Duchy Organic Lemon Shortbread,G,false,3653,https://ecom-su-static-prod.wtrecom.com/images/products/3/LN_635570_BP_3.jpg,https://www.waitrose.com/ecom/products/duchy-organic-lemon-shortbread/635570-90255-90256,Duchy Organic Lemon Shortbread,150g,£2.25,£1.50/100g,,Food Cupboard
635527,Waitrose '3' Number Candle,G,false,3654,https://ecom-su-static-prod.wtrecom.com/images/products/3/LN_635527_BP_3.jpg,https://www.waitrose.com/ecom/products/waitrose-3-number-candle/635527-260826-260827,Waitrose '3' Number Candle,Each,£1.20,£1.20 each,,Food Cupboard
634734,Freee Organic Gluten Free Supergrain Hoops 300g,G,false,3655,https://ecom-su-static-prod.wtrecom.com/images/products/3/LN_634734_BP_3.jpg,https://www.waitrose.com/ecom/products/freee-organic-gluten-free-supergrain-hoops-300g/634734-758083-758084,Freee Organic Gluten Free Supergrain Hoops 300g,300g,£3.55,£1.19/100g,,Food Cupboard
634027,Walkers Max Pizza Hut Pepperoni Feast,G,false,3656,https://ecom-su-static-prod.wtrecom.com/images/products/3/LN_634027_BP_3.jpg,https://www.waitrose.com/ecom/products/walkers-max-pizza-hut-pepperoni-feast/634027-809400-809401,Walkers Max Pizza Hut Pepperoni Feast,140g,£2.25,£1.61/100g,,Food Cupboard
633167,Talking Tables Acrylic Cake Topper,G,false,3657,https://ecom-su-static-prod.wtrecom.com/images/products/3/LN_633167_BP_3.jpg,https://www.waitrose.com/ecom/products/talking-tables-acrylic-cake-topper/633167-801160-801161,Talking Tables Acrylic Cake Topper,Each,£5.00,£5 each,,Food Cupboard
633073,Cooks' Homebaking Tanzanian Chocolate Icing,G,false,3658,https://ecom-su-static-prod.wtrecom.com/images/products/3/LN_633073_BP_3.jpg,https://www.waitrose.com/ecom/products/cooks-homebaking-tanzanian-chocolate-icing/633073-810741-810742,Cooks' Homebaking Tanzanian Chocolate Icing,400g,£2.75,£6.88/kg,,Food Cupboard
631972,KIND Caramel Almond & Sea Salt,G,true,3659,https://ecom-su-static-prod.wtrecom.com/images/products/3/LN_631972_BP_3.jpg,https://www.waitrose.com/ecom/products/kind-caramel-almond-sea-salt/631972-777151-777152,KIND Caramel Almond & Sea Salt,40g,£1.45,£3.63/100g,"£5 Food to Go Meal Deal: Add 1 Main, 1 Snack and 1 Drink",Food Cupboard
630692,Duchy Organic Curry Powder,G,false,3660,https://ecom-su-static-prod.wtrecom.com/images/products/3/LN_630692_BP_3.jpg,https://www.waitrose.com/ecom/products/duchy-organic-curry-powder/630692-784988-784989,Duchy Organic Curry Powder,38g,£1.95,51.3p/10g,,Food Cupboard
630182,Cooks' Ingredients Honeycomb Niblets,G,false,3661,https://ecom-su-static-prod.wtrecom.com/images/products/3/LN_630182_BP_3.jpg,https://www.waitrose.com/ecom/products/cooks-ingredients-honeycomb-niblets/630182-331189-331190,Cooks' Ingredients Honeycomb Niblets,50g,£1.30,£26/kg,,Food Cupboard
629312,John West Herring Fillets in Tomato Sauce,G,false,3662,https://ecom-su-static-prod.wtrecom.com/images/products/3/LN_629312_BP_3.jpg,https://www.waitrose.com/ecom/products/john-west-herring-fillets-in-tomato-sauce/629312-806814-806815,John West Herring Fillets in Tomato Sauce,145g,£2.19,£1.52/100g,,Food Cupboard
628446,Cooks' Ingredients Truffle Salt,G,false,3663,https://ecom-su-static-prod.wtrecom.com/images/products/3/LN_628446_BP_3.jpg,https://www.waitrose.com/ecom/products/cooks-ingredients-truffle-salt/628446-784982-784983,Cooks' Ingredients Truffle Salt,50g,£4.50,£90/kg,,Food Cupboard
628101,Manomasa Chimichurri Steak,G,false,3664,https://ecom-su-static-prod.wtrecom.com/images/products/3/LN_628101_BP_3.jpg,https://www.waitrose.com/ecom/products/manomasa-chimichurri-steak/628101-823663-823664,Manomasa Chimichurri Steak,140g,£2.30,£1.65/100g,,Food Cupboard
628019,itsu Rice Cakes Milk Chocolate,G,true,3665,https://ecom-su-static-prod.wtrecom.com/images/products/3/LN_628019_BP_3.jpg,https://www.waitrose.com/ecom/products/itsu-rice-cakes-milk-chocolate/628019-756831-756832,itsu Rice Cakes Milk Chocolate,34g,90p,£2.65/100g,"£5 Food to Go Meal Deal: Add 1 Main, 1 Snack and 1 Drink",Food Cupboard
627367,Mazzetti Bianco Speciale White Condiment,G,true,3666,https://ecom-su-static-prod.wtrecom.com/images/products/3/LN_627367_BP_3.jpg,https://www.waitrose.com/ecom/products/mazzetti-bianco-speciale-white-condiment/627367-719618-719619,Mazzetti Bianco Speciale White Condiment,250ml,£3.00,£1.20/100ml,save £1.75. Was £4.75,Food Cupboard
627218,Waitrose Pancake Mix,G,false,3667,https://ecom-su-static-prod.wtrecom.com/images/products/3/LN_627218_BP_3.jpg,https://www.waitrose.com/ecom/products/waitrose-pancake-mix/627218-757709-757710,Waitrose Pancake Mix,300g,£2.40,£8/kg,,Food Cupboard
627004,The Groovy Food Co. Butter Flavour Spray,G,false,3668,https://ecom-su-static-prod.wtrecom.com/images/products/3/LN_627004_BP_3.jpg,https://www.waitrose.com/ecom/products/the-groovy-food-co-butter-flavour-spray/627004-745181-745182,The Groovy Food Co. Butter Flavour Spray,190ml,£2.40,£1.27/100ml,,Food Cupboard
626525,No.1 Perfectly Soft Dried Mango,G,false,3669,https://ecom-su-static-prod.wtrecom.com/images/products/3/LN_626525_BP_3.jpg,https://www.waitrose.com/ecom/products/no1-perfectly-soft-dried-mango/626525-493056-493057,No.1 Perfectly Soft Dried Mango,125g,£4.25,£34/kg,,Food Cupboard
626288,Lily O'Brien's Choc Blend Caramel & Sea Salt,G,true,3670,https://ecom-su-static-prod.wtrecom.com/images/products/3/LN_626288_BP_3.jpg,https://www.waitrose.com/ecom/products/lily-obriens-choc-blend-caramel-sea-salt/626288-804892-804893,Lily O'Brien's Choc Blend Caramel & Sea Salt,100g,£1.65,£1.65/100g,Save 1/3. Was £2.50,Food Cupboard
626007,Fry's Turkish Delight Chocolate Bar Single,G,false,3671,https://ecom-su-static-prod.wtrecom.com/images/products/3/LN_626007_BP_3.jpg,https://www.waitrose.com/ecom/products/frys-turkish-delight-chocolate-bar-single/626007-744583-744584,Fry's Turkish Delight Chocolate Bar Single,51g,90p,£1.77/100g,,Food Cupboard
625748,John West Smoked Mussels in Sunflower Oil,G,false,3672,https://ecom-su-static-prod.wtrecom.com/images/products/3/LN_625748_BP_3.jpg,https://www.waitrose.com/ecom/products/john-west-smoked-mussels-in-sunflower-oil/625748-88793-88794,John West Smoked Mussels in Sunflower Oil,drained 60g,£3.15,£5.25/100g,,Food Cupboard
625371,Whole Earth Drizzler Golden Roasted,G,false,3673,https://ecom-su-static-prod.wtrecom.com/images/products/3/LN_625371_BP_3.jpg,https://www.waitrose.com/ecom/products/whole-earth-drizzler-golden-roasted/625371-778336-778337,Whole Earth Drizzler Golden Roasted,320g,£3.45,£1.08/100g,,Food Cupboard
624788,"Waitrose Yuzu, Soy & Ginger Dressing",G,false,3674,https://ecom-su-static-prod.wtrecom.com/images/products/3/LN_624788_BP_3.jpg,https://www.waitrose.com/ecom/products/waitrose-yuzu-soy-ginger-dressing/624788-826750-826751,"Waitrose Yuzu, Soy & Ginger Dressing",235ml,£2.20,93.6p/100ml,,Food Cupboard
624786,Just Spices BBQ Seasoning,G,false,3675,https://ecom-su-static-prod.wtrecom.com/images/products/3/LN_624786_BP_3.jpg,https://www.waitrose.com/ecom/products/just-spices-bbq-seasoning/624786-824829-824830,Just Spices BBQ Seasoning,70g,£4.00,57.1p/10g,,Food Cupboard
624767,Betty Crocker Zesty Lemon Icing,G,false,3676,https://ecom-su-static-prod.wtrecom.com/images/products/3/LN_624767_BP_3.jpg,https://www.waitrose.com/ecom/products/betty-crocker-zesty-lemon-icing/624767-783176-783177,Betty Crocker Zesty Lemon Icing,400g,£3.15,78.8p/100g,,Food Cupboard
624625,Heinz Vegan Cream of Tomato Soup,G,true,3677,https://ecom-su-static-prod.wtrecom.com/images/products/3/LN_624625_BP_3.jpg,https://www.waitrose.com/ecom/products/heinz-vegan-cream-of-tomato-soup/624625-800304-800305,Heinz Vegan Cream of Tomato Soup,400g,£1.80,45p/100g,Add 3 for £4.50,Food Cupboard
624032,Dole Apple & Plant Based Cream Dessert,G,false,3678,https://ecom-su-static-prod.wtrecom.com/images/products/3/LN_624032_BP_3.jpg,https://www.waitrose.com/ecom/products/dole-apple-plant-based-cream-dessert/624032-810737-810738,Dole Apple & Plant Based Cream Dessert,4x123g,£2.50,50.8p/100g,,Food Cupboard
623875,Butlers The Chocolate Box,G,false,3679,https://ecom-su-static-prod.wtrecom.com/images/products/3/LN_623875_BP_3.jpg,https://www.waitrose.com/ecom/products/butlers-the-chocolate-box/623875-744579-744580,Butlers The Chocolate Box,160g,£6.50,£4.07/100g,,Food Cupboard
623554,Cadbury Wispa Chocolate Bar Single,G,false,3680,https://ecom-su-static-prod.wtrecom.com/images/products/3/LN_623554_BP_3.jpg,https://www.waitrose.com/ecom/products/cadbury-wispa-chocolate-bar-single/623554-88462-88463,Cadbury Wispa Chocolate Bar Single,36g,90p,£2.50/100g,,Food Cupboard
622988,Ainsley Harriott Scottish Chicken & Leek Soup,G,false,3681,https://ecom-su-static-prod.wtrecom.com/images/products/3/LN_622988_BP_3.jpg,https://www.waitrose.com/ecom/products/ainsley-harriott-scottish-chicken-leek-soup/622988-450520-450521,Ainsley Harriott Scottish Chicken & Leek Soup,60g,£1.35,£2.25/100g,,Food Cupboard
622749,S&B Golden Curry Sauce Hot,G,true,3682,https://ecom-su-static-prod.wtrecom.com/images/products/3/LN_622749_BP_3.jpg,https://www.waitrose.com/ecom/products/sb-golden-curry-sauce-hot/622749-408664-408665,S&B Golden Curry Sauce Hot,92g,£2.35,£2.56/100g,save 60p. Was £2.95,Food Cupboard
622129,Lusso Vita Anchovy Fillets with Chilli,G,false,3683,https://ecom-su-static-prod.wtrecom.com/images/products/3/LN_622129_BP_3.jpg,https://www.waitrose.com/ecom/products/lusso-vita-anchovy-fillets-with-chilli/622129-287992-287993,Lusso Vita Anchovy Fillets with Chilli,drained 52g,£2.95,£5.68/100g,,Food Cupboard
621756,TRIBE Protein Muesli Low Sugar Nut Crunch,G,true,3684,https://ecom-su-static-prod.wtrecom.com/images/products/3/LN_621756_BP_3.jpg,https://www.waitrose.com/ecom/products/tribe-protein-muesli-low-sugar-nut-crunch/621756-808066-808067,TRIBE Protein Muesli Low Sugar Nut Crunch,400g,£3.00,75p/100g,save £1.00. Was £4.00,Food Cupboard
621432,Jim Jams Milk Chocolate Spread,G,false,3685,https://ecom-su-static-prod.wtrecom.com/images/products/3/LN_621432_BP_3.jpg,https://www.waitrose.com/ecom/products/jim-jams-milk-chocolate-spread/621432-696939-696940,Jim Jams Milk Chocolate Spread,350g,£2.95,84.3p/100g,,Food Cupboard
621419,Tyrrells Black Garlic & Sour Cream Sharing Crisps,G,false,3686,https://ecom-su-static-prod.wtrecom.com/images/products/3/LN_621419_BP_3.jpg,https://www.waitrose.com/ecom/products/tyrrells-black-garlic-sour-cream-sharing-crisps/621419-810070-810071,Tyrrells Black Garlic & Sour Cream Sharing Crisps,135g,£2.75,£2.04/100g,,Food Cupboard
620926,Minuto Pancake Shaker,G,false,3687,https://ecom-su-static-prod.wtrecom.com/images/products/3/LN_620926_BP_3.jpg,https://www.waitrose.com/ecom/products/minuto-pancake-shaker/620926-816976-816977,Minuto Pancake Shaker,155g,£1.00,£6.46/kg,,Food Cupboard
620304,McVitie's Blissfuls Chocolate & Hazelnut,G,true,3688,https://ecom-su-static-prod.wtrecom.com/images/products/3/LN_620304_BP_3.jpg,https://www.waitrose.com/ecom/products/mcvities-blissfuls-chocolate-hazelnut/620304-777356-777357,McVitie's Blissfuls Chocolate & Hazelnut,172g,£2.00,£1.17/100g,save 75p. Was £2.75,Food Cupboard
619478,Tyrrells Sea Salted Veg Crisps,G,true,3689,https://ecom-su-static-prod.wtrecom.com/images/products/3/LN_619478_BP_3.jpg,https://www.waitrose.com/ecom/products/tyrrells-sea-salted-veg-crisps/619478-758065-758066,Tyrrells Sea Salted Veg Crisps,40g,£1.15,£2.88/100g,"£5 Food to Go Meal Deal: Add 1 Main, 1 Snack and 1 Drink",Food Cupboard
619291,Tilda Basmati & Wild Rice,G,false,3690,https://ecom-su-static-prod.wtrecom.com/images/products/3/LN_619291_BP_3.jpg,https://www.waitrose.com/ecom/products/tilda-basmati-wild-rice/619291-784980-784981,Tilda Basmati & Wild Rice,500g,£3.15,£6.30/kg,,Food Cupboard
618420,Waitrose Reduced Sugar Strawberry Preserve,G,false,3691,https://ecom-su-static-prod.wtrecom.com/images/products/3/LN_618420_BP_3.jpg,https://www.waitrose.com/ecom/products/waitrose-reduced-sugar-strawberry-preserve/618420-759417-759418,Waitrose Reduced Sugar Strawberry Preserve,310g,£2.25,72.6p/100g,,Food Cupboard
617651,Just Spices Egg Topping,G,false,3692,https://ecom-su-static-prod.wtrecom.com/images/products/3/LN_617651_BP_3.jpg,https://www.waitrose.com/ecom/products/just-spices-egg-topping/617651-804890-804891,Just Spices Egg Topping,55g,£4.00,72.7p/10g,,Food Cupboard
617636,Tofu Tasty Craft Tofu Knots,G,false,3693,https://ecom-su-static-prod.wtrecom.com/images/products/3/LN_617636_BP_3.jpg,https://www.waitrose.com/ecom/products/tofu-tasty-craft-tofu-knots/617636-782996-782997,Tofu Tasty Craft Tofu Knots,150g,£3.75,£25/kg,,Food Cupboard
617578,Mr Organic Tomato & Basil Soup,G,false,3694,https://ecom-su-static-prod.wtrecom.com/images/products/3/LN_617578_BP_3.jpg,https://www.waitrose.com/ecom/products/mr-organic-tomato-basil-soup/617578-814975-814976,Mr Organic Tomato & Basil Soup,400g,£1.95,48.8p/100g,,Food Cupboard
616465,Cooks' Ingredients Flaming Fountain,G,false,3695,https://ecom-su-static-prod.wtrecom.com/images/products/3/LN_616465_BP_3.jpg,https://www.waitrose.com/ecom/products/cooks-ingredients-flaming-fountain/616465-331157-331158,Cooks' Ingredients Flaming Fountain,Each,£2.00,£2 each,,Food Cupboard
615064,Betty Crocker Dark Choc Chip Oat Cookie Mix,G,false,3696,https://ecom-su-static-prod.wtrecom.com/images/products/3/LN_615064_BP_3.jpg,https://www.waitrose.com/ecom/products/betty-crocker-dark-choc-chip-oat-cookie-mix/615064-783172-783173,Betty Crocker Dark Choc Chip Oat Cookie Mix,250g,£3.15,£12.60/kg,,Food Cupboard
614470,NOMO Vegan Creamy Chocolate Bar,G,false,3697,https://ecom-su-static-prod.wtrecom.com/images/products/3/LN_614470_BP_3.jpg,https://www.waitrose.com/ecom/products/nomo-vegan-creamy-chocolate-bar/614470-701966-701967,NOMO Vegan Creamy Chocolate Bar,38g,£1.20,£3.16/100g,,Food Cupboard
614316,Dr. Oetker Rainbow Chocolate Chips,G,false,3698,https://ecom-su-static-prod.wtrecom.com/images/products/3/LN_614316_BP_3.jpg,https://www.waitrose.com/ecom/products/dr-oetker-rainbow-chocolate-chips/614316-816974-816975,Dr. Oetker Rainbow Chocolate Chips,90g,£1.95,£2.17/100g,,Food Cupboard
613102,Pure Via 100% Erythritol Sugar Alternative,G,false,3699,https://ecom-su-static-prod.wtrecom.com/images/products/3/LN_613102_BP_3.jpg,https://www.waitrose.com/ecom/products/pure-via-100-erythritol-sugar-alternative/613102-711698-711699,Pure Via 100% Erythritol Sugar Alternative,250g,£3.50,£1.40/100g,,Food Cupboard
612987,Holy Cow! Goan Curry Sauce,G,true,3700,https://ecom-su-static-prod.wtrecom.com/images/products/3/LN_612987_BP_3.jpg,https://www.waitrose.com/ecom/products/holy-cow-goan-curry-sauce/612987-755951-755952,Holy Cow! Goan Curry Sauce,250g,£2.00,80p/100g,Reduced to Clear. Was £2.50,Food Cupboard
612379,Cooks' Ingredients Sumac,G,false,3701,https://ecom-su-static-prod.wtrecom.com/images/products/3/LN_612379_BP_3.jpg,https://www.waitrose.com/ecom/products/cooks-ingredients-sumac/612379-312325-312326,Cooks' Ingredients Sumac,50g,£2.60,52p/10g,,Food Cupboard
612104,Green & Black's Organic Smooth Dark Chocolate Bar,G,false,3702,https://ecom-su-static-prod.wtrecom.com/images/products/3/LN_612104_BP_3.jpg,https://www.waitrose.com/ecom/products/green-blacks-organic-smooth-dark-chocolate-bar/612104-784512-784513,Green & Black's Organic Smooth Dark Chocolate Bar,90g,£2.50,£2.78/100g,,Food Cupboard
611701,Belazu Vegan Ve-Du-Ya Paste,G,false,3703,https://ecom-su-static-prod.wtrecom.com/images/products/3/LN_611701_BP_3.jpg,https://www.waitrose.com/ecom/products/belazu-vegan-ve-du-ya-paste/611701-784978-784979,Belazu Vegan Ve-Du-Ya Paste,170g,£4.45,£2.62/100g,,Food Cupboard
611349,OSU Apple Cider Vinegar Blueberry & Pomegranate,G,false,3704,https://ecom-su-static-prod.wtrecom.com/images/products/3/LN_611349_BP_3.jpg,https://www.waitrose.com/ecom/products/osu-apple-cider-vinegar-blueberry-pomegranate/611349-745167-745168,OSU Apple Cider Vinegar Blueberry & Pomegranate,500ml,£7.90,£1.58/100ml,,Food Cupboard
610803,Jus-Rol Filo Puff Pastry Sheet,G,false,3705,https://ecom-su-static-prod.wtrecom.com/images/products/3/LN_610803_BP_3.jpg,https://www.waitrose.com/ecom/products/jus-rol-filo-puff-pastry-sheet/610803-86649-86650,Jus-Rol Filo Puff Pastry Sheet,270g,£1.95,£7.23/kg,,Food Cupboard
610757,Bart Cumin Seeds,G,false,3706,https://ecom-su-static-prod.wtrecom.com/images/products/3/LN_610757_BP_3.jpg,https://www.waitrose.com/ecom/products/bart-cumin-seeds/610757-810414-810415,Bart Cumin Seeds,40g,£2.25,56.3p/10g,,Food Cupboard
610720,Tony's Chocolonely Dark Almond Sea Salt,G,false,3707,https://ecom-su-static-prod.wtrecom.com/images/products/3/LN_610720_BP_3.jpg,https://www.waitrose.com/ecom/products/tonys-chocolonely-dark-almond-sea-salt/610720-763908-763909,Tony's Chocolonely Dark Almond Sea Salt,47g,£1.40,£2.98/100g,,Food Cupboard
610553,Deliciously Ella Plants Ginger Biscuits,G,true,3708,https://ecom-su-static-prod.wtrecom.com/images/products/3/LN_610553_BP_3.jpg,https://www.waitrose.com/ecom/products/deliciously-ella-plants-ginger-biscuits/610553-812465-812466,Deliciously Ella Plants Ginger Biscuits,120g,£1.76,£1.47/100g,20% Off. Was £2.20,Food Cupboard
610164,BEAR Yo Yos Blackcurrant,G,false,3709,https://ecom-su-static-prod.wtrecom.com/images/products/3/LN_610164_BP_3.jpg,https://www.waitrose.com/ecom/products/bear-yo-yos-blackcurrant/610164-336160-336161,BEAR Yo Yos Blackcurrant,9s,£4.90,54.4p each,,Food Cupboard
610071,Groovy Food Organic Sunflower Oil Spray,G,false,3710,https://ecom-su-static-prod.wtrecom.com/images/products/3/LN_610071_BP_3.jpg,https://www.waitrose.com/ecom/products/groovy-food-organic-sunflower-oil-spray/610071-745161-745162,Groovy Food Organic Sunflower Oil Spray,190ml,£2.40,£1.27/100ml,,Food Cupboard
609979,Lindt Cooking Chocolate Smooth,G,false,3711,https://ecom-su-static-prod.wtrecom.com/images/products/3/LN_609979_BP_3.jpg,https://www.waitrose.com/ecom/products/lindt-cooking-chocolate-smooth/609979-220516-220517,Lindt Cooking Chocolate Smooth,180g,£3.90,£2.17/100g,,Food Cupboard
609956,KIND Dark Chocolate Nuts & Sea Salt,G,true,3712,https://ecom-su-static-prod.wtrecom.com/images/products/3/LN_609956_BP_3.jpg,https://www.waitrose.com/ecom/products/kind-dark-chocolate-nuts-sea-salt/609956-497888-497889,KIND Dark Chocolate Nuts & Sea Salt,40g,£1.45,£3.63/100g,"£5 Food to Go Meal Deal: Add 1 Main, 1 Snack and 1 Drink",Food Cupboard
609632,Capsicana Chilli & Tomato Paste,G,false,3713,https://ecom-su-static-prod.wtrecom.com/images/products/3/LN_609632_BP_3.jpg,https://www.waitrose.com/ecom/products/capsicana-chilli-tomato-paste/609632-726829-726830,Capsicana Chilli & Tomato Paste,60g,£1.75,£2.92/100g,,Food Cupboard
608314,Waitrose Desserts Collection,G,true,3714,https://ecom-su-static-prod.wtrecom.com/images/products/3/LN_608314_BP_3.jpg,https://www.waitrose.com/ecom/products/waitrose-desserts-collection/608314-759090-759091,Waitrose Desserts Collection,98g,£4.40,£4.49/100g,20% Off. Was £5.50,Food Cupboard
608251,Rowse Manuka Honey 250+ MGO,G,false,3715,https://ecom-su-static-prod.wtrecom.com/images/products/3/LN_608251_BP_3.jpg,https://www.waitrose.com/ecom/products/rowse-manuka-honey-250-mgo/608251-725402-725403,Rowse Manuka Honey 250+ MGO,225g,£14.75,£6.56/100g,,Food Cupboard
607082,"Lizis Fudge, Almonds & Hazelnut Granola",G,false,3716,https://ecom-su-static-prod.wtrecom.com/images/products/3/LN_607082_BP_3.jpg,https://www.waitrose.com/ecom/products/lizis-fudge-almonds-hazelnut-granola/607082-808064-808065,"Lizis Fudge, Almonds & Hazelnut Granola",350g,£4.75,£1.36/100g,,Food Cupboard
606605,Discos Variety Multipack Crisps,G,false,3717,https://ecom-su-static-prod.wtrecom.com/images/products/3/LN_606605_BP_3.jpg,https://www.waitrose.com/ecom/products/discos-variety-multipack-crisps/606605-804122-804122,Discos Variety Multipack Crisps,6x25.5g,£1.50,98p/100g,,Food Cupboard
606159,BEAR Strawberry & Banana Smoothie Yo Yos,G,true,3718,https://ecom-su-static-prod.wtrecom.com/images/products/3/LN_606159_BP_3.jpg,https://www.waitrose.com/ecom/products/bear-strawberry-banana-smoothie-yo-yos/606159-807885-807886,BEAR Strawberry & Banana Smoothie Yo Yos,5x20g,£2.00,£2/100g,save 85p. Was £2.85,Food Cupboard
606132,John West Tuna Chunks in Brine,G,false,3719,https://ecom-su-static-prod.wtrecom.com/images/products/3/LN_606132_BP_3.jpg,https://www.waitrose.com/ecom/products/john-west-tuna-chunks-in-brine/606132-148893-148894,John West Tuna Chunks in Brine,drained 3x56g,£2.90,£1.73/100g,,Food Cupboard
606047,Graze Cocoa & Vanilla Flapjack,G,true,3720,https://ecom-su-static-prod.wtrecom.com/images/products/3/LN_606047_BP_3.jpg,https://www.waitrose.com/ecom/products/graze-cocoa-vanilla-flapjack/606047-525680-525681,Graze Cocoa & Vanilla Flapjack,50g,£1.25,£2.50/100g,"£5 Food to Go Meal Deal: Add 1 Main, 1 Snack and 1 Drink",Food Cupboard
605906,Filippo Berio Garlic Flavoured Olive Oil,G,false,3721,https://ecom-su-static-prod.wtrecom.com/images/products/3/LN_605906_BP_3.jpg,https://www.waitrose.com/ecom/products/filippo-berio-garlic-flavoured-olive-oil/605906-745149-745150,Filippo Berio Garlic Flavoured Olive Oil,250ml,£6.75,£2.70/100ml,,Food Cupboard
605138,Menier Swiss Milk Chocolate,G,false,3722,https://ecom-su-static-prod.wtrecom.com/images/products/3/LN_605138_BP_3.jpg,https://www.waitrose.com/ecom/products/menier-swiss-milk-chocolate/605138-85846-85847,Menier Swiss Milk Chocolate,100g,£2.15,£2.15/100g,,Food Cupboard
604604,Ortiz Sardines a la Antigua in Olive Oil,G,false,3723,https://ecom-su-static-prod.wtrecom.com/images/products/3/LN_604604_BP_3.jpg,https://www.waitrose.com/ecom/products/ortiz-sardines-a-la-antigua-in-olive-oil/604604-820616-820617,Ortiz Sardines a la Antigua in Olive Oil,140g,£6.25,£6.25/100g,,Food Cupboard
604350,Fitbakes Cookies & Cream,G,false,3724,https://ecom-su-static-prod.wtrecom.com/images/products/3/LN_604350_BP_3.jpg,https://www.waitrose.com/ecom/products/fitbakes-cookies-cream/604350-808062-808063,Fitbakes Cookies & Cream,3x19g,£3.00,£5.27/100g,,Food Cupboard
603995,Capsicana Mexican Cumin & Chipotle,G,false,3725,https://ecom-su-static-prod.wtrecom.com/images/products/3/LN_603995_BP_3.jpg,https://www.waitrose.com/ecom/products/capsicana-mexican-cumin-chipotle/603995-680180-680181,Capsicana Mexican Cumin & Chipotle,28g,£1.40,£5/100g,,Food Cupboard
603923,Get Buzzing 3 Nut Free Berry Bars,G,true,3726,https://ecom-su-static-prod.wtrecom.com/images/products/3/LN_603923_BP_3.jpg,https://www.waitrose.com/ecom/products/get-buzzing-3-nut-free-berry-bars/603923-399803-399804,Get Buzzing 3 Nut Free Berry Bars,3x62g,£2.00,£1.08/100g,save 50p. Was £2.50,Food Cupboard
603262,Cooks' Ingredients Coconut Flavouring,G,false,3727,https://ecom-su-static-prod.wtrecom.com/images/products/3/LN_603262_BP_3.jpg,https://www.waitrose.com/ecom/products/cooks-ingredients-coconut-flavouring/603262-331131-331132,Cooks' Ingredients Coconut Flavouring,38ml,£1.50,39.5p/10ml,,Food Cupboard
603007,Dr. Oetker Letters & Numbers,G,false,3728,https://ecom-su-static-prod.wtrecom.com/images/products/3/LN_603007_BP_3.jpg,https://www.waitrose.com/ecom/products/dr-oetker-letters-numbers/603007-711696-711697,Dr. Oetker Letters & Numbers,40g,£3.45,£8.63/100g,,Food Cupboard
602910,No.1 Pesto Grissini Rubata,G,false,3729,https://ecom-su-static-prod.wtrecom.com/images/products/3/LN_602910_BP_3.jpg,https://www.waitrose.com/ecom/products/no1-pesto-grissini-rubata/602910-518936-518937,No.1 Pesto Grissini Rubata,140g,£2.35,£1.68/100g,,Food Cupboard
601513,nakd. Fruit & Fibre Strawberry & Raspberry Multipack,G,false,3730,https://ecom-su-static-prod.wtrecom.com/images/products/3/LN_601513_BP_3.jpg,https://www.waitrose.com/ecom/products/nakd-fruit-fibre-strawberry-raspberry-multipack/601513-824131-824132,nakd. Fruit & Fibre Strawberry & Raspberry Multipack,3x44g,£3.15,£2.39/100g,,Food Cupboard
600658,Knorr Gluten Free Mushroom Stock Pot,G,false,3731,https://ecom-su-static-prod.wtrecom.com/images/products/3/LN_600658_BP_3.jpg,https://www.waitrose.com/ecom/products/knorr-gluten-free-mushroom-stock-pot/600658-499346-499347,Knorr Gluten Free Mushroom Stock Pot,4x28g,£2.00,£1.79/100g,,Food Cupboard
600626,Free From Fellows Strawberry Vegan Mallows,G,false,3732,https://ecom-su-static-prod.wtrecom.com/images/products/3/LN_600626_BP_3.jpg,https://www.waitrose.com/ecom/products/free-from-fellows-strawberry-vegan-mallows/600626-777145-777146,Free From Fellows Strawberry Vegan Mallows,105g,£2.00,£1.91/100g,,Food Cupboard
598825,Graze Lively Lemon Fibre Flapjack,G,true,3733,https://ecom-su-static-prod.wtrecom.com/images/products/3/LN_598825_BP_3.jpg,https://www.waitrose.com/ecom/products/graze-lively-lemon-fibre-flapjack/598825-784508-784509,Graze Lively Lemon Fibre Flapjack,50g,£1.25,£2.50/100g,"£5 Food to Go Meal Deal: Add 1 Main, 1 Snack and 1 Drink",Food Cupboard
597726,Properchips Lentil Chips Sriracha,G,true,3734,https://ecom-su-static-prod.wtrecom.com/images/products/3/LN_597726_BP_3.jpg,https://www.waitrose.com/ecom/products/properchips-lentil-chips-sriracha/597726-711024-711025,Properchips Lentil Chips Sriracha,20g,£1.10,£5.50/100g,"£5 Food to Go Meal Deal: Add 1 Main, 1 Snack and 1 Drink",Food Cupboard
597341,Cooks' Ingredients Vegan XO Style Sauce,G,false,3735,https://ecom-su-static-prod.wtrecom.com/images/products/3/LN_597341_BP_3.jpg,https://www.waitrose.com/ecom/products/cooks-ingredients-vegan-xo-style-sauce/597341-784734-784735,Cooks' Ingredients Vegan XO Style Sauce,190g,£3.00,£1.58/100g,,Food Cupboard
597038,Tate & Lyle Tablet Sweetener 300s,G,false,3736,https://ecom-su-static-prod.wtrecom.com/images/products/3/LN_597038_BP_3.jpg,https://www.waitrose.com/ecom/products/tate-lyle-tablet-sweetener-300s/597038-823340-823341,Tate & Lyle Tablet Sweetener 300s,300Each,£2.00,,,Food Cupboard
595791,Cooks' Ingredients Middle-Eastern Style Spice Mix,G,true,3737,https://ecom-su-static-prod.wtrecom.com/images/products/3/LN_595791_BP_3.jpg,https://www.waitrose.com/ecom/products/cooks-ingredients-middle-eastern-style-spice-mix/595791-755937-755938,Cooks' Ingredients Middle-Eastern Style Spice Mix,50g,£1.50,30p/10g,Reduced to Clear. Was £2.50,Food Cupboard
595562,Blue Dragon Reduced Sugar Sweet Chilli Sauce,G,false,3738,https://ecom-su-static-prod.wtrecom.com/images/products/3/LN_595562_BP_3.jpg,https://www.waitrose.com/ecom/products/blue-dragon-reduced-sugar-sweet-chilli-sauce/595562-506212-506213,Blue Dragon Reduced Sugar Sweet Chilli Sauce,295g,£3.10,£1.06/100g,,Food Cupboard
594976,Cooks' Ingredients Peppermint Extract,G,false,3739,https://ecom-su-static-prod.wtrecom.com/images/products/3/LN_594976_BP_3.jpg,https://www.waitrose.com/ecom/products/cooks-ingredients-peppermint-extract/594976-260802-260803,Cooks' Ingredients Peppermint Extract,38ml,£1.50,39.5p/10ml,,Food Cupboard
594123,Happy Birthday 5 Candle,G,false,3740,https://ecom-su-static-prod.wtrecom.com/images/products/3/LN_594123_BP_3.jpg,https://www.waitrose.com/ecom/products/happy-birthday-5-candle/594123-771745-771746,Happy Birthday 5 Candle,each,£2.50,£2.50 each,,Food Cupboard
593745,Cheesies Gouda Crunchy Popped Cheese,G,false,3741,https://ecom-su-static-prod.wtrecom.com/images/products/3/LN_593745_BP_3.jpg,https://www.waitrose.com/ecom/products/cheesies-gouda-crunchy-popped-cheese/593745-804118-804119,Cheesies Gouda Crunchy Popped Cheese,60g,£3.65,£6.09/100g,,Food Cupboard
593283,Butterkist Sweet & Salted Microwave Popcorn,G,true,3742,https://ecom-su-static-prod.wtrecom.com/images/products/3/LN_593283_BP_3.jpg,https://www.waitrose.com/ecom/products/butterkist-sweet-salted-microwave-popcorn/593283-426933-426934,Butterkist Sweet & Salted Microwave Popcorn,3x60g,£1.80,£1/100g,save 85p. Was £2.65,Food Cupboard
593003,Cadbury Caramilk Golden Caramel Chocolate Bar,G,true,3743,https://ecom-su-static-prod.wtrecom.com/images/products/3/LN_593003_BP_3.jpg,https://www.waitrose.com/ecom/products/cadbury-caramilk-golden-caramel-chocolate-bar/593003-756807-756808,Cadbury Caramilk Golden Caramel Chocolate Bar,90g,£1.50,£1.67/100g,save 25p. Was £1.75,Food Cupboard
592114,Amoy Teriyaki & Sesame Stir Fry Sauce,G,true,3744,https://ecom-su-static-prod.wtrecom.com/images/products/3/LN_592114_BP_3.jpg,https://www.waitrose.com/ecom/products/amoy-teriyaki-sesame-stir-fry-sauce/592114-175136-175137,Amoy Teriyaki & Sesame Stir Fry Sauce,120g,85p,70.8p/100g,Reduced to Clear. Was £1.05,Food Cupboard
591191,John Ross Original Dill Sauce,G,false,3745,https://ecom-su-static-prod.wtrecom.com/images/products/3/LN_591191_BP_3.jpg,https://www.waitrose.com/ecom/products/john-ross-original-dill-sauce/591191-743484-743485,John Ross Original Dill Sauce,175g,£3.25,£1.86/100g,,Food Cupboard
590516,Belazu Early Harvest Olive Oil,G,false,3746,https://ecom-su-static-prod.wtrecom.com/images/products/3/LN_590516_BP_3.jpg,https://www.waitrose.com/ecom/products/belazu-early-harvest-olive-oil/590516-203260-203261,Belazu Early Harvest Olive Oil,500ml,£14.75,£2.95/100ml,,Food Cupboard
588527,Freee Gluten Free Baking Powder,G,false,3747,https://ecom-su-static-prod.wtrecom.com/images/products/3/LN_588527_BP_3.jpg,https://www.waitrose.com/ecom/products/freee-gluten-free-baking-powder/588527-600682-600683,Freee Gluten Free Baking Powder,130g,£1.75,£13.47/kg,,Food Cupboard
586919,Waitrose Fiery Curry Paste,G,false,3748,https://ecom-su-static-prod.wtrecom.com/images/products/3/LN_586919_BP_3.jpg,https://www.waitrose.com/ecom/products/waitrose-fiery-curry-paste/586919-824810-824811,Waitrose Fiery Curry Paste,180g,£2.00,£1.12/100g,,Food Cupboard
586669,Cooks' Ingredients Arrow Root Powder,G,false,3749,https://ecom-su-static-prod.wtrecom.com/images/products/3/LN_586669_BP_3.jpg,https://www.waitrose.com/ecom/products/cooks-ingredients-arrow-root-powder/586669-83155-83156,Cooks' Ingredients Arrow Root Powder,80g,£1.15,£14.38/kg,,Food Cupboard
586405,John West No Drain Tuna Steak in Brine,G,false,3750,https://ecom-su-static-prod.wtrecom.com/images/products/3/LN_586405_BP_3.jpg,https://www.waitrose.com/ecom/products/john-west-no-drain-tuna-steak-in-brine/586405-631373-631374,John West No Drain Tuna Steak in Brine,110g,£2.50,£2.28/100g,,Food Cupboard
585879,Waitrose Love Life Quick Cook Minestrone,G,false,3751,https://ecom-su-static-prod.wtrecom.com/images/products/3/LN_585879_BP_3.jpg,https://www.waitrose.com/ecom/products/waitrose-love-life-quick-cook-minestrone/585879-237552-237553,Waitrose Love Life Quick Cook Minestrone,250g,£1.80,£7.20/kg,,Food Cupboard
585859,Cooks' Ingredients Agar-Agar Powder,G,false,3752,https://ecom-su-static-prod.wtrecom.com/images/products/3/LN_585859_BP_3.jpg,https://www.waitrose.com/ecom/products/cooks-ingredients-agar-agar-powder/585859-672547-672548,Cooks' Ingredients Agar-Agar Powder,30g,£4.10,£136.67/kg,,Food Cupboard
584381,KP Flavour Kravers Smokin' Paprika Peanuts,G,false,3753,https://ecom-su-static-prod.wtrecom.com/images/products/3/LN_584381_BP_3.jpg,https://www.waitrose.com/ecom/products/kp-flavour-kravers-smokin-paprika-peanuts/584381-812457-812458,KP Flavour Kravers Smokin' Paprika Peanuts,140g,£3.00,£2.15/100g,,Food Cupboard
583664,Divine 12 Little Bars,G,false,3754,https://ecom-su-static-prod.wtrecom.com/images/products/3/LN_583664_BP_3.jpg,https://www.waitrose.com/ecom/products/divine-12-little-bars/583664-589235-589236,Divine 12 Little Bars,180g,£7.00,£3.89/100g,,Food Cupboard
583448,Dr. Oetker Vege-Gel,G,false,3755,https://ecom-su-static-prod.wtrecom.com/images/products/3/LN_583448_BP_3.jpg,https://www.waitrose.com/ecom/products/dr-oetker-vege-gel/583448-729934-729935,Dr. Oetker Vege-Gel,3x6.5g,£1.40,£7.18/100g,,Food Cupboard
583144,Cooks' Ingredients Allspice Berries,G,false,3756,https://ecom-su-static-prod.wtrecom.com/images/products/3/LN_583144_BP_3.jpg,https://www.waitrose.com/ecom/products/cooks-ingredients-allspice-berries/583144-784944-784945,Cooks' Ingredients Allspice Berries,30g,£1.60,53.3p/10g,,Food Cupboard
583123,Frank's RedHot Original Peppersauce,G,true,3757,https://ecom-su-static-prod.wtrecom.com/images/products/3/LN_583123_BP_3.jpg,https://www.waitrose.com/ecom/products/franks-redhot-original-peppersauce/583123-82661-82662,Frank's RedHot Original Peppersauce,148ml,£1.75,£1.19/100ml,25% Off. Was £2.35,Food Cupboard
581704,John West Sardines in Sunflower Oil,G,false,3758,https://ecom-su-static-prod.wtrecom.com/images/products/3/LN_581704_BP_3.jpg,https://www.waitrose.com/ecom/products/john-west-sardines-in-sunflower-oil/581704-82461-82462,John West Sardines in Sunflower Oil,drained 90g,£1.25,£1.39/100g,,Food Cupboard
581690,Nielsen-Massey Gourmet Vanilla Pods,G,true,3759,https://ecom-su-static-prod.wtrecom.com/images/products/3/LN_581690_BP_3.jpg,https://www.waitrose.com/ecom/products/nielsen-massey-gourmet-vanilla-pods/581690-648098-648099,Nielsen-Massey Gourmet Vanilla Pods,2s,£6.00,£3 each,Save 1/3. Was £9.00,Food Cupboard
580667,Stokes Original BBQ Sauce,G,false,3760,https://ecom-su-static-prod.wtrecom.com/images/products/3/LN_580667_BP_3.jpg,https://www.waitrose.com/ecom/products/stokes-original-bbq-sauce/580667-782789-782790,Stokes Original BBQ Sauce,315g,£3.50,£1.12/100g,,Food Cupboard
580176,Buttermilk Caramel Nougat,G,false,3761,https://ecom-su-static-prod.wtrecom.com/images/products/3/LN_580176_BP_3.jpg,https://www.waitrose.com/ecom/products/buttermilk-caramel-nougat/580176-784502-784503,Buttermilk Caramel Nougat,50g,£1.75,£3.50/100g,,Food Cupboard
579980,Paw Patrol Cupcake Kit,G,false,3762,https://ecom-su-static-prod.wtrecom.com/images/products/3/LN_579980_BP_3.jpg,https://www.waitrose.com/ecom/products/paw-patrol-cupcake-kit/579980-674498-674499,Paw Patrol Cupcake Kit,183g,£2.40,£1.32/100g,,Food Cupboard
579650,Jim Jams Vegan Hazelnut Chocolate Spread,G,false,3763,https://ecom-su-static-prod.wtrecom.com/images/products/3/LN_579650_BP_3.jpg,https://www.waitrose.com/ecom/products/jim-jams-vegan-hazelnut-chocolate-spread/579650-728266-728267,Jim Jams Vegan Hazelnut Chocolate Spread,330g,£3.00,90.9p/100g,,Food Cupboard
579649,Cooks' Ingredients Rendang Paste,G,false,3764,https://ecom-su-static-prod.wtrecom.com/images/products/3/LN_579649_BP_3.jpg,https://www.waitrose.com/ecom/products/cooks-ingredients-rendang-paste/579649-766931-766932,Cooks' Ingredients Rendang Paste,190g,£2.50,£1.32/100g,,Food Cupboard
579127,Belazu White Condimento of Modena,G,false,3765,https://ecom-su-static-prod.wtrecom.com/images/products/3/LN_579127_BP_3.jpg,https://www.waitrose.com/ecom/products/belazu-white-condimento-of-modena/579127-805765-805766,Belazu White Condimento of Modena,250ml,£8.75,£3.50/100ml,,Food Cupboard
578858,No.1 Perfectly Soft Orchard Fruit,G,false,3766,https://ecom-su-static-prod.wtrecom.com/images/products/3/LN_578858_BP_3.jpg,https://www.waitrose.com/ecom/products/no1-perfectly-soft-orchard-fruit/578858-706395-706396,No.1 Perfectly Soft Orchard Fruit,200g,£4.25,£2.13/100g,,Food Cupboard
578596,Kind Protein Double Dark Chocolate Nut,G,true,3767,https://ecom-su-static-prod.wtrecom.com/images/products/3/LN_578596_BP_3.jpg,https://www.waitrose.com/ecom/products/kind-protein-double-dark-chocolate-nut/578596-713566-713567,Kind Protein Double Dark Chocolate Nut,50g,£2.30,£4.60/100g,"£5 Food to Go Meal Deal: Add 1 Main, 1 Snack and 1 Drink",Food Cupboard
578389,Quaker Oat So Simple Caramelised Biscuit Sachet 10s,G,true,3768,https://ecom-su-static-prod.wtrecom.com/images/products/3/LN_578389_BP_3.jpg,https://www.waitrose.com/ecom/products/quaker-oat-so-simple-caramelised-biscuit-sachet-10s/578389-808056-808057,Quaker Oat So Simple Caramelised Biscuit Sachet 10s,10x33.4g,£3.50,£1.05/100g,Add 2 for £4.50,Food Cupboard
578061,Cooks' Ingredients Green Peppercorns,G,false,3769,https://ecom-su-static-prod.wtrecom.com/images/products/3/LN_578061_BP_3.jpg,https://www.waitrose.com/ecom/products/cooks-ingredients-green-peppercorns/578061-784938-784939,Cooks' Ingredients Green Peppercorns,30g,£1.60,53.3p/10g,,Food Cupboard
577589,Popchips Sea Salt Crisps,G,true,3770,https://ecom-su-static-prod.wtrecom.com/images/products/3/LN_577589_BP_3.jpg,https://www.waitrose.com/ecom/products/popchips-sea-salt-crisps/577589-168586-168587,Popchips Sea Salt Crisps,23g,£1.10,£4.79/100g,"£5 Food to Go Meal Deal: Add 1 Main, 1 Snack and 1 Drink",Food Cupboard
577285,Belazu Sour Cherry Molasses,G,false,3771,https://ecom-su-static-prod.wtrecom.com/images/products/3/LN_577285_BP_3.jpg,https://www.waitrose.com/ecom/products/belazu-sour-cherry-molasses/577285-807601-807602,Belazu Sour Cherry Molasses,250ml,£6.50,£2.60/100ml,,Food Cupboard
576784,Cooks' Ingredients Pad Thai Paste,G,false,3772,https://ecom-su-static-prod.wtrecom.com/images/products/3/LN_576784_BP_3.jpg,https://www.waitrose.com/ecom/products/cooks-ingredients-pad-thai-paste/576784-784730-784731,Cooks' Ingredients Pad Thai Paste,200g,£2.50,£1.25/100g,,Food Cupboard
576318,Popchips Hot & Spicy Sharing Crisps,G,true,3773,https://ecom-su-static-prod.wtrecom.com/images/products/3/LN_576318_BP_3.jpg,https://www.waitrose.com/ecom/products/popchips-hot-spicy-sharing-crisps/576318-804112-804113,Popchips Hot & Spicy Sharing Crisps,85g,£1.50,£1.77/100g,save 75p. Was £2.25,Food Cupboard
574195,Just Spices Salmon Seasoning,G,false,3774,https://ecom-su-static-prod.wtrecom.com/images/products/3/LN_574195_BP_3.jpg,https://www.waitrose.com/ecom/products/just-spices-salmon-seasoning/574195-804874-804875,Just Spices Salmon Seasoning,50g,£4.00,80p/10g,,Food Cupboard
573349,No.1 Blood Orange Marmalade,G,false,3775,https://ecom-su-static-prod.wtrecom.com/images/products/3/LN_573349_BP_3.jpg,https://www.waitrose.com/ecom/products/no1-blood-orange-marmalade/573349-759676-759677,No.1 Blood Orange Marmalade,320g,£3.25,£1.02/100g,,Food Cupboard
572618,Lily O'Brien's The Exquisite Edition,G,true,3776,https://ecom-su-static-prod.wtrecom.com/images/products/3/LN_572618_BP_3.jpg,https://www.waitrose.com/ecom/products/lily-obriens-the-exquisite-edition/572618-589231-589232,Lily O'Brien's The Exquisite Edition,138g,£6.40,£4.64/100g,20% Off. Was £8.00,Food Cupboard
571573,Tony's Chocolonely Rainbow Tasting Pack,G,false,3777,https://ecom-su-static-prod.wtrecom.com/images/products/3/LN_571573_BP_3.jpg,https://www.waitrose.com/ecom/products/tonys-chocolonely-rainbow-tasting-pack/571573-766916-766916,Tony's Chocolonely Rainbow Tasting Pack,288g,£9.00,£3.13/100g,,Food Cupboard
571418,Taste #5 Original Tomato Umami Paste,G,false,3778,https://ecom-su-static-prod.wtrecom.com/images/products/3/LN_571418_BP_3.jpg,https://www.waitrose.com/ecom/products/taste-5-original-tomato-umami-paste/571418-80928-80929,Taste #5 Original Tomato Umami Paste,70g,£2.50,£35.72/kg,,Food Cupboard
571032,Popchips Sour Cream & Onion Crisps,G,true,3779,https://ecom-su-static-prod.wtrecom.com/images/products/3/LN_571032_BP_3.jpg,https://www.waitrose.com/ecom/products/popchips-sour-cream-onion-crisps/571032-586554-586555,Popchips Sour Cream & Onion Crisps,23g,£1.10,£4.79/100g,"£5 Food to Go Meal Deal: Add 1 Main, 1 Snack and 1 Drink",Food Cupboard
570115,Cake Décor Gold Glitter Spray,G,false,3780,https://ecom-su-static-prod.wtrecom.com/images/products/3/LN_570115_BP_3.jpg,https://www.waitrose.com/ecom/products/cake-decor-gold-glitter-spray/570115-801136-801137,Cake Décor Gold Glitter Spray,4g,£3.70,£9.25/10g,,Food Cupboard
569612,Sauce Shop Original BBQ Sauce,G,false,3781,https://ecom-su-static-prod.wtrecom.com/images/products/3/LN_569612_BP_3.jpg,https://www.waitrose.com/ecom/products/sauce-shop-original-bbq-sauce/569612-810400-810401,Sauce Shop Original BBQ Sauce,350g,£2.95,84.3p/100g,,Food Cupboard
569468,Tony's Chocolonely Dark Creamy Hazelnut Crunch,G,false,3782,https://ecom-su-static-prod.wtrecom.com/images/products/3/LN_569468_BP_3.jpg,https://www.waitrose.com/ecom/products/tonys-chocolonely-dark-creamy-hazelnut-crunch/569468-810060-810061,Tony's Chocolonely Dark Creamy Hazelnut Crunch,180g,£3.50,£1.95/100g,,Food Cupboard
568569,Ombar Vegan Coco Almond Bar,G,false,3783,https://ecom-su-static-prod.wtrecom.com/images/products/3/LN_568569_BP_3.jpg,https://www.waitrose.com/ecom/products/ombar-vegan-coco-almond-bar/568569-600650-600651,Ombar Vegan Coco Almond Bar,70g,£3.10,£4.43/100g,,Food Cupboard
568160,Cooks' Ingredients Yuzu Juice,G,false,3784,https://ecom-su-static-prod.wtrecom.com/images/products/3/LN_568160_BP_3.jpg,https://www.waitrose.com/ecom/products/cooks-ingredients-yuzu-juice/568160-312305-312306,Cooks' Ingredients Yuzu Juice,60ml,£4.75,£7.92/100ml,,Food Cupboard
567442,Gran Luchito Chipotle Tortilla Chips,G,false,3785,https://ecom-su-static-prod.wtrecom.com/images/products/3/LN_567442_BP_3.jpg,https://www.waitrose.com/ecom/products/gran-luchito-chipotle-tortilla-chips/567442-778294-778295,Gran Luchito Chipotle Tortilla Chips,150g,£2.80,£1.87/100g,,Food Cupboard
567357,Heinz Cheesy Beanz,G,true,3786,https://ecom-su-static-prod.wtrecom.com/images/products/3/LN_567357_BP_3.jpg,https://www.waitrose.com/ecom/products/heinz-cheesy-beanz/567357-824492-824493,Heinz Cheesy Beanz,390g,£1.50,£3.85/kg,save 30p. Was £1.80,Food Cupboard
566579,Quaker Porridge To Go Strawberry Squares,G,false,3787,https://ecom-su-static-prod.wtrecom.com/images/products/3/LN_566579_BP_3.jpg,https://www.waitrose.com/ecom/products/quaker-porridge-to-go-strawberry-squares/566579-808054-808055,Quaker Porridge To Go Strawberry Squares,2x55g,£1.85,£1.69/100g,,Food Cupboard
566410,Old El Paso Cool Soured Cream,G,false,3788,https://ecom-su-static-prod.wtrecom.com/images/products/3/LN_566410_BP_3.jpg,https://www.waitrose.com/ecom/products/old-el-paso-cool-soured-cream/566410-766902-766903,Old El Paso Cool Soured Cream,230g,£2.75,£1.20/100g,,Food Cupboard
565464,Cooks' Ingredients Sicilian Lemon Icing,G,false,3789,https://ecom-su-static-prod.wtrecom.com/images/products/3/LN_565464_BP_3.jpg,https://www.waitrose.com/ecom/products/cooks-ingredients-sicilian-lemon-icing/565464-810709-810710,Cooks' Ingredients Sicilian Lemon Icing,400g,£2.75,£6.88/kg,,Food Cupboard
565004,Aspall Sauvignon Blanc White Wine Vinegar,G,false,3790,https://ecom-su-static-prod.wtrecom.com/images/products/3/LN_565004_BP_3.jpg,https://www.waitrose.com/ecom/products/aspall-sauvignon-blanc-white-wine-vinegar/565004-130756-130757,Aspall Sauvignon Blanc White Wine Vinegar,350ml,£2.60,74.3p/100ml,,Food Cupboard
564396,Bart Mixed Herbs,G,false,3791,https://ecom-su-static-prod.wtrecom.com/images/products/3/LN_564396_BP_3.jpg,https://www.waitrose.com/ecom/products/bart-mixed-herbs/564396-810398-810399,Bart Mixed Herbs,10.5g,£2.25,£2.15/10g,,Food Cupboard
564002,Perkier Madagascan Vanilla & Dark Chocolate,G,false,3792,https://ecom-su-static-prod.wtrecom.com/images/products/3/LN_564002_BP_3.jpg,https://www.waitrose.com/ecom/products/perkier-madagascan-vanilla-dark-chocolate/564002-824119-824120,Perkier Madagascan Vanilla & Dark Chocolate,3x37g,£3.00,£2.71/100g,,Food Cupboard
563763,Waitrose Squeezy Piri Piri Mayonnaise,G,false,3793,https://ecom-su-static-prod.wtrecom.com/images/products/3/LN_563763_BP_3.jpg,https://www.waitrose.com/ecom/products/waitrose-squeezy-piri-piri-mayonnaise/563763-826748-826749,Waitrose Squeezy Piri Piri Mayonnaise,280ml,£1.50,53.6p/100ml,,Food Cupboard
563632,HP Classic BBQ Sauce,G,false,3794,https://ecom-su-static-prod.wtrecom.com/images/products/3/LN_563632_BP_3.jpg,https://www.waitrose.com/ecom/products/hp-classic-bbq-sauce/563632-132722-132723,HP Classic BBQ Sauce,465g,£3.40,73.1p/100g,,Food Cupboard
563285,Wagamama Katsu Curry Meal Kit,G,true,3795,https://ecom-su-static-prod.wtrecom.com/images/products/3/LN_563285_BP_3.jpg,https://www.waitrose.com/ecom/products/wagamama-katsu-curry-meal-kit/563285-758510-758511,Wagamama Katsu Curry Meal Kit,190g,£2.95,£1.56/100g,Reduced to Clear. Was £3.70,Food Cupboard
563169,Freee Organic Gluten Free Chocolate Stars 300g,G,false,3796,https://ecom-su-static-prod.wtrecom.com/images/products/3/LN_563169_BP_3.jpg,https://www.waitrose.com/ecom/products/freee-organic-gluten-free-chocolate-stars-300g/563169-722075-722076,Freee Organic Gluten Free Chocolate Stars 300g,300g,£3.00,£1/100g,,Food Cupboard
563078,Aspall Apple Cyder Vinegar with Honey,G,false,3797,https://ecom-su-static-prod.wtrecom.com/images/products/3/LN_563078_BP_3.jpg,https://www.waitrose.com/ecom/products/aspall-apple-cyder-vinegar-with-honey/563078-680123-680124,Aspall Apple Cyder Vinegar with Honey,500ml,£4.00,80p/100ml,,Food Cupboard
562485,Belazu Wild Mushroom Pesto,G,false,3798,https://ecom-su-static-prod.wtrecom.com/images/products/3/LN_562485_BP_3.jpg,https://www.waitrose.com/ecom/products/belazu-wild-mushroom-pesto/562485-784926-784927,Belazu Wild Mushroom Pesto,170g,£3.40,£2/100g,,Food Cupboard
562173,Dr. Oetker Glycerine,G,false,3799,https://ecom-su-static-prod.wtrecom.com/images/products/3/LN_562173_BP_3.jpg,https://www.waitrose.com/ecom/products/dr-oetker-glycerine/562173-795090-795091,Dr. Oetker Glycerine,38ml,£1.10,£2.90/100ml,,Food Cupboard
561764,Cooks' Ingredients Milk Choc Vermicelli,G,false,3800,https://ecom-su-static-prod.wtrecom.com/images/products/3/LN_561764_BP_3.jpg,https://www.waitrose.com/ecom/products/cooks-ingredients-milk-choc-vermicelli/561764-752633-752634,Cooks' Ingredients Milk Choc Vermicelli,70g,£1.30,£18.58/kg,,Food Cupboard
561763,Dole Mixed Fruit Strawberry Jelly,G,false,3801,https://ecom-su-static-prod.wtrecom.com/images/products/3/LN_561763_BP_3.jpg,https://www.waitrose.com/ecom/products/dole-mixed-fruit-strawberry-jelly/561763-810705-810706,Dole Mixed Fruit Strawberry Jelly,4x93g,£2.00,53.8p/100g,,Food Cupboard
561025,Cooks' Ingredients Fish Seasoning,G,false,3802,https://ecom-su-static-prod.wtrecom.com/images/products/3/LN_561025_BP_3.jpg,https://www.waitrose.com/ecom/products/cooks-ingredients-fish-seasoning/561025-784924-784925,Cooks' Ingredients Fish Seasoning,42g,£1.70,40.5p/10g,,Food Cupboard
560615,Capsicana Mexican Guacamole Mix,G,true,3803,https://ecom-su-static-prod.wtrecom.com/images/products/3/LN_560615_BP_3.jpg,https://www.waitrose.com/ecom/products/capsicana-mexican-guacamole-mix/560615-813666-813667,Capsicana Mexican Guacamole Mix,25g,60p,£2.40/100g,25% Off. Was 80p,Food Cupboard
560157,Duchy Organic Choc with Vanilla Shortbread,G,false,3804,https://ecom-su-static-prod.wtrecom.com/images/products/3/LN_560157_BP_3.jpg,https://www.waitrose.com/ecom/products/duchy-organic-choc-with-vanilla-shortbread/560157-79319-79320,Duchy Organic Choc with Vanilla Shortbread,150g,£2.25,£1.50/100g,,Food Cupboard
559975,Love Raw Cre&m Wafer Bar Salted Caramel,G,true,3805,https://ecom-su-static-prod.wtrecom.com/images/products/3/LN_559975_BP_3.jpg,https://www.waitrose.com/ecom/products/love-raw-crem-wafer-bar-salted-caramel/559975-777139-777140,Love Raw Cre&m Wafer Bar Salted Caramel,45g,£1.70,£3.78/100g,"£5 Food to Go Meal Deal: Add 1 Main, 1 Snack and 1 Drink",Food Cupboard
559281,Bart Chinese 5 Spice,G,false,3806,https://ecom-su-static-prod.wtrecom.com/images/products/3/LN_559281_BP_3.jpg,https://www.waitrose.com/ecom/products/bart-chinese-5-spice/559281-810392-810393,Bart Chinese 5 Spice,35g,£2.25,64.3p/10g,,Food Cupboard
559227,John West Tuna Steak in Sunflower Oil,G,false,3807,https://ecom-su-static-prod.wtrecom.com/images/products/3/LN_559227_BP_3.jpg,https://www.waitrose.com/ecom/products/john-west-tuna-steak-in-sunflower-oil/559227-631337-631338,John West Tuna Steak in Sunflower Oil,110g,£2.50,£2.28/100g,,Food Cupboard
558119,Keogh's Sea Salt & Cider Vinegar,G,false,3808,https://ecom-su-static-prod.wtrecom.com/images/products/3/LN_558119_BP_3.jpg,https://www.waitrose.com/ecom/products/keoghs-sea-salt-cider-vinegar/558119-741144-741145,Keogh's Sea Salt & Cider Vinegar,125g,£2.00,£1.60/100g,,Food Cupboard
557574,Oxo Vegetable Stock Cube 24s,G,false,3809,https://ecom-su-static-prod.wtrecom.com/images/products/3/LN_557574_BP_3.jpg,https://www.waitrose.com/ecom/products/oxo-vegetable-stock-cube-24s/557574-812890-812891,Oxo Vegetable Stock Cube 24s,142g,£4.00,£2.82/100g,,Food Cupboard
557086,MFD English Heritage Truffle Crisps,G,false,3810,https://ecom-su-static-prod.wtrecom.com/images/products/3/LN_557086_BP_3.jpg,https://www.waitrose.com/ecom/products/mfd-english-heritage-truffle-crisps/557086-791717-791718,MFD English Heritage Truffle Crisps,40g,£1.20,£3/100g,,Food Cupboard
555035,Ritter Sport Orange,G,false,3811,https://ecom-su-static-prod.wtrecom.com/images/products/3/LN_555035_BP_3.jpg,https://www.waitrose.com/ecom/products/ritter-sport-orange/555035-825828-825829,Ritter Sport Orange,100g,£1.30,£1.30/100g,,Food Cupboard
554731,Belazu Sour Cherry Harissa,G,false,3812,https://ecom-su-static-prod.wtrecom.com/images/products/3/LN_554731_BP_3.jpg,https://www.waitrose.com/ecom/products/belazu-sour-cherry-harissa/554731-820070-820071,Belazu Sour Cherry Harissa,170g,£4.50,£2.65/100g,,Food Cupboard
554417,Gaea Planet Organic Extra Virgin Olive Oil,G,true,3813,https://ecom-su-static-prod.wtrecom.com/images/products/3/LN_554417_BP_3.jpg,https://www.waitrose.com/ecom/products/gaea-planet-organic-extra-virgin-olive-oil/554417-745063-745064,Gaea Planet Organic Extra Virgin Olive Oil,500ml,£14.80,£2.96/100ml,20% Off. Was £18.50,Food Cupboard
552995,Nando's Perinaise Mild,G,false,3814,https://ecom-su-static-prod.wtrecom.com/images/products/3/LN_552995_BP_3.jpg,https://www.waitrose.com/ecom/products/nandos-perinaise-mild/552995-727237-727238,Nando's Perinaise Mild,465g,£3.70,79.6p/100g,,Food Cupboard
552802,Cooks' Ingredients Red Gel Colouring,G,false,3815,https://ecom-su-static-prod.wtrecom.com/images/products/3/LN_552802_BP_3.jpg,https://www.waitrose.com/ecom/products/cooks-ingredients-red-gel-colouring/552802-711654-711655,Cooks' Ingredients Red Gel Colouring,19g,£1.40,£73.69/kg,,Food Cupboard
552437,Graze Peri Peri Crunch,G,false,3816,https://ecom-su-static-prod.wtrecom.com/images/products/3/LN_552437_BP_3.jpg,https://www.waitrose.com/ecom/products/graze-peri-peri-crunch/552437-804104-804105,Graze Peri Peri Crunch,100g,£2.65,£2.65/100g,,Food Cupboard
552417,Waitrose '7' Number Candle,G,false,3817,https://ecom-su-static-prod.wtrecom.com/images/products/3/LN_552417_BP_3.jpg,https://www.waitrose.com/ecom/products/waitrose-7-number-candle/552417-260780-260781,Waitrose '7' Number Candle,Each,£1.20,£1.20 each,,Food Cupboard
552157,FUEL 10K Chocolate Porridge Pot,G,true,3818,https://ecom-su-static-prod.wtrecom.com/images/products/3/LN_552157_BP_3.jpg,https://www.waitrose.com/ecom/products/fuel-10k-chocolate-porridge-pot/552157-803320-803321,FUEL 10K Chocolate Porridge Pot,70g,£1.00,£1.43/100g,save 35p. Was £1.35,Food Cupboard
551682,Waitrose 4 Piping Nozzles,G,false,3819,https://ecom-su-static-prod.wtrecom.com/images/products/3/LN_551682_BP_3.jpg,https://www.waitrose.com/ecom/products/waitrose-4-piping-nozzles/551682-790648-790649,Waitrose 4 Piping Nozzles,4s,£2.00,50p each,,Food Cupboard
551421,Rowse Runny Honey Jar,G,false,3820,https://ecom-su-static-prod.wtrecom.com/images/products/3/LN_551421_BP_3.jpg,https://www.waitrose.com/ecom/products/rowse-runny-honey-jar/551421-151120-151121,Rowse Runny Honey Jar,340g,£3.15,92.6p/100g,,Food Cupboard
551092,Waitrose Squeezy Burger Mayonnaise,G,false,3821,https://ecom-su-static-prod.wtrecom.com/images/products/3/LN_551092_BP_3.jpg,https://www.waitrose.com/ecom/products/waitrose-squeezy-burger-mayonnaise/551092-826746-826747,Waitrose Squeezy Burger Mayonnaise,280ml,£1.50,53.6p/100ml,,Food Cupboard
550845,Cooks' Ingredients Pickling Spice,G,false,3822,https://ecom-su-static-prod.wtrecom.com/images/products/3/LN_550845_BP_3.jpg,https://www.waitrose.com/ecom/products/cooks-ingredients-pickling-spice/550845-784920-784921,Cooks' Ingredients Pickling Spice,32g,£1.70,53.1p/10g,,Food Cupboard
550826,Mallow & Marsh Raspberry Marshmallows,G,false,3823,https://ecom-su-static-prod.wtrecom.com/images/products/3/LN_550826_BP_3.jpg,https://www.waitrose.com/ecom/products/mallow-marsh-raspberry-marshmallows/550826-589195-589196,Mallow & Marsh Raspberry Marshmallows,100g,£2.80,£2.80/100g,,Food Cupboard
549646,The Spice Tailor Pepper Curry,G,true,3824,https://ecom-su-static-prod.wtrecom.com/images/products/3/LN_549646_BP_3.jpg,https://www.waitrose.com/ecom/products/the-spice-tailor-pepper-curry/549646-304812-304813,The Spice Tailor Pepper Curry,300g,£3.75,£1.25/100g,Add 2 for £5,Food Cupboard
549427,Rowse Supahoney,G,false,3825,https://ecom-su-static-prod.wtrecom.com/images/products/3/LN_549427_BP_3.jpg,https://www.waitrose.com/ecom/products/rowse-supahoney/549427-168556-168557,Rowse Supahoney,250g,£4.00,£1.60/100g,,Food Cupboard
548982,Shalimar Bombay Mix,G,false,3826,https://ecom-su-static-prod.wtrecom.com/images/products/3/LN_548982_BP_3.jpg,https://www.waitrose.com/ecom/products/shalimar-bombay-mix/548982-600640-600641,Shalimar Bombay Mix,200g,£1.20,60p/100g,,Food Cupboard
548365,Walkers Max Pizza Hut Texan BBQ,G,false,3827,https://ecom-su-static-prod.wtrecom.com/images/products/3/LN_548365_BP_3.jpg,https://www.waitrose.com/ecom/products/walkers-max-pizza-hut-texan-bbq/548365-809398-809399,Walkers Max Pizza Hut Texan BBQ,140g,£2.25,£1.61/100g,,Food Cupboard
548202,Quaker Oat So Simple Original Porridge,G,false,3828,https://ecom-su-static-prod.wtrecom.com/images/products/3/LN_548202_BP_3.jpg,https://www.waitrose.com/ecom/products/quaker-oat-so-simple-original-porridge/548202-806376-806377,Quaker Oat So Simple Original Porridge,6x27g,£2.10,£1.30/100g,,Food Cupboard
547620,Patak's Medium Curry Spice Paste,G,false,3829,https://ecom-su-static-prod.wtrecom.com/images/products/3/LN_547620_BP_3.jpg,https://www.waitrose.com/ecom/products/pataks-medium-curry-spice-paste/547620-807595-807596,Patak's Medium Curry Spice Paste,135g,£2.45,£1.82/100g,,Food Cupboard
547057,Frank's RedHot Original Sauce,G,false,3830,https://ecom-su-static-prod.wtrecom.com/images/products/3/LN_547057_BP_3.jpg,https://www.waitrose.com/ecom/products/franks-redhot-original-sauce/547057-723780-723781,Frank's RedHot Original Sauce,354ml,£4.00,£1.13/100ml,,Food Cupboard
546425,Belazu Organic Balsamic Vinegar,G,false,3831,https://ecom-su-static-prod.wtrecom.com/images/products/3/LN_546425_BP_3.jpg,https://www.waitrose.com/ecom/products/belazu-organic-balsamic-vinegar/546425-690188-690189,Belazu Organic Balsamic Vinegar,250ml,£18.25,£7.30/100ml,,Food Cupboard
545908,Nuud Plastic Free Peppermint Gum 9s,G,false,3832,https://ecom-su-static-prod.wtrecom.com/images/products/3/LN_545908_BP_3.jpg,https://www.waitrose.com/ecom/products/nuud-plastic-free-peppermint-gum-9s/545908-756583-756584,Nuud Plastic Free Peppermint Gum 9s,18g,£1.50,£8.34/100g,,Food Cupboard
545560,No.1 Large Greek Kalamata Olives,G,true,3833,https://ecom-su-static-prod.wtrecom.com/images/products/3/LN_545560_BP_3.jpg,https://www.waitrose.com/ecom/products/no1-large-greek-kalamata-olives/545560-827469-827470,No.1 Large Greek Kalamata Olives,200g,£2.95,£24.59/kg,Introductory Offer.Will be £3.70,Food Cupboard
545549,NOMO Vegan Caramel & Sea Salt Chocolate Bar,G,false,3834,https://ecom-su-static-prod.wtrecom.com/images/products/3/LN_545549_BP_3.jpg,https://www.waitrose.com/ecom/products/nomo-vegan-caramel-sea-salt-chocolate-bar/545549-701936-701937,NOMO Vegan Caramel & Sea Salt Chocolate Bar,38g,£1.20,£3.16/100g,,Food Cupboard
545530,Fulfil chocolate brownie bar,G,true,3835,https://ecom-su-static-prod.wtrecom.com/images/products/3/LN_545530_BP_3.jpg,https://www.waitrose.com/ecom/products/fulfil-chocolate-brownie-bar/545530-807879-807880,Fulfil chocolate brownie bar,40g,£2.45,£6.13/100g,"£5 Food to Go Meal Deal: Add 1 Main, 1 Snack and 1 Drink",Food Cupboard
545061,Rowse Oxfordshire Runny Honey,G,true,3836,https://ecom-su-static-prod.wtrecom.com/images/products/3/LN_545061_BP_3.jpg,https://www.waitrose.com/ecom/products/rowse-oxfordshire-runny-honey/545061-801134-801135,Rowse Oxfordshire Runny Honey,225g,£3.60,£1.60/100g,20% Off. Was £4.50,Food Cupboard
543364,Kikkoman Sushi Sauce,G,false,3837,https://ecom-su-static-prod.wtrecom.com/images/products/3/LN_543364_BP_3.jpg,https://www.waitrose.com/ecom/products/kikkoman-sushi-sauce/543364-807593-807594,Kikkoman Sushi Sauce,345g,£3.50,£1.02/100g,,Food Cupboard
543039,No1. Quince & Pear Fruit for Cheese,G,false,3838,https://ecom-su-static-prod.wtrecom.com/images/products/3/LN_543039_BP_3.jpg,https://www.waitrose.com/ecom/products/no1-quince-pear-fruit-for-cheese/543039-697870-697871,No1. Quince & Pear Fruit for Cheese,120g,£3.00,£2.50/100g,,Food Cupboard
541670,Heinz Sweet Chilli Sauce,G,false,3839,https://ecom-su-static-prod.wtrecom.com/images/products/3/LN_541670_BP_3.jpg,https://www.waitrose.com/ecom/products/heinz-sweet-chilli-sauce/541670-804446-804447,Heinz Sweet Chilli Sauce,400ml,£3.20,80p/100ml,,Food Cupboard
541418,Waitrose Squeezy Mustard Mayonnaise,G,false,3840,https://ecom-su-static-prod.wtrecom.com/images/products/3/LN_541418_BP_3.jpg,https://www.waitrose.com/ecom/products/waitrose-squeezy-mustard-mayonnaise/541418-826742-826743,Waitrose Squeezy Mustard Mayonnaise,280ml,£1.50,53.6p/100ml,,Food Cupboard
541366,Freee Organic Gluten Free Brown Rice Tortiglioni,G,false,3841,https://ecom-su-static-prod.wtrecom.com/images/products/3/LN_541366_BP_3.jpg,https://www.waitrose.com/ecom/products/freee-organic-gluten-free-brown-rice-tortiglioni/541366-812441-812442,Freee Organic Gluten Free Brown Rice Tortiglioni,500g,£2.95,59p/100g,,Food Cupboard
540590,Cooks' Ingredients Dried Black Limes,G,false,3842,https://ecom-su-static-prod.wtrecom.com/images/products/3/LN_540590_BP_3.jpg,https://www.waitrose.com/ecom/products/cooks-ingredients-dried-black-limes/540590-672455-672456,Cooks' Ingredients Dried Black Limes,6s,£2.00,33.3p each,,Food Cupboard
540307,Cooks' Ingredients Cinnamon Sugar,G,false,3843,https://ecom-su-static-prod.wtrecom.com/images/products/3/LN_540307_BP_3.jpg,https://www.waitrose.com/ecom/products/cooks-ingredients-cinnamon-sugar/540307-789158-789159,Cooks' Ingredients Cinnamon Sugar,80g,£1.50,£18.75/kg,,Food Cupboard
540221,Cooks' Ingredients Galangal Paste,G,false,3844,https://ecom-su-static-prod.wtrecom.com/images/products/3/LN_540221_BP_3.jpg,https://www.waitrose.com/ecom/products/cooks-ingredients-galangal-paste/540221-784908-784909,Cooks' Ingredients Galangal Paste,90g,£1.85,20.6p/10g,,Food Cupboard
539954,Cooks' Ingredients Fudge Chunks,G,false,3845,https://ecom-su-static-prod.wtrecom.com/images/products/3/LN_539954_BP_3.jpg,https://www.waitrose.com/ecom/products/cooks-ingredients-fudge-chunks/539954-331001-331002,Cooks' Ingredients Fudge Chunks,70g,£1.30,£18.58/kg,,Food Cupboard
539779,Dole Peach & Plant Based Cream Dessert,G,false,3846,https://ecom-su-static-prod.wtrecom.com/images/products/3/LN_539779_BP_3.jpg,https://www.waitrose.com/ecom/products/dole-peach-plant-based-cream-dessert/539779-810697-810698,Dole Peach & Plant Based Cream Dessert,4x123g,£2.50,50.8p/100g,,Food Cupboard
539110,Manomasa Serrano Chilli & Yucatan Honey,G,true,3847,https://ecom-su-static-prod.wtrecom.com/images/products/3/LN_539110_BP_3.jpg,https://www.waitrose.com/ecom/products/manomasa-serrano-chilli-yucatan-honey/539110-801848-801849,Manomasa Serrano Chilli & Yucatan Honey,40g,£1.00,£2.50/100g,"£5 Food to Go Meal Deal: Add 1 Main, 1 Snack and 1 Drink",Food Cupboard
538361,Food Thoughts Chocolate Coated Nibs,G,false,3848,https://ecom-su-static-prod.wtrecom.com/images/products/3/LN_538361_BP_3.jpg,https://www.waitrose.com/ecom/products/food-thoughts-chocolate-coated-nibs/538361-810695-810696,Food Thoughts Chocolate Coated Nibs,190g,£4.60,£2.43/100g,,Food Cupboard
538027,Tony's Chocolonely Littl' Bits Dark Orange Choco,G,false,3849,https://ecom-su-static-prod.wtrecom.com/images/products/3/LN_538027_BP_3.jpg,https://www.waitrose.com/ecom/products/tonys-chocolonely-littl-bits-dark-orange-choco/538027-810058-810059,Tony's Chocolonely Littl' Bits Dark Orange Choco,100g,£2.50,£2.50/100g,,Food Cupboard
536428,No.1 Valli Trapanesi Extra Virgin Olive Oil,G,false,3850,https://ecom-su-static-prod.wtrecom.com/images/products/3/LN_536428_BP_3.jpg,https://www.waitrose.com/ecom/products/no1-valli-trapanesi-extra-virgin-olive-oil/536428-75858-75859,No.1 Valli Trapanesi Extra Virgin Olive Oil,500ml,£15.50,£3.10/100ml,,Food Cupboard
536228,Doughlicious Chocolate Chip Ready to Bake Cookie Dough,G,false,3851,https://ecom-su-static-prod.wtrecom.com/images/products/3/LN_536228_BP_3.jpg,https://www.waitrose.com/ecom/products/doughlicious-chocolate-chip-ready-to-bake-cookie-dough/536228-826526-826527,Doughlicious Chocolate Chip Ready to Bake Cookie Dough,6x34g,£3.00,£14.71/kg,,Food Cupboard
534410,Candy Kittens Raspberry & Guava,G,false,3852,https://ecom-su-static-prod.wtrecom.com/images/products/3/LN_534410_BP_3.jpg,https://www.waitrose.com/ecom/products/candy-kittens-raspberry-guava/534410-763448-763449,Candy Kittens Raspberry & Guava,140g,£2.75,£1.97/100g,,Food Cupboard
534032,Just Spices Chicken Seasoning,G,false,3853,https://ecom-su-static-prod.wtrecom.com/images/products/3/LN_534032_BP_3.jpg,https://www.waitrose.com/ecom/products/just-spices-chicken-seasoning/534032-804864-804865,Just Spices Chicken Seasoning,79g,£4.00,50.6p/10g,,Food Cupboard
533868,Cooks' Ingredients Shichimi Togarashi,G,false,3854,https://ecom-su-static-prod.wtrecom.com/images/products/3/LN_533868_BP_3.jpg,https://www.waitrose.com/ecom/products/cooks-ingredients-shichimi-togarashi/533868-672437-672438,Cooks' Ingredients Shichimi Togarashi,55g,£2.00,£3.64/100g,,Food Cupboard
533217,Hellman's Coronation Mayo,G,true,3855,https://ecom-su-static-prod.wtrecom.com/images/products/3/LN_533217_BP_3.jpg,https://www.waitrose.com/ecom/products/hellmans-coronation-mayo/533217-804442-804443,Hellman's Coronation Mayo,250g,£2.00,80p/100g,save 80p. Was £2.80,Food Cupboard
532574,Cooks' Ingredients Palm Sugar,G,false,3856,https://ecom-su-static-prod.wtrecom.com/images/products/3/LN_532574_BP_3.jpg,https://www.waitrose.com/ecom/products/cooks-ingredients-palm-sugar/532574-75302-75303,Cooks' Ingredients Palm Sugar,125g,£3.00,£24/kg,,Food Cupboard
532372,Lee Kum Kee Sweet Soy Sauce,G,false,3857,https://ecom-su-static-prod.wtrecom.com/images/products/3/LN_532372_BP_3.jpg,https://www.waitrose.com/ecom/products/lee-kum-kee-sweet-soy-sauce/532372-702703-702704,Lee Kum Kee Sweet Soy Sauce,207ml,£2.50,£1.21/100ml,,Food Cupboard
532244,itsu Miso' Easy Chilli,G,false,3858,https://ecom-su-static-prod.wtrecom.com/images/products/3/LN_532244_BP_3.jpg,https://www.waitrose.com/ecom/products/itsu-miso-easy-chilli/532244-654031-654032,itsu Miso' Easy Chilli,3x20g,£2.10,£3.50/100g,,Food Cupboard
532106,Belazu Roasted Pepper Tapenade,G,false,3859,https://ecom-su-static-prod.wtrecom.com/images/products/3/LN_532106_BP_3.jpg,https://www.waitrose.com/ecom/products/belazu-roasted-pepper-tapenade/532106-784904-784905,Belazu Roasted Pepper Tapenade,165g,£3.80,£2.31/100g,,Food Cupboard
531506,Cooks' Ingredients Mini White Chocolate Stars,G,false,3860,https://ecom-su-static-prod.wtrecom.com/images/products/3/LN_531506_BP_3.jpg,https://www.waitrose.com/ecom/products/cooks-ingredients-mini-white-chocolate-stars/531506-752623-752624,Cooks' Ingredients Mini White Chocolate Stars,41g,£1.30,£31.71/kg,,Food Cupboard
531255,Just Spices Roast Potato Seasoning,G,false,3861,https://ecom-su-static-prod.wtrecom.com/images/products/3/LN_531255_BP_3.jpg,https://www.waitrose.com/ecom/products/just-spices-roast-potato-seasoning/531255-804862-804863,Just Spices Roast Potato Seasoning,72g,£4.00,55.6p/10g,,Food Cupboard
530042,Pringles Sour Cream & Onion Sharing Crisps,G,true,3862,https://ecom-su-static-prod.wtrecom.com/images/products/3/LN_530042_BP_3.jpg,https://www.waitrose.com/ecom/products/pringles-sour-cream-onion-sharing-crisps/530042-822113-822114,Pringles Sour Cream & Onion Sharing Crisps,40g,£1.10,£2.75/100g,"£5 Food to Go Meal Deal: Add 1 Main, 1 Snack and 1 Drink",Food Cupboard
529873,Amoy Peanut Satay Stir Fry Sauce,G,false,3863,https://ecom-su-static-prod.wtrecom.com/images/products/3/LN_529873_BP_3.jpg,https://www.waitrose.com/ecom/products/amoy-peanut-satay-stir-fry-sauce/529873-74934-74935,Amoy Peanut Satay Stir Fry Sauce,120g,£1.05,87.5p/100g,,Food Cupboard
528417,Belazu Smoked Chilli Harissa,G,false,3864,https://ecom-su-static-prod.wtrecom.com/images/products/3/LN_528417_BP_3.jpg,https://www.waitrose.com/ecom/products/belazu-smoked-chilli-harissa/528417-702689-702690,Belazu Smoked Chilli Harissa,170g,£4.50,£2.65/100g,,Food Cupboard
528007,No.1 Chilli & Tomato Jam,G,true,3865,https://ecom-su-static-prod.wtrecom.com/images/products/3/LN_528007_BP_3.jpg,https://www.waitrose.com/ecom/products/no1-chilli-tomato-jam/528007-827467-827468,No.1 Chilli & Tomato Jam,120g,£2.40,£2/100g,Introductory Offer.Will be £3.00,Food Cupboard
527963,Grenade Oreo White,G,false,3866,https://ecom-su-static-prod.wtrecom.com/images/products/3/LN_527963_BP_3.jpg,https://www.waitrose.com/ecom/products/grenade-oreo-white/527963-824109-824110,Grenade Oreo White,3x35g,£5.00,£4.77/100g,,Food Cupboard
526450,Betty Crocker Triple Chocolate Chunk Brownie Mix,G,false,3867,https://ecom-su-static-prod.wtrecom.com/images/products/3/LN_526450_BP_3.jpg,https://www.waitrose.com/ecom/products/betty-crocker-triple-chocolate-chunk-brownie-mix/526450-801128-801129,Betty Crocker Triple Chocolate Chunk Brownie Mix,415g,£3.15,£7.60/kg,,Food Cupboard
526004,Betty Crocker Chocolate Fudge Brownie Mix Gluten Free,G,false,3868,https://ecom-su-static-prod.wtrecom.com/images/products/3/LN_526004_BP_3.jpg,https://www.waitrose.com/ecom/products/betty-crocker-chocolate-fudge-brownie-mix-gluten-free/526004-798720-798721,Betty Crocker Chocolate Fudge Brownie Mix Gluten Free,415g,£3.25,£7.84/kg,,Food Cupboard
525217,Fragata Olives with Chorizo,G,false,3869,https://ecom-su-static-prod.wtrecom.com/images/products/3/LN_525217_BP_3.jpg,https://www.waitrose.com/ecom/products/fragata-olives-with-chorizo/525217-658193-658194,Fragata Olives with Chorizo,drained 150g,£2.35,£1.57/100g,,Food Cupboard
524943,Nestlé Carnation Drizzle Caramel,G,false,3870,https://ecom-su-static-prod.wtrecom.com/images/products/3/LN_524943_BP_3.jpg,https://www.waitrose.com/ecom/products/nestle-carnation-drizzle-caramel/524943-790630-790631,Nestlé Carnation Drizzle Caramel,450g,£3.35,74.4p/100g,,Food Cupboard
524546,Waitrose CI Harissa Spice Blend,G,false,3871,https://ecom-su-static-prod.wtrecom.com/images/products/3/LN_524546_BP_3.jpg,https://www.waitrose.com/ecom/products/waitrose-ci-harissa-spice-blend/524546-807589-807590,Waitrose CI Harissa Spice Blend,46g,£1.70,37p/10g,,Food Cupboard
524132,Love Raw Nutty Choc Balls,G,true,3872,https://ecom-su-static-prod.wtrecom.com/images/products/3/LN_524132_BP_3.jpg,https://www.waitrose.com/ecom/products/love-raw-nutty-choc-balls/524132-791073-791074,Love Raw Nutty Choc Balls,28g,£1.70,£6.08/100g,"£5 Food to Go Meal Deal: Add 1 Main, 1 Snack and 1 Drink",Food Cupboard
523717,Pringles Original Flavour Sharing Crisps,G,true,3873,https://ecom-su-static-prod.wtrecom.com/images/products/3/LN_523717_BP_3.jpg,https://www.waitrose.com/ecom/products/pringles-original-flavour-sharing-crisps/523717-822105-822106,Pringles Original Flavour Sharing Crisps,40g,£1.10,£2.75/100g,"£5 Food to Go Meal Deal: Add 1 Main, 1 Snack and 1 Drink",Food Cupboard
523661,Capsicana Salted Tortilla Chips,G,false,3874,https://ecom-su-static-prod.wtrecom.com/images/products/3/LN_523661_BP_3.jpg,https://www.waitrose.com/ecom/products/capsicana-salted-tortilla-chips/523661-778270-778271,Capsicana Salted Tortilla Chips,170g,£2.50,£1.48/100g,,Food Cupboard
521421,Clearspring Organic Brown Rice Miso,G,false,3875,https://ecom-su-static-prod.wtrecom.com/images/products/3/LN_521421_BP_3.jpg,https://www.waitrose.com/ecom/products/clearspring-organic-brown-rice-miso/521421-140160-140161,Clearspring Organic Brown Rice Miso,300g,£4.95,£1.65/100g,,Food Cupboard
520725,Cooks' Ingredients Golden Sprinkles,G,false,3876,https://ecom-su-static-prod.wtrecom.com/images/products/3/LN_520725_BP_3.jpg,https://www.waitrose.com/ecom/products/cooks-ingredients-golden-sprinkles/520725-752621-752622,Cooks' Ingredients Golden Sprinkles,75g,£1.30,£17.34/kg,,Food Cupboard
520153,Stokes BBQ Sweet & Sticky,G,false,3877,https://ecom-su-static-prod.wtrecom.com/images/products/3/LN_520153_BP_3.jpg,https://www.waitrose.com/ecom/products/stokes-bbq-sweet-sticky/520153-752761-752762,Stokes BBQ Sweet & Sticky,325g,£3.50,£1.08/100g,,Food Cupboard
519477,Lindt Lindor Mint Chocolate Truffles,G,false,3878,https://ecom-su-static-prod.wtrecom.com/images/products/3/LN_519477_BP_3.jpg,https://www.waitrose.com/ecom/products/lindt-lindor-mint-chocolate-truffles/519477-674326-674327,Lindt Lindor Mint Chocolate Truffles,200g,£6.30,£3.15/100g,,Food Cupboard
518694,Gallo My Risotto Perfetto Four Cheese,G,false,3879,https://ecom-su-static-prod.wtrecom.com/images/products/3/LN_518694_BP_3.jpg,https://www.waitrose.com/ecom/products/gallo-my-risotto-perfetto-four-cheese/518694-723744-723745,Gallo My Risotto Perfetto Four Cheese,175g,£2.90,£16.58/kg,,Food Cupboard
518539,Lily O'Brien's Luxury Chocolate Collection,G,true,3880,https://ecom-su-static-prod.wtrecom.com/images/products/3/LN_518539_BP_3.jpg,https://www.waitrose.com/ecom/products/lily-obriens-luxury-chocolate-collection/518539-784490-784491,Lily O'Brien's Luxury Chocolate Collection,202g,£5.60,£2.78/100g,20% Off. Was £7.00,Food Cupboard
518168,Walkers Max Nuts Chilli & Lime,G,true,3881,https://ecom-su-static-prod.wtrecom.com/images/products/3/LN_518168_BP_3.jpg,https://www.waitrose.com/ecom/products/walkers-max-nuts-chilli-lime/518168-804102-804103,Walkers Max Nuts Chilli & Lime,175g,£1.50,85.7p/100g,save £1.15. Was £2.65,Food Cupboard
518020,HP Honey BBQ Sauce,G,false,3882,https://ecom-su-static-prod.wtrecom.com/images/products/3/LN_518020_BP_3.jpg,https://www.waitrose.com/ecom/products/hp-honey-bbq-sauce/518020-142452-142453,HP Honey BBQ Sauce,465g,£3.40,73.1p/100g,,Food Cupboard
517959,Lindt Intense Cooking Chocolate,G,false,3883,https://ecom-su-static-prod.wtrecom.com/images/products/3/LN_517959_BP_3.jpg,https://www.waitrose.com/ecom/products/lindt-intense-cooking-chocolate/517959-220478-220479,Lindt Intense Cooking Chocolate,180g,£3.90,£2.17/100g,,Food Cupboard
517957,Ambrosia Light Devon Custard,G,false,3884,https://ecom-su-static-prod.wtrecom.com/images/products/3/LN_517957_BP_3.jpg,https://www.waitrose.com/ecom/products/ambrosia-light-devon-custard/517957-767550-767551,Ambrosia Light Devon Custard,1Kg,£3.00,30p/100g,,Food Cupboard
517493,Truvia Stevia Leaf Sweetener,G,false,3885,https://ecom-su-static-prod.wtrecom.com/images/products/3/LN_517493_BP_3.jpg,https://www.waitrose.com/ecom/products/truvia-stevia-leaf-sweetener/517493-159492-159493,Truvia Stevia Leaf Sweetener,270g,£5.80,£21.49/kg,,Food Cupboard
517307,Bart Onion Granules,G,false,3886,https://ecom-su-static-prod.wtrecom.com/images/products/3/LN_517307_BP_3.jpg,https://www.waitrose.com/ecom/products/bart-onion-granules/517307-810386-810387,Bart Onion Granules,42g,£2.25,53.6p/10g,,Food Cupboard
516560,Carr's Melts Caramelised Red Onion Flavour,G,true,3887,https://ecom-su-static-prod.wtrecom.com/images/products/3/LN_516560_BP_3.jpg,https://www.waitrose.com/ecom/products/carrs-melts-caramelised-red-onion-flavour/516560-824107-824108,Carr's Melts Caramelised Red Onion Flavour,150g,£1.55,£1.04/100g,25% Off. Was £2.10,Food Cupboard
516375,Cooks' Ingredients Szechuan Pepper,G,false,3888,https://ecom-su-static-prod.wtrecom.com/images/products/3/LN_516375_BP_3.jpg,https://www.waitrose.com/ecom/products/cooks-ingredients-szechuan-pepper/516375-784882-784883,Cooks' Ingredients Szechuan Pepper,21g,£1.70,81p/10g,,Food Cupboard
515812,Al'Fez Falafel Mix,G,false,3889,https://ecom-su-static-prod.wtrecom.com/images/products/3/LN_515812_BP_3.jpg,https://www.waitrose.com/ecom/products/alfez-falafel-mix/515812-72901-72902,Al'Fez Falafel Mix,150g,£2.00,£13.34/kg,,Food Cupboard
515221,Kellogg's Special K Granola Mixed Berries Breakfast Cereal,G,false,3890,https://ecom-su-static-prod.wtrecom.com/images/products/3/LN_515221_BP_3.jpg,https://www.waitrose.com/ecom/products/kelloggs-special-k-granola-mixed-berries-breakfast-cereal/515221-780057-780058,Kellogg's Special K Granola Mixed Berries Breakfast Cereal,350g,£3.15,90p/100g,,Food Cupboard
515151,BEAR Yo Yos Strawberry,G,false,3891,https://ecom-su-static-prod.wtrecom.com/images/products/3/LN_515151_BP_3.jpg,https://www.waitrose.com/ecom/products/bear-yo-yos-strawberry/515151-72781-72782,BEAR Yo Yos Strawberry,Each,70p,70p each,,Food Cupboard
514704,Clearspring Organic Miso Soup Paste,G,true,3892,https://ecom-su-static-prod.wtrecom.com/images/products/3/LN_514704_BP_3.jpg,https://www.waitrose.com/ecom/products/clearspring-organic-miso-soup-paste/514704-72725-72726,Clearspring Organic Miso Soup Paste,4x15g,£2.20,£3.67/100g,Reduced to Clear. Was £2.90,Food Cupboard
514414,Cooks' Ingredients Asafoetida,G,false,3893,https://ecom-su-static-prod.wtrecom.com/images/products/3/LN_514414_BP_3.jpg,https://www.waitrose.com/ecom/products/cooks-ingredients-asafoetida/514414-672397-672398,Cooks' Ingredients Asafoetida,17g,£3.00,£1.77/10g,,Food Cupboard
514024,No.1 Whole Fruit Chocolate,G,false,3894,https://ecom-su-static-prod.wtrecom.com/images/products/3/LN_514024_BP_3.jpg,https://www.waitrose.com/ecom/products/no1-whole-fruit-chocolate/514024-784488-784489,No.1 Whole Fruit Chocolate,45g,£2.85,£6.34/100g,,Food Cupboard
513699,Maggi Liquid Seasoning,G,false,3895,https://ecom-su-static-prod.wtrecom.com/images/products/3/LN_513699_BP_3.jpg,https://www.waitrose.com/ecom/products/maggi-liquid-seasoning/513699-741084-741085,Maggi Liquid Seasoning,101ml,£1.50,£1.49/100ml,,Food Cupboard
510799,Lia Extra Virgin Olive Oil,G,false,3896,https://ecom-su-static-prod.wtrecom.com/images/products/3/LN_510799_BP_3.jpg,https://www.waitrose.com/ecom/products/lia-extra-virgin-olive-oil/510799-499292-499293,Lia Extra Virgin Olive Oil,500ml,£22.00,£4.40/100ml,,Food Cupboard
509565,Waitrose Biscuits for Cheese,G,false,3897,https://ecom-su-static-prod.wtrecom.com/images/products/3/LN_509565_BP_3.jpg,https://www.waitrose.com/ecom/products/waitrose-biscuits-for-cheese/509565-807584-807584,Waitrose Biscuits for Cheese,300g,£4.00,£1.34/100g,,Food Cupboard
509047,Cooks' Ingredients Spiced Onion Topper,G,false,3898,https://ecom-su-static-prod.wtrecom.com/images/products/3/LN_509047_BP_3.jpg,https://www.waitrose.com/ecom/products/cooks-ingredients-spiced-onion-topper/509047-784872-784873,Cooks' Ingredients Spiced Onion Topper,40g,£1.50,£3.75/100g,,Food Cupboard
508962,Waitrose Monkey Nuts,G,false,3899,https://ecom-su-static-prod.wtrecom.com/images/products/3/LN_508962_BP_3.jpg,https://www.waitrose.com/ecom/products/waitrose-monkey-nuts/508962-778944-778945,Waitrose Monkey Nuts,350g,£1.95,55.7p/100g,,Food Cupboard
507836,Cadbury Milk Chocolate Sticky Puds,G,false,3900,https://ecom-su-static-prod.wtrecom.com/images/products/3/LN_507836_BP_3.jpg,https://www.waitrose.com/ecom/products/cadbury-milk-chocolate-sticky-puds/507836-824105-824106,Cadbury Milk Chocolate Sticky Puds,2x95g,£2.35,£12.37/kg,,Food Cupboard
507751,Tilda Brown Basmati & Wild Rice,G,false,3901,https://ecom-su-static-prod.wtrecom.com/images/products/3/LN_507751_BP_3.jpg,https://www.waitrose.com/ecom/products/tilda-brown-basmati-wild-rice/507751-784868-784869,Tilda Brown Basmati & Wild Rice,500g,£3.15,£6.30/kg,,Food Cupboard
507493,Waitrose Keralan Curry Paste,G,false,3902,https://ecom-su-static-prod.wtrecom.com/images/products/3/LN_507493_BP_3.jpg,https://www.waitrose.com/ecom/products/waitrose-keralan-curry-paste/507493-766835-766836,Waitrose Keralan Curry Paste,175g,£2.00,£1.15/100g,,Food Cupboard
506689,Cooks' Ingredients Truffle & Porcini Mushroom Sauce,G,false,3903,https://ecom-su-static-prod.wtrecom.com/images/products/3/LN_506689_BP_3.jpg,https://www.waitrose.com/ecom/products/cooks-ingredients-truffle-porcini-mushroom-sauce/506689-784866-784867,Cooks' Ingredients Truffle & Porcini Mushroom Sauce,290g,£3.80,£1.32/100g,,Food Cupboard
505539,Rude Health Apple & Cinnamon Bircher Muesli,G,false,3904,https://ecom-su-static-prod.wtrecom.com/images/products/3/LN_505539_BP_3.jpg,https://www.waitrose.com/ecom/products/rude-health-apple-cinnamon-bircher-muesli/505539-808041-808042,Rude Health Apple & Cinnamon Bircher Muesli,375g,£3.00,80p/100g,,Food Cupboard
504975,Cooks' Ingredients Green Gel Colouring,G,false,3905,https://ecom-su-static-prod.wtrecom.com/images/products/3/LN_504975_BP_3.jpg,https://www.waitrose.com/ecom/products/cooks-ingredients-green-gel-colouring/504975-711628-711629,Cooks' Ingredients Green Gel Colouring,19g,£1.40,£73.69/kg,,Food Cupboard
504626,Duchy Organic Bay Leaves,G,false,3906,https://ecom-su-static-prod.wtrecom.com/images/products/3/LN_504626_BP_3.jpg,https://www.waitrose.com/ecom/products/duchy-organic-bay-leaves/504626-784864-784865,Duchy Organic Bay Leaves,3g,£1.95,£6.50/10g,,Food Cupboard
504386,Giuseppe Cocco Pennette Rigate,G,true,3907,https://ecom-su-static-prod.wtrecom.com/images/products/3/LN_504386_BP_3.jpg,https://www.waitrose.com/ecom/products/giuseppe-cocco-pennette-rigate/504386-71234-71235,Giuseppe Cocco Pennette Rigate,500g,£3.20,£6.40/kg,Reduced to Clear. Was £4.30,Food Cupboard
503473,Meridian Smooth Almond Butter,G,false,3908,https://ecom-su-static-prod.wtrecom.com/images/products/3/LN_503473_BP_3.jpg,https://www.waitrose.com/ecom/products/meridian-smooth-almond-butter/503473-746363-746364,Meridian Smooth Almond Butter,470g,£8.00,£1.71/100g,,Food Cupboard
503285,Cooks' Ingredients Singapore Paste,G,false,3909,https://ecom-su-static-prod.wtrecom.com/images/products/3/LN_503285_BP_3.jpg,https://www.waitrose.com/ecom/products/cooks-ingredients-singapore-paste/503285-784724-784725,Cooks' Ingredients Singapore Paste,190g,£2.50,£1.32/100g,,Food Cupboard
502397,Wolfys Nutty Porridge With Honey Pot,G,false,3910,https://ecom-su-static-prod.wtrecom.com/images/products/3/LN_502397_BP_3.jpg,https://www.waitrose.com/ecom/products/wolfys-nutty-porridge-with-honey-pot/502397-347734-347735,Wolfys Nutty Porridge With Honey Pot,90g,£1.80,£2/100g,,Food Cupboard
502160,Gran Luchito Roasted Serrano Chillies,G,true,3911,https://ecom-su-static-prod.wtrecom.com/images/products/3/LN_502160_BP_3.jpg,https://www.waitrose.com/ecom/products/gran-luchito-roasted-serrano-chillies/502160-813646-813647,Gran Luchito Roasted Serrano Chillies,215g,£1.85,£1.61/100g,20% Off. Was £2.35,Food Cupboard
501036,Waitrose Celebration Candles 6s,G,false,3912,https://ecom-su-static-prod.wtrecom.com/images/products/3/LN_501036_BP_3.jpg,https://www.waitrose.com/ecom/products/waitrose-celebration-candles-6s/501036-260754-260755,Waitrose Celebration Candles 6s,6s,£2.25,37.5p each,,Food Cupboard
500744,Grenade Carb Killa Peanut Nutter,G,true,3913,https://ecom-su-static-prod.wtrecom.com/images/products/3/LN_500744_BP_3.jpg,https://www.waitrose.com/ecom/products/grenade-carb-killa-peanut-nutter/500744-743736-743737,Grenade Carb Killa Peanut Nutter,60g,£2.20,£3.67/100g,save 80p. Was £3.00,Food Cupboard
499983,Wilkin & Sons Ltd Tiptree Little Scarlet,G,false,3914,https://ecom-su-static-prod.wtrecom.com/images/products/3/LN_499983_BP_3.jpg,https://www.waitrose.com/ecom/products/wilkin-sons-ltd-tiptree-little-scarlet/499983-306822-306823,Wilkin & Sons Ltd Tiptree Little Scarlet,340g,£4.60,£1.36/100g,,Food Cupboard
499861,Cadbury Dairy Milk Salted Caramel Fingers,G,false,3915,https://ecom-su-static-prod.wtrecom.com/images/products/3/LN_499861_BP_3.jpg,https://www.waitrose.com/ecom/products/cadbury-dairy-milk-salted-caramel-fingers/499861-812435-812436,Cadbury Dairy Milk Salted Caramel Fingers,114g,£1.90,£1.67/100g,,Food Cupboard
499706,Mister Free'd Gluten Free Tortilla Chips Blue,G,false,3916,https://ecom-su-static-prod.wtrecom.com/images/products/3/LN_499706_BP_3.jpg,https://www.waitrose.com/ecom/products/mister-freed-gluten-free-tortilla-chips-blue/499706-728182-728183,Mister Free'd Gluten Free Tortilla Chips Blue,135g,£2.10,£1.56/100g,,Food Cupboard
499391,Ritter Sport White Whole Hazelnuts,G,false,3917,https://ecom-su-static-prod.wtrecom.com/images/products/3/LN_499391_BP_3.jpg,https://www.waitrose.com/ecom/products/ritter-sport-white-whole-hazelnuts/499391-825814-825815,Ritter Sport White Whole Hazelnuts,100g,£1.85,£1.85/100g,,Food Cupboard
499207,KIND Salted Caramel Dark Chocolate,G,true,3918,https://ecom-su-static-prod.wtrecom.com/images/products/3/LN_499207_BP_3.jpg,https://www.waitrose.com/ecom/products/kind-salted-caramel-dark-chocolate/499207-743734-743735,KIND Salted Caramel Dark Chocolate,40g,£1.45,£3.63/100g,"£5 Food to Go Meal Deal: Add 1 Main, 1 Snack and 1 Drink",Food Cupboard
499147,Grenade Oreo,G,true,3919,https://ecom-su-static-prod.wtrecom.com/images/products/3/LN_499147_BP_3.jpg,https://www.waitrose.com/ecom/products/grenade-oreo/499147-801800-801801,Grenade Oreo,60g,£2.20,£3.67/100g,save 80p. Was £3.00,Food Cupboard
499123,Cooks' Ingredients Crushed Chilli,G,false,3920,https://ecom-su-static-prod.wtrecom.com/images/products/3/LN_499123_BP_3.jpg,https://www.waitrose.com/ecom/products/cooks-ingredients-crushed-chilli/499123-824768-824769,Cooks' Ingredients Crushed Chilli,180g,£2.50,18.5p/10g,,Food Cupboard
498771,Cooks' Ingredients Salted Caramel Icing,G,false,3921,https://ecom-su-static-prod.wtrecom.com/images/products/3/LN_498771_BP_3.jpg,https://www.waitrose.com/ecom/products/cooks-ingredients-salted-caramel-icing/498771-810681-810682,Cooks' Ingredients Salted Caramel Icing,400g,£2.75,£6.88/kg,,Food Cupboard
498481,Cadbury Dairy Milk Fruit & Nut Chocolate Bar Single,G,false,3922,https://ecom-su-static-prod.wtrecom.com/images/products/3/LN_498481_BP_3.jpg,https://www.waitrose.com/ecom/products/cadbury-dairy-milk-fruit-nut-chocolate-bar-single/498481-70433-70434,Cadbury Dairy Milk Fruit & Nut Chocolate Bar Single,49g,90p,£1.84/100g,,Food Cupboard
498254,Proper Corn Sweet Popcorn,G,true,3923,https://ecom-su-static-prod.wtrecom.com/images/products/3/LN_498254_BP_3.jpg,https://www.waitrose.com/ecom/products/proper-corn-sweet-popcorn/498254-823567-823568,Proper Corn Sweet Popcorn,90g,£1.50,£1.67/100g,save 50p. Was £2.00,Food Cupboard
498107,Deliciously Ella Gluten Free & Vegan Cashew Berry Bars,G,false,3924,https://ecom-su-static-prod.wtrecom.com/images/products/3/LN_498107_BP_3.jpg,https://www.waitrose.com/ecom/products/deliciously-ella-gluten-free-vegan-cashew-berry-bars/498107-791053-791054,Deliciously Ella Gluten Free & Vegan Cashew Berry Bars,3x40g,£3.00,£2.50/100g,,Food Cupboard
498047,Merchant Gourmet Jamaican Style Grains/Pulses,G,true,3925,https://ecom-su-static-prod.wtrecom.com/images/products/3/LN_498047_BP_3.jpg,https://www.waitrose.com/ecom/products/merchant-gourmet-jamaican-style-grains-pulses/498047-806800-806801,Merchant Gourmet Jamaican Style Grains/Pulses,250g,£1.50,£6/kg,save 70p. Was £2.20,Food Cupboard
496633,Dorset Cereals Fruit & Nut Muesli Crunch,G,false,3926,https://ecom-su-static-prod.wtrecom.com/images/products/3/LN_496633_BP_3.jpg,https://www.waitrose.com/ecom/products/dorset-cereals-fruit-nut-muesli-crunch/496633-793395-793396,Dorset Cereals Fruit & Nut Muesli Crunch,400g,£4.20,£1.05/100g,,Food Cupboard
496579,Patak's Mild Curry Spice Paste,G,true,3927,https://ecom-su-static-prod.wtrecom.com/images/products/3/LN_496579_BP_3.jpg,https://www.waitrose.com/ecom/products/pataks-mild-curry-spice-paste/496579-807577-807578,Patak's Mild Curry Spice Paste,135g,£1.70,£1.26/100g,Reduced to Clear. Was £2.45,Food Cupboard
496183,Urban Fruit Gently Baked Blueberries,G,true,3928,https://ecom-su-static-prod.wtrecom.com/images/products/3/LN_496183_BP_3.jpg,https://www.waitrose.com/ecom/products/urban-fruit-gently-baked-blueberries/496183-807873-807874,Urban Fruit Gently Baked Blueberries,75g,£2.75,£3.67/100g,Add 2 for £4.20,Food Cupboard
494537,Lindt Lindor Blood Orange Chocolate Truffles,G,false,3929,https://ecom-su-static-prod.wtrecom.com/images/products/3/LN_494537_BP_3.jpg,https://www.waitrose.com/ecom/products/lindt-lindor-blood-orange-chocolate-truffles/494537-796206-796207,Lindt Lindor Blood Orange Chocolate Truffles,200g,£6.30,£3.15/100g,,Food Cupboard
492926,Encona Canadian Maple Chilli Jam,G,false,3930,https://ecom-su-static-prod.wtrecom.com/images/products/3/LN_492926_BP_3.jpg,https://www.waitrose.com/ecom/products/encona-canadian-maple-chilli-jam/492926-826736-826737,Encona Canadian Maple Chilli Jam,285ml,£2.00,70.2p/100ml,,Food Cupboard
492840,Hellmann's Garlic & Herb Sauce,G,true,3931,https://ecom-su-static-prod.wtrecom.com/images/products/3/LN_492840_BP_3.jpg,https://www.waitrose.com/ecom/products/hellmanns-garlic-herb-sauce/492840-727078-727079,Hellmann's Garlic & Herb Sauce,260g,£2.00,76.9p/100g,save 80p. Was £2.80,Food Cupboard
492431,Galaxy Milk Bar,G,false,3932,https://ecom-su-static-prod.wtrecom.com/images/products/3/LN_492431_BP_3.jpg,https://www.waitrose.com/ecom/products/galaxy-milk-bar/492431-825808-825809,Galaxy Milk Bar,42g,85p,£2.03/100g,,Food Cupboard
492369,Arden's Tiny Twists Cheese,G,false,3933,https://ecom-su-static-prod.wtrecom.com/images/products/3/LN_492369_BP_3.jpg,https://www.waitrose.com/ecom/products/ardens-tiny-twists-cheese/492369-757953-757954,Arden's Tiny Twists Cheese,75g,£1.40,£1.87/100g,,Food Cupboard
491555,Eat Natural Gluten Free Buckwheat Muesli,G,false,3934,https://ecom-su-static-prod.wtrecom.com/images/products/3/LN_491555_BP_3.jpg,https://www.waitrose.com/ecom/products/eat-natural-gluten-free-buckwheat-muesli/491555-69463-69464,Eat Natural Gluten Free Buckwheat Muesli,500g,£3.75,75p/100g,,Food Cupboard
491003,Betty Crocker Red Velvet Cake Mix,G,false,3935,https://ecom-su-static-prod.wtrecom.com/images/products/3/LN_491003_BP_3.jpg,https://www.waitrose.com/ecom/products/betty-crocker-red-velvet-cake-mix/491003-220462-220463,Betty Crocker Red Velvet Cake Mix,425g,£3.15,£7.42/kg,,Food Cupboard
490912,Rowse Organic Acacia Honey,G,false,3936,https://ecom-su-static-prod.wtrecom.com/images/products/3/LN_490912_BP_3.jpg,https://www.waitrose.com/ecom/products/rowse-organic-acacia-honey/490912-696799-696800,Rowse Organic Acacia Honey,340g,£5.30,£1.56/100g,,Food Cupboard
490341,Happy Birthday Script Candle,G,false,3937,https://ecom-su-static-prod.wtrecom.com/images/products/3/LN_490341_BP_3.jpg,https://www.waitrose.com/ecom/products/happy-birthday-script-candle/490341-771553-771554,Happy Birthday Script Candle,each,£3.00,£3 each,,Food Cupboard
489709,Cooks' Ingredients Juniper Berries,G,false,3938,https://ecom-su-static-prod.wtrecom.com/images/products/3/LN_489709_BP_3.jpg,https://www.waitrose.com/ecom/products/cooks-ingredients-juniper-berries/489709-784858-784859,Cooks' Ingredients Juniper Berries,25g,£1.60,64p/10g,,Food Cupboard
487478,The Spice Tailor Chettinad Curry,G,true,3939,https://ecom-su-static-prod.wtrecom.com/images/products/3/LN_487478_BP_3.jpg,https://www.waitrose.com/ecom/products/the-spice-tailor-chettinad-curry/487478-807569-807570,The Spice Tailor Chettinad Curry,300g,£3.75,£1.25/100g,Add 2 for £5,Food Cupboard
487016,Marigold Gluten Free & Vegan Instant Gravy,G,false,3940,https://ecom-su-static-prod.wtrecom.com/images/products/3/LN_487016_BP_3.jpg,https://www.waitrose.com/ecom/products/marigold-gluten-free-vegan-instant-gravy/487016-701910-701911,Marigold Gluten Free & Vegan Instant Gravy,170g,£2.35,£1.39/100g,,Food Cupboard
487002,Hellmann's Squeezy Ketchup,G,false,3941,https://ecom-su-static-prod.wtrecom.com/images/products/3/LN_487002_BP_3.jpg,https://www.waitrose.com/ecom/products/hellmanns-squeezy-ketchup/487002-826520-826521,Hellmann's Squeezy Ketchup,750ml,£3.50,46.7p/100ml,,Food Cupboard
486949,Doves Xanthan Gum Free From Gluten,G,false,3942,https://ecom-su-static-prod.wtrecom.com/images/products/3/LN_486949_BP_3.jpg,https://www.waitrose.com/ecom/products/doves-xanthan-gum-free-from-gluten/486949-506166-506167,Doves Xanthan Gum Free From Gluten,100g,£2.95,£2.95/100g,,Food Cupboard
483056,Stokes Red Onion Marmalade,G,false,3943,https://ecom-su-static-prod.wtrecom.com/images/products/3/LN_483056_BP_3.jpg,https://www.waitrose.com/ecom/products/stokes-red-onion-marmalade/483056-68191-68192,Stokes Red Onion Marmalade,265g,£4.10,£1.55/100g,,Food Cupboard
483023,Askeys Treat Strawberry Flavour Dessert Sauce,G,false,3944,https://ecom-su-static-prod.wtrecom.com/images/products/3/LN_483023_BP_3.jpg,https://www.waitrose.com/ecom/products/askeys-treat-strawberry-flavour-dessert-sauce/483023-197896-197897,Askeys Treat Strawberry Flavour Dessert Sauce,325g,£1.80,55.4p/100g,,Food Cupboard
482472,Cooks' Ingredients Natural Yellow Food Colouring,G,false,3945,https://ecom-su-static-prod.wtrecom.com/images/products/3/LN_482472_BP_3.jpg,https://www.waitrose.com/ecom/products/cooks-ingredients-natural-yellow-food-colouring/482472-810677-810678,Cooks' Ingredients Natural Yellow Food Colouring,38ml,£1.00,£2.64/100ml,,Food Cupboard
482068,Knorr Gluten Free Ham Stock Cubes,G,false,3946,https://ecom-su-static-prod.wtrecom.com/images/products/3/LN_482068_BP_3.jpg,https://www.waitrose.com/ecom/products/knorr-gluten-free-ham-stock-cubes/482068-229839-229840,Knorr Gluten Free Ham Stock Cubes,80g,£2.05,£2.57/100g,,Food Cupboard
481832,Happy Birthday Star Cake Candles,G,false,3947,https://ecom-su-static-prod.wtrecom.com/images/products/3/LN_481832_BP_3.jpg,https://www.waitrose.com/ecom/products/happy-birthday-star-cake-candles/481832-771531-771532,Happy Birthday Star Cake Candles,8s,£3.75,46.9p each,,Food Cupboard
481182,Yogiyo Korean Sesame Rich & Tangy Soy,G,false,3948,https://ecom-su-static-prod.wtrecom.com/images/products/3/LN_481182_BP_3.jpg,https://www.waitrose.com/ecom/products/yogiyo-korean-sesame-rich-tangy-soy/481182-807567-807568,Yogiyo Korean Sesame Rich & Tangy Soy,100g,85p,85p/100g,,Food Cupboard
481120,Cooks' Ingredients Aromatic Rose Petals,G,false,3949,https://ecom-su-static-prod.wtrecom.com/images/products/3/LN_481120_BP_3.jpg,https://www.waitrose.com/ecom/products/cooks-ingredients-aromatic-rose-petals/481120-312275-312276,Cooks' Ingredients Aromatic Rose Petals,8g,£2.00,£2.50/10g,,Food Cupboard
480778,Dr. Oetker Heart Marshmallows,G,false,3950,https://ecom-su-static-prod.wtrecom.com/images/products/3/LN_480778_BP_3.jpg,https://www.waitrose.com/ecom/products/dr-oetker-heart-marshmallows/480778-405296-405297,Dr. Oetker Heart Marshmallows,100g,£2.20,£2.20/100g,,Food Cupboard
480766,Kallo Veggie Thins Mixed Seeds,G,true,3951,https://ecom-su-static-prod.wtrecom.com/images/products/3/LN_480766_BP_3.jpg,https://www.waitrose.com/ecom/products/kallo-veggie-thins-mixed-seeds/480766-813632-813633,Kallo Veggie Thins Mixed Seeds,100g,£2.00,£2/100g,save £1.00. Was £3.00,Food Cupboard
480201,Tony's Chocolonely Milk Hazelnut,G,false,3952,https://ecom-su-static-prod.wtrecom.com/images/products/3/LN_480201_BP_3.jpg,https://www.waitrose.com/ecom/products/tonys-chocolonely-milk-hazelnut/480201-763122-763123,Tony's Chocolonely Milk Hazelnut,180g,£3.50,£1.95/100g,,Food Cupboard
479751,Cooks' Ingredients Jerk Seasoning,G,false,3953,https://ecom-su-static-prod.wtrecom.com/images/products/3/LN_479751_BP_3.jpg,https://www.waitrose.com/ecom/products/cooks-ingredients-jerk-seasoning/479751-807560-807561,Cooks' Ingredients Jerk Seasoning,50g,£1.70,34p/10g,,Food Cupboard
479735,Cooks' Ingredients Ancho Chilli Paste,G,false,3954,https://ecom-su-static-prod.wtrecom.com/images/products/3/LN_479735_BP_3.jpg,https://www.waitrose.com/ecom/products/cooks-ingredients-ancho-chilli-paste/479735-766811-766812,Cooks' Ingredients Ancho Chilli Paste,95g,£1.85,£1.95/100g,,Food Cupboard
479182,Cadbury Fudge 15 Treat Size,G,false,3955,https://ecom-su-static-prod.wtrecom.com/images/products/3/LN_479182_BP_3.jpg,https://www.waitrose.com/ecom/products/cadbury-fudge-15-treat-size/479182-810050-810051,Cadbury Fudge 15 Treat Size,202g,£2.80,£1.39/100g,,Food Cupboard
478998,Cooks' Ingredients Szechuan Pepper Mill,G,false,3956,https://ecom-su-static-prod.wtrecom.com/images/products/3/LN_478998_BP_3.jpg,https://www.waitrose.com/ecom/products/cooks-ingredients-szechuan-pepper-mill/478998-784850-784851,Cooks' Ingredients Szechuan Pepper Mill,23g,£2.25,97.8p/10g,,Food Cupboard
478689,No.1 Dark Chocolate & Ginger Florentines,G,false,3957,https://ecom-su-static-prod.wtrecom.com/images/products/3/LN_478689_BP_3.jpg,https://www.waitrose.com/ecom/products/no1-dark-chocolate-ginger-florentines/478689-704839-704840,No.1 Dark Chocolate & Ginger Florentines,150g,£4.00,£2.67/100g,,Food Cupboard
478388,Bart Turmeric,G,false,3958,https://ecom-su-static-prod.wtrecom.com/images/products/3/LN_478388_BP_3.jpg,https://www.waitrose.com/ecom/products/bart-turmeric/478388-810376-810377,Bart Turmeric,49g,£2.25,45.9p/10g,,Food Cupboard
477568,Grenade Carb Killa White Chocolate Cookie,G,true,3959,https://ecom-su-static-prod.wtrecom.com/images/products/3/LN_477568_BP_3.jpg,https://www.waitrose.com/ecom/products/grenade-carb-killa-white-chocolate-cookie/477568-748965-748966,Grenade Carb Killa White Chocolate Cookie,60g,£2.20,£3.67/100g,save 80p. Was £3.00,Food Cupboard
477508,Cooks' Ingredients Tempura Batter,G,false,3960,https://ecom-su-static-prod.wtrecom.com/images/products/3/LN_477508_BP_3.jpg,https://www.waitrose.com/ecom/products/cooks-ingredients-tempura-batter/477508-312271-312272,Cooks' Ingredients Tempura Batter,128g,£1.50,£1.18/100g,,Food Cupboard
477297,nakd. Protein Cocoa Hazelnut Bar,G,false,3961,https://ecom-su-static-prod.wtrecom.com/images/products/3/LN_477297_BP_3.jpg,https://www.waitrose.com/ecom/products/nakd-protein-cocoa-hazelnut-bar/477297-812421-812422,nakd. Protein Cocoa Hazelnut Bar,45g,£1.40,£3.12/100g,,Food Cupboard
476939,Sharwood's 8 Plain Poppadums Low Fat,G,false,3962,https://ecom-su-static-prod.wtrecom.com/images/products/3/LN_476939_BP_3.jpg,https://www.waitrose.com/ecom/products/sharwoods-8-plain-poppadums-low-fat/476939-702573-702574,Sharwood's 8 Plain Poppadums Low Fat,94g,£2.35,£2.50/100g,,Food Cupboard
476709,Gallo 1856 Risotto with Tomato and Basil,G,true,3963,https://ecom-su-static-prod.wtrecom.com/images/products/3/LN_476709_BP_3.jpg,https://www.waitrose.com/ecom/products/gallo-1856-risotto-with-tomato-and-basil/476709-805753-805754,Gallo 1856 Risotto with Tomato and Basil,250g,£2.40,£9.60/kg,25% Off. Was £3.25,Food Cupboard
476416,Belazu Tagine Paste,G,false,3964,https://ecom-su-static-prod.wtrecom.com/images/products/3/LN_476416_BP_3.jpg,https://www.waitrose.com/ecom/products/belazu-tagine-paste/476416-702567-702568,Belazu Tagine Paste,170g,£3.00,£1.77/100g,,Food Cupboard
476381,Taylor & Colledge Vanilla Pods,G,false,3965,https://ecom-su-static-prod.wtrecom.com/images/products/3/LN_476381_BP_3.jpg,https://www.waitrose.com/ecom/products/taylor-colledge-vanilla-pods/476381-728696-728697,Taylor & Colledge Vanilla Pods,2s,£6.50,£3.25 each,,Food Cupboard
476056,Waitrose '8' Number Candle,G,false,3966,https://ecom-su-static-prod.wtrecom.com/images/products/3/LN_476056_BP_3.jpg,https://www.waitrose.com/ecom/products/waitrose-8-number-candle/476056-260730-260731,Waitrose '8' Number Candle,Each,£1.20,£1.20 each,,Food Cupboard
475612,No.1 Mexican Yucatan Honey,G,false,3967,https://ecom-su-static-prod.wtrecom.com/images/products/3/LN_475612_BP_3.jpg,https://www.waitrose.com/ecom/products/no1-mexican-yucatan-honey/475612-704833-704834,No.1 Mexican Yucatan Honey,250g,£3.35,£1.34/100g,,Food Cupboard
474751,Nestlé Lion Bar,G,false,3968,https://ecom-su-static-prod.wtrecom.com/images/products/3/LN_474751_BP_3.jpg,https://www.waitrose.com/ecom/products/nestle-lion-bar/474751-236216-236217,Nestlé Lion Bar,50g,85p,£1.70/100g,,Food Cupboard
474577,Nature Valley Crunchy Peanut Butter Bars,G,false,3969,https://ecom-su-static-prod.wtrecom.com/images/products/3/LN_474577_BP_3.jpg,https://www.waitrose.com/ecom/products/nature-valley-crunchy-peanut-butter-bars/474577-566319-566320,Nature Valley Crunchy Peanut Butter Bars,5x42g,£2.65,£1.27/100g,,Food Cupboard
474359,Cooks' Ingredients White Fondant Icing,G,false,3970,https://ecom-su-static-prod.wtrecom.com/images/products/3/LN_474359_BP_3.jpg,https://www.waitrose.com/ecom/products/cooks-ingredients-white-fondant-icing/474359-230777-230778,Cooks' Ingredients White Fondant Icing,1kg,£2.90,£2.90/kg,,Food Cupboard
474276,Talking Tables 16 Silver Candles,G,false,3971,https://ecom-su-static-prod.wtrecom.com/images/products/3/LN_474276_BP_3.jpg,https://www.waitrose.com/ecom/products/talking-tables-16-silver-candles/474276-801108-801109,Talking Tables 16 Silver Candles,Each,£4.00,£4 each,,Food Cupboard
473906,Whole Earth Team GB Protein Crunch,G,false,3972,https://ecom-su-static-prod.wtrecom.com/images/products/3/LN_473906_BP_3.jpg,https://www.waitrose.com/ecom/products/whole-earth-team-gb-protein-crunch/473906-825800-825801,Whole Earth Team GB Protein Crunch,340g,£3.99,£1.18/100g,,Food Cupboard
473527,No1. Fig & Balsamic Chutney,G,false,3973,https://ecom-su-static-prod.wtrecom.com/images/products/3/LN_473527_BP_3.jpg,https://www.waitrose.com/ecom/products/no1-fig-balsamic-chutney/473527-697862-697863,No1. Fig & Balsamic Chutney,120g,£3.00,£2.50/100g,,Food Cupboard
471993,Flavour Hacks Sundried Tomato Paste,G,true,3974,https://ecom-su-static-prod.wtrecom.com/images/products/3/LN_471993_BP_3.jpg,https://www.waitrose.com/ecom/products/flavour-hacks-sundried-tomato-paste/471993-824748-824749,Flavour Hacks Sundried Tomato Paste,130g,£2.35,£1.81/100g,20% Off. Was £2.95,Food Cupboard
471589,Yanni's Finest Early Harvest Olive Oil,G,false,3975,https://ecom-su-static-prod.wtrecom.com/images/products/3/LN_471589_BP_3.jpg,https://www.waitrose.com/ecom/products/yannis-finest-early-harvest-olive-oil/471589-744951-744952,Yanni's Finest Early Harvest Olive Oil,500ml,£13.50,£2.70/100ml,,Food Cupboard
471560,Create a Cake 2lb Loaf Tin Liners,G,false,3976,https://ecom-su-static-prod.wtrecom.com/images/products/3/LN_471560_BP_3.jpg,https://www.waitrose.com/ecom/products/create-a-cake-2lb-loaf-tin-liners/471560-729896-729897,Create a Cake 2lb Loaf Tin Liners,20s,£2.75,13.8p each,,Food Cupboard
471374,Miso Tasty Silken Tofu Miso Soup,G,false,3977,https://ecom-su-static-prod.wtrecom.com/images/products/3/LN_471374_BP_3.jpg,https://www.waitrose.com/ecom/products/miso-tasty-silken-tofu-miso-soup/471374-766805-766806,Miso Tasty Silken Tofu Miso Soup,3x26g,£2.80,£3.59/100g,,Food Cupboard
470747,Mazzetti Black Label Balsamic Vinegar of Modena,G,false,3978,https://ecom-su-static-prod.wtrecom.com/images/products/3/LN_470747_BP_3.jpg,https://www.waitrose.com/ecom/products/mazzetti-black-label-balsamic-vinegar-of-modena/470747-744949-744950,Mazzetti Black Label Balsamic Vinegar of Modena,250ml,£15.75,£6.30/100ml,,Food Cupboard
469010,Cooks' Ingredients Shiitake Mushrooms,G,false,3979,https://ecom-su-static-prod.wtrecom.com/images/products/3/LN_469010_BP_3.jpg,https://www.waitrose.com/ecom/products/cooks-ingredients-shiitake-mushrooms/469010-66101-66102,Cooks' Ingredients Shiitake Mushrooms,25g,£2.50,£10/100g,,Food Cupboard
468658,Keogh's Sea Salt,G,false,3980,https://ecom-su-static-prod.wtrecom.com/images/products/3/LN_468658_BP_3.jpg,https://www.waitrose.com/ecom/products/keoghs-sea-salt/468658-741038-741039,Keogh's Sea Salt,125g,£2.00,£1.60/100g,,Food Cupboard
468187,Gluten Free Galaxy Cookie Multipack,G,false,3981,https://ecom-su-static-prod.wtrecom.com/images/products/3/LN_468187_BP_3.jpg,https://www.waitrose.com/ecom/products/gluten-free-galaxy-cookie-multipack/468187-811935-811936,Gluten Free Galaxy Cookie Multipack,4x30g,£2.95,£2.46/100g,,Food Cupboard
467297,Cooks' Ingredients Pink Gel Colouring,G,false,3982,https://ecom-su-static-prod.wtrecom.com/images/products/3/LN_467297_BP_3.jpg,https://www.waitrose.com/ecom/products/cooks-ingredients-pink-gel-colouring/467297-711600-711601,Cooks' Ingredients Pink Gel Colouring,19g,£1.40,£73.69/kg,,Food Cupboard
466953,Essential Milk Chocolate Digestive Biscuits,G,false,3983,https://ecom-su-static-prod.wtrecom.com/images/products/3/LN_466953_BP_3.jpg,https://www.waitrose.com/ecom/products/essential-milk-chocolate-digestive-biscuits/466953-801332-801333,Essential Milk Chocolate Digestive Biscuits,300g,£1.00,33.3p/100g,,Food Cupboard
466566,Ambrosia Deluxe Custard West Country Cream,G,false,3984,https://ecom-su-static-prod.wtrecom.com/images/products/3/LN_466566_BP_3.jpg,https://www.waitrose.com/ecom/products/ambrosia-deluxe-custard-west-country-cream/466566-824099-824100,Ambrosia Deluxe Custard West Country Cream,400g,£2.20,55p/100g,,Food Cupboard
465595,Heinz Seriously Good Light Mayonnaise,G,true,3985,https://ecom-su-static-prod.wtrecom.com/images/products/3/LN_465595_BP_3.jpg,https://www.waitrose.com/ecom/products/heinz-seriously-good-light-mayonnaise/465595-826734-826735,Heinz Seriously Good Light Mayonnaise,570g,£2.50,43.9p/100g,save 50p. Was £3.00,Food Cupboard
465520,Cooks' Ingredients Mixed Peppercorns,G,false,3986,https://ecom-su-static-prod.wtrecom.com/images/products/3/LN_465520_BP_3.jpg,https://www.waitrose.com/ecom/products/cooks-ingredients-mixed-peppercorns/465520-784834-784835,Cooks' Ingredients Mixed Peppercorns,38g,£2.25,59.2p/10g,,Food Cupboard
464829,Candy Kittens Sour Watermelon Gourmet Sweets,G,false,3987,https://ecom-su-static-prod.wtrecom.com/images/products/3/LN_464829_BP_3.jpg,https://www.waitrose.com/ecom/products/candy-kittens-sour-watermelon-gourmet-sweets/464829-810046-810047,Candy Kittens Sour Watermelon Gourmet Sweets,500g,£9.00,£1.80/100g,,Food Cupboard
464628,Nesquik Choco Waves,G,true,3988,https://ecom-su-static-prod.wtrecom.com/images/products/3/LN_464628_BP_3.jpg,https://www.waitrose.com/ecom/products/nesquik-choco-waves/464628-803286-803287,Nesquik Choco Waves,330g,£2.25,68.2p/100g,save 75p. Was £3.00,Food Cupboard
464405,Ambrosia Deluxe Custard Belgian Chocolate,G,false,3989,https://ecom-su-static-prod.wtrecom.com/images/products/3/LN_464405_BP_3.jpg,https://www.waitrose.com/ecom/products/ambrosia-deluxe-custard-belgian-chocolate/464405-790601-790602,Ambrosia Deluxe Custard Belgian Chocolate,2x120g,£1.60,66.7p/100g,,Food Cupboard
463573,Kinder Chocolate Small Bar Multipack,G,false,3990,https://ecom-su-static-prod.wtrecom.com/images/products/3/LN_463573_BP_3.jpg,https://www.waitrose.com/ecom/products/kinder-chocolate-small-bar-multipack/463573-804830-804831,Kinder Chocolate Small Bar Multipack,8x12.5g,£1.50,£1.50/100g,,Food Cupboard
463045,Peter's Yard Poppy Seed Sourdough Crackers,G,false,3991,https://ecom-su-static-prod.wtrecom.com/images/products/3/LN_463045_BP_3.jpg,https://www.waitrose.com/ecom/products/peters-yard-poppy-seed-sourdough-crackers/463045-791029-791030,Peter's Yard Poppy Seed Sourdough Crackers,100g,£2.65,£2.65/100g,,Food Cupboard
462775,Cooks' Ingredients Shawarma Spice Paste,G,false,3992,https://ecom-su-static-prod.wtrecom.com/images/products/3/LN_462775_BP_3.jpg,https://www.waitrose.com/ecom/products/cooks-ingredients-shawarma-spice-paste/462775-755819-755820,Cooks' Ingredients Shawarma Spice Paste,180g,£2.50,£1.39/100g,,Food Cupboard
461770,Cooks' Ingredients Yellow Gel Colouring,G,false,3993,https://ecom-su-static-prod.wtrecom.com/images/products/3/LN_461770_BP_3.jpg,https://www.waitrose.com/ecom/products/cooks-ingredients-yellow-gel-colouring/461770-711592-711593,Cooks' Ingredients Yellow Gel Colouring,19g,£1.30,£68.43/kg,,Food Cupboard
460959,Waitrose Sauce Flour,G,false,3994,https://ecom-su-static-prod.wtrecom.com/images/products/3/LN_460959_BP_3.jpg,https://www.waitrose.com/ecom/products/waitrose-sauce-flour/460959-260712-260713,Waitrose Sauce Flour,500g,80p,£1.60/kg,,Food Cupboard
460670,Tabasco Sweet & Spicy Hot Chilli Sauce,G,true,3995,https://ecom-su-static-prod.wtrecom.com/images/products/3/LN_460670_BP_3.jpg,https://www.waitrose.com/ecom/products/tabasco-sweet-spicy-hot-chilli-sauce/460670-804414-804415,Tabasco Sweet & Spicy Hot Chilli Sauce,256ml,£2.45,95.7p/100ml,25% Off. Was £3.30,Food Cupboard
460168,Willie's Cacao Venezuelan Black,G,false,3996,https://ecom-su-static-prod.wtrecom.com/images/products/3/LN_460168_BP_3.jpg,https://www.waitrose.com/ecom/products/willies-cacao-venezuelan-black/460168-64863-64864,Willie's Cacao Venezuelan Black,180g,£8.75,£4.87/100g,,Food Cupboard
460094,Nature's Heart Sour Cream & Chive Crunch,G,false,3997,https://ecom-su-static-prod.wtrecom.com/images/products/3/LN_460094_BP_3.jpg,https://www.waitrose.com/ecom/products/natures-heart-sour-cream-chive-crunch/460094-804076-804077,Nature's Heart Sour Cream & Chive Crunch,50g,£1.20,£2.40/100g,,Food Cupboard
459241,Proper Chips Lentil Chips Sea Salt,G,true,3998,https://ecom-su-static-prod.wtrecom.com/images/products/3/LN_459241_BP_3.jpg,https://www.waitrose.com/ecom/products/proper-chips-lentil-chips-sea-salt/459241-719405-719406,Proper Chips Lentil Chips Sea Salt,20g,£1.10,£5.50/100g,"£5 Food to Go Meal Deal: Add 1 Main, 1 Snack and 1 Drink",Food Cupboard
458583,KP Snack Packs Dry Roasted Peanuts,G,false,3999,https://ecom-su-static-prod.wtrecom.com/images/products/3/LN_458583_BP_3.jpg,https://www.waitrose.com/ecom/products/kp-snack-packs-dry-roasted-peanuts/458583-778932-778933,KP Snack Packs Dry Roasted Peanuts,5x30g,£3.40,£2.27/100g,,Food Cupboard
458365,Peppadew Sweet Yellow Piquante Peppers Mild Whole,G,false,4000,https://ecom-su-static-prod.wtrecom.com/images/products/3/LN_458365_BP_3.jpg,https://www.waitrose.com/ecom/products/peppadew-sweet-yellow-piquante-peppers-mild-whole/458365-805749-805750,Peppadew Sweet Yellow Piquante Peppers Mild Whole,400g,£3.40,£24.29/kg,,Food Cupboard
458008,Hellmann's Squeezy Ketchup,G,false,4001,https://ecom-su-static-prod.wtrecom.com/images/products/3/LN_458008_BP_3.jpg,https://www.waitrose.com/ecom/products/hellmanns-squeezy-ketchup/458008-826518-826519,Hellmann's Squeezy Ketchup,430ml,£2.50,58.1p/100ml,,Food Cupboard
456808,Ferrero Collection 15s,G,false,4002,https://ecom-su-static-prod.wtrecom.com/images/products/3/LN_456808_BP_3.jpg,https://www.waitrose.com/ecom/products/ferrero-collection-15s/456808-816196-816196,Ferrero Collection 15s,175g,£7.00,£4/100g,,Food Cupboard
456674,McVitie's Jaffa Cakes Jaffa Jonuts Biscuits,G,false,4003,https://ecom-su-static-prod.wtrecom.com/images/products/3/LN_456674_BP_3.jpg,https://www.waitrose.com/ecom/products/mcvities-jaffa-cakes-jaffa-jonuts-biscuits/456674-777308-777309,McVitie's Jaffa Cakes Jaffa Jonuts Biscuits,4s,£2.10,52.5p each,,Food Cupboard
456648,Wrights Toffee Cake Mix,G,false,4004,https://ecom-su-static-prod.wtrecom.com/images/products/3/LN_456648_BP_3.jpg,https://www.waitrose.com/ecom/products/wrights-toffee-cake-mix/456648-816964-816965,Wrights Toffee Cake Mix,500g,£2.75,£5.50/kg,,Food Cupboard
456425,Fibre One Snack Bars Cookies & Cream Squares,G,false,4005,https://ecom-su-static-prod.wtrecom.com/images/products/3/LN_456425_BP_3.jpg,https://www.waitrose.com/ecom/products/fibre-one-snack-bars-cookies-cream-squares/456425-808033-808034,Fibre One Snack Bars Cookies & Cream Squares,5x24g,£3.00,£2.50/100g,,Food Cupboard
455722,Sharwood's Madras Cooking Sauce,G,false,4006,https://ecom-su-static-prod.wtrecom.com/images/products/3/LN_455722_BP_3.jpg,https://www.waitrose.com/ecom/products/sharwoods-madras-cooking-sauce/455722-702521-702522,Sharwood's Madras Cooking Sauce,420g,£2.50,59.5p/100g,,Food Cupboard
455134,Cadbury Brownie Mix,G,false,4007,https://ecom-su-static-prod.wtrecom.com/images/products/3/LN_455134_BP_3.jpg,https://www.waitrose.com/ecom/products/cadbury-brownie-mix/455134-711590-711591,Cadbury Brownie Mix,350g,£3.15,90p/100g,,Food Cupboard
453744,Forest Feast Dark Chocolate Mango,G,false,4008,https://ecom-su-static-prod.wtrecom.com/images/products/3/LN_453744_BP_3.jpg,https://www.waitrose.com/ecom/products/forest-feast-dark-chocolate-mango/453744-759004-759005,Forest Feast Dark Chocolate Mango,100g,£3.85,£3.85/100g,,Food Cupboard
453574,La Espanola Extra Virgin Olive Oil flavoured with White Truffle,G,false,4009,https://ecom-su-static-prod.wtrecom.com/images/products/3/LN_453574_BP_3.jpg,https://www.waitrose.com/ecom/products/la-espanola-extra-virgin-olive-oil-flavoured-with-white-truffle/453574-662498-662499,La Espanola Extra Virgin Olive Oil flavoured with White Truffle,250ml,£5.50,£2.20/100ml,,Food Cupboard
453316,Love Raw Vegan Peanut Butter Cups,G,false,4010,https://ecom-su-static-prod.wtrecom.com/images/products/3/LN_453316_BP_3.jpg,https://www.waitrose.com/ecom/products/love-raw-vegan-peanut-butter-cups/453316-798700-798701,Love Raw Vegan Peanut Butter Cups,34g,£1.80,£5.30/100g,,Food Cupboard
452261,Soul Tadka Dal,G,true,4011,https://ecom-su-static-prod.wtrecom.com/images/products/3/LN_452261_BP_3.jpg,https://www.waitrose.com/ecom/products/soul-tadka-dal/452261-408506-408507,Soul Tadka Dal,300g,£2.10,£7/kg,20% Off. Was £2.65,Food Cupboard
451619,Nice Rice Our Chipotle Recipe,G,false,4012,https://ecom-su-static-prod.wtrecom.com/images/products/3/LN_451619_BP_3.jpg,https://www.waitrose.com/ecom/products/nice-rice-our-chipotle-recipe/451619-805747-805748,Nice Rice Our Chipotle Recipe,250g,£2.15,£8.60/kg,,Food Cupboard
450748,John West Tuna Chunks in Brine,G,false,4013,https://ecom-su-static-prod.wtrecom.com/images/products/3/LN_450748_BP_3.jpg,https://www.waitrose.com/ecom/products/john-west-tuna-chunks-in-brine/450748-579784-579785,John West Tuna Chunks in Brine,drained 102g,£2.00,£1.97/100g,,Food Cupboard
447946,Betty Crocker Rich Coffee Cake Mix,G,false,4014,https://ecom-su-static-prod.wtrecom.com/images/products/3/LN_447946_BP_3.jpg,https://www.waitrose.com/ecom/products/betty-crocker-rich-coffee-cake-mix/447946-816962-816963,Betty Crocker Rich Coffee Cake Mix,425g,£3.15,,,Food Cupboard
447086,Walkers Baked Crisps Sea Salt Snacks,G,true,4015,https://ecom-su-static-prod.wtrecom.com/images/products/3/LN_447086_BP_3.jpg,https://www.waitrose.com/ecom/products/walkers-baked-crisps-sea-salt-snacks/447086-688275-688276,Walkers Baked Crisps Sea Salt Snacks,37.5g,£1.00,£2.67/100g,"£5 Food to Go Meal Deal: Add 1 Main, 1 Snack and 1 Drink",Food Cupboard
447080,Cooks' Ingredients Gunpowder Spice,G,false,4016,https://ecom-su-static-prod.wtrecom.com/images/products/3/LN_447080_BP_3.jpg,https://www.waitrose.com/ecom/products/cooks-ingredients-gunpowder-spice/447080-784714-784715,Cooks' Ingredients Gunpowder Spice,60g,£1.50,25p/10g,,Food Cupboard
444533,Doritos Extra Flamin' Hot,G,false,4017,https://ecom-su-static-prod.wtrecom.com/images/products/3/LN_444533_BP_3.jpg,https://www.waitrose.com/ecom/products/doritos-extra-flamin-hot/444533-823535-823536,Doritos Extra Flamin' Hot,163g,£1.75,£1.08/100g,,Food Cupboard
443883,Ocean Spray Greek Style Yogurt Cranberries,G,false,4018,https://ecom-su-static-prod.wtrecom.com/images/products/3/LN_443883_BP_3.jpg,https://www.waitrose.com/ecom/products/ocean-spray-greek-style-yogurt-cranberries/443883-757891-757892,Ocean Spray Greek Style Yogurt Cranberries,100g,£2.50,£2.50/100g,,Food Cupboard
443876,Cooks' Ingredients Ground Mace,G,false,4019,https://ecom-su-static-prod.wtrecom.com/images/products/3/LN_443876_BP_3.jpg,https://www.waitrose.com/ecom/products/cooks-ingredients-ground-mace/443876-784814-784815,Cooks' Ingredients Ground Mace,42g,£1.70,40.5p/10g,,Food Cupboard
443651,Steens Manuka Honey Blend,G,false,4020,https://ecom-su-static-prod.wtrecom.com/images/products/3/LN_443651_BP_3.jpg,https://www.waitrose.com/ecom/products/steens-manuka-honey-blend/443651-704721-704722,Steens Manuka Honey Blend,340g,£10.00,£2.95/100g,,Food Cupboard
442854,Butlers The Chocolate Box,G,true,4021,https://ecom-su-static-prod.wtrecom.com/images/products/3/LN_442854_BP_3.jpg,https://www.waitrose.com/ecom/products/butlers-the-chocolate-box/442854-744485-744486,Butlers The Chocolate Box,320g,£9.60,£3/100g,20% Off. Was £12.00,Food Cupboard
442726,Cooks' Ingredients Baharat Seasoning,G,false,4022,https://ecom-su-static-prod.wtrecom.com/images/products/3/LN_442726_BP_3.jpg,https://www.waitrose.com/ecom/products/cooks-ingredients-baharat-seasoning/442726-807554-807555,Cooks' Ingredients Baharat Seasoning,42g,£1.70,40.5p/10g,,Food Cupboard
442327,Grenade Chocolate Chip Salted Caramel,G,false,4023,https://ecom-su-static-prod.wtrecom.com/images/products/3/LN_442327_BP_3.jpg,https://www.waitrose.com/ecom/products/grenade-chocolate-chip-salted-caramel/442327-824087-824088,Grenade Chocolate Chip Salted Caramel,3x35g,£5.00,£4.77/100g,,Food Cupboard
442120,McCoy's Cheddar & Onion,G,true,4024,https://ecom-su-static-prod.wtrecom.com/images/products/3/LN_442120_BP_3.jpg,https://www.waitrose.com/ecom/products/mccoys-cheddar-onion/442120-730630-730631,McCoy's Cheddar & Onion,45g,£1.15,£2.56/100g,"£5 Food to Go Meal Deal: Add 1 Main, 1 Snack and 1 Drink",Food Cupboard
441862,Cooks' Ingredients Gram Flour,G,true,4025,https://ecom-su-static-prod.wtrecom.com/images/products/3/LN_441862_BP_3.jpg,https://www.waitrose.com/ecom/products/cooks-ingredients-gram-flour/441862-672267-672268,Cooks' Ingredients Gram Flour,250g,£1.40,56p/100g,Reduced to Clear. Was £1.80,Food Cupboard
441299,Betty Crocker Rainbow Cookie Mix,G,false,4026,https://ecom-su-static-prod.wtrecom.com/images/products/3/LN_441299_BP_3.jpg,https://www.waitrose.com/ecom/products/betty-crocker-rainbow-cookie-mix/441299-827114-827115,Betty Crocker Rainbow Cookie Mix,495g,£3.15,£6.37/kg,,Food Cupboard
440988,Kellogg's Choco Wheats Chocolate Breakfast Cereal,G,false,4027,https://ecom-su-static-prod.wtrecom.com/images/products/3/LN_440988_BP_3.jpg,https://www.waitrose.com/ecom/products/kelloggs-choco-wheats-chocolate-breakfast-cereal/440988-793375-793376,Kellogg's Choco Wheats Chocolate Breakfast Cereal,480g,£2.00,41.7p/100g,,Food Cupboard
440292,Walkers Max Extra Flamin' Hot,G,false,4028,https://ecom-su-static-prod.wtrecom.com/images/products/3/LN_440292_BP_3.jpg,https://www.waitrose.com/ecom/products/walkers-max-extra-flamin-hot/440292-823531-823532,Walkers Max Extra Flamin' Hot,130g,£1.75,£1.35/100g,,Food Cupboard
440280,Sacla' Reduced Fat Basil Pesto,G,true,4029,https://ecom-su-static-prod.wtrecom.com/images/products/3/LN_440280_BP_3.jpg,https://www.waitrose.com/ecom/products/sacla-reduced-fat-basil-pesto/440280-600506-600507,Sacla' Reduced Fat Basil Pesto,190g,£2.50,£1.32/100g,save £1.00. Was £3.50,Food Cupboard
440272,TREK Gluten Free White Choc & Raspberry Protein Flapjack,G,true,4030,https://ecom-su-static-prod.wtrecom.com/images/products/3/LN_440272_BP_3.jpg,https://www.waitrose.com/ecom/products/trek-gluten-free-white-choc-raspberry-protein-flapjack/440272-744897-744898,TREK Gluten Free White Choc & Raspberry Protein Flapjack,50g,£1.00,£2/100g,save 20p. Was £1.20,Food Cupboard
439488,Cooks' Ingredients Porcini Mushroom Paste,G,false,4031,https://ecom-su-static-prod.wtrecom.com/images/products/3/LN_439488_BP_3.jpg,https://www.waitrose.com/ecom/products/cooks-ingredients-porcini-mushroom-paste/439488-312259-312260,Cooks' Ingredients Porcini Mushroom Paste,90g,£2.50,£2.78/100g,,Food Cupboard
439215,Grenade Oreo Milk,G,false,4032,https://ecom-su-static-prod.wtrecom.com/images/products/3/LN_439215_BP_3.jpg,https://www.waitrose.com/ecom/products/grenade-oreo-milk/439215-824081-824082,Grenade Oreo Milk,3x35g,£5.00,£4.77/100g,,Food Cupboard
438254,TREK Gluten Free Cocoa Oat Protein Flapjack,G,true,4033,https://ecom-su-static-prod.wtrecom.com/images/products/3/LN_438254_BP_3.jpg,https://www.waitrose.com/ecom/products/trek-gluten-free-cocoa-oat-protein-flapjack/438254-367574-367575,TREK Gluten Free Cocoa Oat Protein Flapjack,50g,£1.00,£2/100g,save 20p. Was £1.20,Food Cupboard
437771,OGGS Aquafaba Egg Substitute,G,false,4034,https://ecom-su-static-prod.wtrecom.com/images/products/3/LN_437771_BP_3.jpg,https://www.waitrose.com/ecom/products/oggs-aquafaba-egg-substitute/437771-729858-729859,OGGS Aquafaba Egg Substitute,200ml,£2.10,£1.05/100ml,,Food Cupboard
436911,Hillfarm Garlic Mayonnaise,G,false,4035,https://ecom-su-static-prod.wtrecom.com/images/products/3/LN_436911_BP_3.jpg,https://www.waitrose.com/ecom/products/hillfarm-garlic-mayonnaise/436911-132346-132347,Hillfarm Garlic Mayonnaise,310g,£3.25,£1.05/100g,,Food Cupboard
436621,Tilda Giant Wild Rice,G,false,4036,https://ecom-su-static-prod.wtrecom.com/images/products/3/LN_436621_BP_3.jpg,https://www.waitrose.com/ecom/products/tilda-giant-wild-rice/436621-260688-260689,Tilda Giant Wild Rice,250g,£5.25,£21/kg,,Food Cupboard
436591,Kikkoman Ponzu Lemon,G,true,4037,https://ecom-su-static-prod.wtrecom.com/images/products/3/LN_436591_BP_3.jpg,https://www.waitrose.com/ecom/products/kikkoman-ponzu-lemon/436591-807552-807553,Kikkoman Ponzu Lemon,150ml,£1.00,66.7p/100ml,Reduced to Clear. Was £2.00,Food Cupboard
436211,Cooks' Ingredients Wayanad Peppercorns,G,false,4038,https://ecom-su-static-prod.wtrecom.com/images/products/3/LN_436211_BP_3.jpg,https://www.waitrose.com/ecom/products/cooks-ingredients-wayanad-peppercorns/436211-784802-784803,Cooks' Ingredients Wayanad Peppercorns,42g,£1.60,38.1p/10g,,Food Cupboard
435714,ManiLife Organic Crunchy Peanut Butter,G,false,4039,https://ecom-su-static-prod.wtrecom.com/images/products/3/LN_435714_BP_3.jpg,https://www.waitrose.com/ecom/products/manilife-organic-crunchy-peanut-butter/435714-813328-813329,ManiLife Organic Crunchy Peanut Butter,275g,£4.49,£1.64/100g,,Food Cupboard
435568,Eat Natural Gluten Free Granola Buckwheat & Honey,G,false,4040,https://ecom-su-static-prod.wtrecom.com/images/products/3/LN_435568_BP_3.jpg,https://www.waitrose.com/ecom/products/eat-natural-gluten-free-granola-buckwheat-honey/435568-450340-450341,Eat Natural Gluten Free Granola Buckwheat & Honey,425g,£3.75,88.2p/100g,,Food Cupboard
434148,Just Spices Apple Cinnamon Porridge Spice,G,false,4041,https://ecom-su-static-prod.wtrecom.com/images/products/3/LN_434148_BP_3.jpg,https://www.waitrose.com/ecom/products/just-spices-apple-cinnamon-porridge-spice/434148-810366-810367,Just Spices Apple Cinnamon Porridge Spice,50g,£4.00,80p/10g,,Food Cupboard
434031,Cooks' Ingredients Shakshuka Sauce,G,true,4042,https://ecom-su-static-prod.wtrecom.com/images/products/3/LN_434031_BP_3.jpg,https://www.waitrose.com/ecom/products/cooks-ingredients-shakshuka-sauce/434031-766763-766764,Cooks' Ingredients Shakshuka Sauce,400g,£2.60,65p/100g,Reduced to Clear. Was £3.25,Food Cupboard
433940,Bluey Ooh Fancy Cupcake Kit,G,false,4043,https://ecom-su-static-prod.wtrecom.com/images/products/3/LN_433940_BP_3.jpg,https://www.waitrose.com/ecom/products/bluey-ooh-fancy-cupcake-kit/433940-816958-816959,Bluey Ooh Fancy Cupcake Kit,171g,£2.40,£14.04/kg,,Food Cupboard
433253,Dr. Oetker Liquid Glucose,G,false,4044,https://ecom-su-static-prod.wtrecom.com/images/products/3/LN_433253_BP_3.jpg,https://www.waitrose.com/ecom/products/dr-oetker-liquid-glucose/433253-60939-60940,Dr. Oetker Liquid Glucose,140g,£2.15,£1.54/100g,,Food Cupboard
432023,Nando's Peri-Peri Medium,G,false,4045,https://ecom-su-static-prod.wtrecom.com/images/products/3/LN_432023_BP_3.jpg,https://www.waitrose.com/ecom/products/nandos-peri-peri-medium/432023-726973-726974,Nando's Peri-Peri Medium,500g,£4.10,82p/100g,,Food Cupboard
431961,Popchips Barbeque,G,true,4046,https://ecom-su-static-prod.wtrecom.com/images/products/3/LN_431961_BP_3.jpg,https://www.waitrose.com/ecom/products/popchips-barbeque/431961-168498-168499,Popchips Barbeque,23g,£1.10,£4.79/100g,"£5 Food to Go Meal Deal: Add 1 Main, 1 Snack and 1 Drink",Food Cupboard
430447,Dr. Oetker Chocolatey Mix,G,false,4047,https://ecom-su-static-prod.wtrecom.com/images/products/3/LN_430447_BP_3.jpg,https://www.waitrose.com/ecom/products/dr-oetker-chocolatey-mix/430447-729884-729885,Dr. Oetker Chocolatey Mix,93g,£2.40,£2.59/100g,,Food Cupboard
429424,nakd. Protein Peanut Butter Bar,G,false,4048,https://ecom-su-static-prod.wtrecom.com/images/products/3/LN_429424_BP_3.jpg,https://www.waitrose.com/ecom/products/nakd-protein-peanut-butter-bar/429424-812405-812406,nakd. Protein Peanut Butter Bar,45g,£1.40,£3.12/100g,,Food Cupboard
429145,Fox's Indulgent Hazelnut Cream,G,false,4049,https://ecom-su-static-prod.wtrecom.com/images/products/3/LN_429145_BP_3.jpg,https://www.waitrose.com/ecom/products/foxs-indulgent-hazelnut-cream/429145-823026-823027,Fox's Indulgent Hazelnut Cream,130g,£1.75,£1.35/100g,,Food Cupboard
428660,Duchy Organic Cranberry Sauce,G,false,4050,https://ecom-su-static-prod.wtrecom.com/images/products/3/LN_428660_BP_3.jpg,https://www.waitrose.com/ecom/products/duchy-organic-cranberry-sauce/428660-60313-60314,Duchy Organic Cranberry Sauce,200g,£3.00,£1.50/100g,,Food Cupboard
426926,Yo! Sweet & Sticky Teriyaki Sauce,G,false,4051,https://ecom-su-static-prod.wtrecom.com/images/products/3/LN_426926_BP_3.jpg,https://www.waitrose.com/ecom/products/yo-sweet-sticky-teriyaki-sauce/426926-702459-702460,Yo! Sweet & Sticky Teriyaki Sauce,100g,£1.25,£1.25/100g,,Food Cupboard
426550,Yogiyo Hot Chilli Stir Fry Sauce,G,true,4052,https://ecom-su-static-prod.wtrecom.com/images/products/3/LN_426550_BP_3.jpg,https://www.waitrose.com/ecom/products/yogiyo-hot-chilli-stir-fry-sauce/426550-807550-807551,Yogiyo Hot Chilli Stir Fry Sauce,100g,65p,65p/100g,Reduced to Clear. Was 85p,Food Cupboard
425951,Mentos Mint,G,false,4053,https://ecom-su-static-prod.wtrecom.com/images/products/3/LN_425951_BP_3.jpg,https://www.waitrose.com/ecom/products/mentos-mint/425951-367550-367551,Mentos Mint,38g,£1.00,£2.64/100g,,Food Cupboard
424830,Kenko Mayonnaise,G,false,4054,https://ecom-su-static-prod.wtrecom.com/images/products/3/LN_424830_BP_3.jpg,https://www.waitrose.com/ecom/products/kenko-mayonnaise/424830-807548-807549,Kenko Mayonnaise,500g,£4.50,90p/100g,,Food Cupboard
423584,Waitrose Almonds,G,false,4055,https://ecom-su-static-prod.wtrecom.com/images/products/3/LN_423584_BP_3.jpg,https://www.waitrose.com/ecom/products/waitrose-almonds/423584-818261-818262,Waitrose Almonds,50g,£1.00,£2/100g,,Food Cupboard
422308,Gran Luchito Ancho Fajita/Taco Mix,G,true,4056,https://ecom-su-static-prod.wtrecom.com/images/products/3/LN_422308_BP_3.jpg,https://www.waitrose.com/ecom/products/gran-luchito-ancho-fajita-taco-mix/422308-813610-813611,Gran Luchito Ancho Fajita/Taco Mix,52g,£2.35,£4.52/100g,20% Off. Was £2.95,Food Cupboard
420584,Urban Fruit Banana,G,true,4057,https://ecom-su-static-prod.wtrecom.com/images/products/3/LN_420584_BP_3.jpg,https://www.waitrose.com/ecom/products/urban-fruit-banana/420584-807859-807860,Urban Fruit Banana,110g,£2.75,£2.50/100g,Add 2 for £4.20,Food Cupboard
420041,Itsu Crispy Seaweed Thins Sriracha,G,true,4058,https://ecom-su-static-prod.wtrecom.com/images/products/3/LN_420041_BP_3.jpg,https://www.waitrose.com/ecom/products/itsu-crispy-seaweed-thins-sriracha/420041-760829-760830,Itsu Crispy Seaweed Thins Sriracha,5g,£1.00,£20/100g,"£5 Food to Go Meal Deal: Add 1 Main, 1 Snack and 1 Drink",Food Cupboard
419955,Olly's Pretzels Thins Oh So Cheesy,G,true,4059,https://ecom-su-static-prod.wtrecom.com/images/products/3/LN_419955_BP_3.jpg,https://www.waitrose.com/ecom/products/ollys-pretzels-thins-oh-so-cheesy/419955-778918-778919,Olly's Pretzels Thins Oh So Cheesy,140g,£1.50,£1.08/100g,save 70p. Was £2.20,Food Cupboard
419544,Lily O'Brien's Milk Chocolate Orange,G,true,4060,https://ecom-su-static-prod.wtrecom.com/images/products/3/LN_419544_BP_3.jpg,https://www.waitrose.com/ecom/products/lily-obriens-milk-chocolate-orange/419544-804812-804813,Lily O'Brien's Milk Chocolate Orange,100g,£1.65,£1.65/100g,Save 1/3. Was £2.50,Food Cupboard
418710,Wibble Orange Jelly Crystals,G,true,4061,https://ecom-su-static-prod.wtrecom.com/images/products/3/LN_418710_BP_3.jpg,https://www.waitrose.com/ecom/products/wibble-orange-jelly-crystals/418710-810653-810654,Wibble Orange Jelly Crystals,57g,80p,£1.41/100g,25% Off. Was £1.10,Food Cupboard
417449,Lusso Vita Anchovy Fillets with Garlic,G,false,4062,https://ecom-su-static-prod.wtrecom.com/images/products/3/LN_417449_BP_3.jpg,https://www.waitrose.com/ecom/products/lusso-vita-anchovy-fillets-with-garlic/417449-287888-287889,Lusso Vita Anchovy Fillets with Garlic,drained 52g,£2.95,£5.68/100g,,Food Cupboard
417417,Ines Rosales Sesamo & Sea Salt Tortas,G,false,4063,https://ecom-su-static-prod.wtrecom.com/images/products/3/LN_417417_BP_3.jpg,https://www.waitrose.com/ecom/products/ines-rosales-sesamo-sea-salt-tortas/417417-824073-824074,Ines Rosales Sesamo & Sea Salt Tortas,180g,£3.50,£1.95/100g,,Food Cupboard
416913,Kind Peanut Butter Dark Chocolate,G,true,4064,https://ecom-su-static-prod.wtrecom.com/images/products/3/LN_416913_BP_3.jpg,https://www.waitrose.com/ecom/products/kind-peanut-butter-dark-chocolate/416913-497614-497615,Kind Peanut Butter Dark Chocolate,40g,£1.45,£3.63/100g,"£5 Food to Go Meal Deal: Add 1 Main, 1 Snack and 1 Drink",Food Cupboard
415816,PhD Smart Bar Dark Choc Raspberry,G,true,4065,https://ecom-su-static-prod.wtrecom.com/images/products/3/LN_415816_BP_3.jpg,https://www.waitrose.com/ecom/products/phd-smart-bar-dark-choc-raspberry/415816-762756-762757,PhD Smart Bar Dark Choc Raspberry,64g,£1.85,£2.90/100g,save 90p. Was £2.75,Food Cupboard
415484,Bart Ground Cinnamon,G,false,4066,https://ecom-su-static-prod.wtrecom.com/images/products/3/LN_415484_BP_3.jpg,https://www.waitrose.com/ecom/products/bart-ground-cinnamon/415484-810362-810363,Bart Ground Cinnamon,39g,£2.25,57.7p/10g,,Food Cupboard
414816,Plants By Deliciously Ella Creamy Artichoke Pasta Sauce,G,true,4067,https://ecom-su-static-prod.wtrecom.com/images/products/3/LN_414816_BP_3.jpg,https://www.waitrose.com/ecom/products/plants-by-deliciously-ella-creamy-artichoke-pasta-sauce/414816-802519-802520,Plants By Deliciously Ella Creamy Artichoke Pasta Sauce,180g,£2.40,£1.34/100g,20% Off. Was £3.00,Food Cupboard
414665,Cooks' Ingredients Bronze Crunch,G,false,4068,https://ecom-su-static-prod.wtrecom.com/images/products/3/LN_414665_BP_3.jpg,https://www.waitrose.com/ecom/products/cooks-ingredients-bronze-crunch/414665-752609-752610,Cooks' Ingredients Bronze Crunch,80g,£1.30,£16.25/kg,,Food Cupboard
414473,San Nicasio Smoked Paprika,G,false,4069,https://ecom-su-static-prod.wtrecom.com/images/products/3/LN_414473_BP_3.jpg,https://www.waitrose.com/ecom/products/san-nicasio-smoked-paprika/414473-678751-678752,San Nicasio Smoked Paprika,150g,£3.25,£2.17/100g,,Food Cupboard
414433,Tony's Chocolonely Tiny Mix of Choc Flavours,G,false,4070,https://ecom-su-static-prod.wtrecom.com/images/products/3/LN_414433_BP_3.jpg,https://www.waitrose.com/ecom/products/tonys-chocolonely-tiny-mix-of-choc-flavours/414433-777254-777255,Tony's Chocolonely Tiny Mix of Choc Flavours,180g,£6.00,£3.34/100g,,Food Cupboard
412801,McVitie's Blissfuls Chocolate & Caramel,G,true,4071,https://ecom-su-static-prod.wtrecom.com/images/products/3/LN_412801_BP_3.jpg,https://www.waitrose.com/ecom/products/mcvities-blissfuls-chocolate-caramel/412801-777298-777299,McVitie's Blissfuls Chocolate & Caramel,172g,£2.00,£1.17/100g,save 75p. Was £2.75,Food Cupboard
412520,Cooks' Ingredients Micro Marsh Mallows,G,false,4072,https://ecom-su-static-prod.wtrecom.com/images/products/3/LN_412520_BP_3.jpg,https://www.waitrose.com/ecom/products/cooks-ingredients-micro-marsh-mallows/412520-752607-752608,Cooks' Ingredients Micro Marsh Mallows,16g,£1.30,£8.13/100g,,Food Cupboard
412357,Quaker Protein Sachets - Original,G,true,4073,https://ecom-su-static-prod.wtrecom.com/images/products/3/LN_412357_BP_3.jpg,https://www.waitrose.com/ecom/products/quaker-protein-sachets-original/412357-823324-823325,Quaker Protein Sachets - Original,8x37.7g,£3.50,£1.17/100g,Add 2 for £4.50,Food Cupboard
411254,Belazu Rose Harissa Pesto,G,false,4074,https://ecom-su-static-prod.wtrecom.com/images/products/3/LN_411254_BP_3.jpg,https://www.waitrose.com/ecom/products/belazu-rose-harissa-pesto/411254-703925-703926,Belazu Rose Harissa Pesto,165g,£3.35,£2.04/100g,,Food Cupboard
410912,Maidea Gluten Free Tagliatelle Pasta,G,false,4075,https://ecom-su-static-prod.wtrecom.com/images/products/3/LN_410912_BP_3.jpg,https://www.waitrose.com/ecom/products/maidea-gluten-free-tagliatelle-pasta/410912-760803-760804,Maidea Gluten Free Tagliatelle Pasta,250g,£3.60,£1.44/100g,,Food Cupboard
409989,Cooks' Ingredients Mediterranean Crust,G,false,4076,https://ecom-su-static-prod.wtrecom.com/images/products/3/LN_409989_BP_3.jpg,https://www.waitrose.com/ecom/products/cooks-ingredients-mediterranean-crust/409989-784780-784781,Cooks' Ingredients Mediterranean Crust,110g,£2.40,£2.19/100g,,Food Cupboard
409307,Dr. Oetker Rainbow Decorating Icing,G,false,4077,https://ecom-su-static-prod.wtrecom.com/images/products/3/LN_409307_BP_3.jpg,https://www.waitrose.com/ecom/products/dr-oetker-rainbow-decorating-icing/409307-752847-752848,Dr. Oetker Rainbow Decorating Icing,6x19g,£3.00,£2.64/100g,,Food Cupboard
408456,Hellmann's Squeezy Light Mayonnaise,G,false,4078,https://ecom-su-static-prod.wtrecom.com/images/products/3/LN_408456_BP_3.jpg,https://www.waitrose.com/ecom/products/hellmanns-squeezy-light-mayonnaise/408456-342948-342949,Hellmann's Squeezy Light Mayonnaise,250ml,£2.15,86p/100ml,,Food Cupboard
407426,Happy Birthday 9 Candle,G,false,4079,https://ecom-su-static-prod.wtrecom.com/images/products/3/LN_407426_BP_3.jpg,https://www.waitrose.com/ecom/products/happy-birthday-9-candle/407426-771411-771412,Happy Birthday 9 Candle,each,£2.50,£2.50 each,,Food Cupboard
405817,Cadbury Dairy Milk Salted Caramel,G,true,4080,https://ecom-su-static-prod.wtrecom.com/images/products/3/LN_405817_BP_3.jpg,https://www.waitrose.com/ecom/products/cadbury-dairy-milk-salted-caramel/405817-810038-810039,Cadbury Dairy Milk Salted Caramel,120g,£1.50,£1.25/100g,save 25p. Was £1.75,Food Cupboard
405514,McVitie's Milk Chocolate Digestive Biscuits The Caramel One,G,false,4081,https://ecom-su-static-prod.wtrecom.com/images/products/3/LN_405514_BP_3.jpg,https://www.waitrose.com/ecom/products/mcvities-milk-chocolate-digestive-biscuits-the-caramel-one/405514-791007-791008,McVitie's Milk Chocolate Digestive Biscuits The Caramel One,250g,£2.10,84p/100g,,Food Cupboard
405413,Monty Bojangles Pretzel Parade Truffles,G,false,4082,https://ecom-su-static-prod.wtrecom.com/images/products/3/LN_405413_BP_3.jpg,https://www.waitrose.com/ecom/products/monty-bojangles-pretzel-parade-truffles/405413-784464-784465,Monty Bojangles Pretzel Parade Truffles,135g,£3.95,£2.93/100g,,Food Cupboard
404347,Duchy Organic Seeded Oaten Biscuits,G,false,4083,https://ecom-su-static-prod.wtrecom.com/images/products/3/LN_404347_BP_3.jpg,https://www.waitrose.com/ecom/products/duchy-organic-seeded-oaten-biscuits/404347-753379-753380,Duchy Organic Seeded Oaten Biscuits,150g,£2.25,£1.50/100g,,Food Cupboard
404012,Wrights Ginger Cake Mix,G,false,4084,https://ecom-su-static-prod.wtrecom.com/images/products/3/LN_404012_BP_3.jpg,https://www.waitrose.com/ecom/products/wrights-ginger-cake-mix/404012-816954-816955,Wrights Ginger Cake Mix,500g,£2.75,£5.50/kg,,Food Cupboard
403928,TREK Gluten Free Salted Caramel Protein Flapjack,G,true,4085,https://ecom-su-static-prod.wtrecom.com/images/products/3/LN_403928_BP_3.jpg,https://www.waitrose.com/ecom/products/trek-gluten-free-salted-caramel-protein-flapjack/403928-721789-721790,TREK Gluten Free Salted Caramel Protein Flapjack,50g,£1.00,£2/100g,save 20p. Was £1.20,Food Cupboard
403915,Flahavan's Quick Oats Original,G,false,4086,https://ecom-su-static-prod.wtrecom.com/images/products/3/LN_403915_BP_3.jpg,https://www.waitrose.com/ecom/products/flahavans-quick-oats-original/403915-759622-759623,Flahavan's Quick Oats Original,10x35g,£2.75,78.6p/100g,,Food Cupboard
403712,Fearne & Rosie Reduced Sugar Strawberry Jam 310g,G,true,4087,https://ecom-su-static-prod.wtrecom.com/images/products/3/LN_403712_BP_3.jpg,https://www.waitrose.com/ecom/products/fearne-rosie-reduced-sugar-strawberry-jam-310g/403712-785930-785931,Fearne & Rosie Reduced Sugar Strawberry Jam 310g,310g,£2.55,82.3p/100g,20% Off. Was £3.20,Food Cupboard
402957,Lee Kum Kee Sesame Wok Oil,G,true,4088,https://ecom-su-static-prod.wtrecom.com/images/products/3/LN_402957_BP_3.jpg,https://www.waitrose.com/ecom/products/lee-kum-kee-sesame-wok-oil/402957-753355-753356,Lee Kum Kee Sesame Wok Oil,207ml,£2.20,£1.07/100ml,Reduced to Clear. Was £2.75,Food Cupboard
402338,Happy Birthday 7 Candle,G,false,4089,https://ecom-su-static-prod.wtrecom.com/images/products/3/LN_402338_BP_3.jpg,https://www.waitrose.com/ecom/products/happy-birthday-7-candle/402338-771403-771404,Happy Birthday 7 Candle,each,£2.50,£2.50 each,,Food Cupboard
402100,Barenaked Rice,G,false,4090,https://ecom-su-static-prod.wtrecom.com/images/products/3/LN_402100_BP_3.jpg,https://www.waitrose.com/ecom/products/barenaked-rice/402100-697852-697853,Barenaked Rice,250g,£2.10,£8.40/kg,,Food Cupboard
400477,Kurkure Masala Munch,G,false,4091,https://ecom-su-static-prod.wtrecom.com/images/products/3/LN_400477_BP_3.jpg,https://www.waitrose.com/ecom/products/kurkure-masala-munch/400477-813596-813597,Kurkure Masala Munch,100g,£1.50,£1.50/100g,,Food Cupboard
400411,Heinz Burger Sauce,G,false,4092,https://ecom-su-static-prod.wtrecom.com/images/products/3/LN_400411_BP_3.jpg,https://www.waitrose.com/ecom/products/heinz-burger-sauce/400411-782773-782774,Heinz Burger Sauce,400ml,£3.20,80p/100ml,,Food Cupboard
400355,Essence Black Forest Conserve,G,false,4093,https://ecom-su-static-prod.wtrecom.com/images/products/3/LN_400355_BP_3.jpg,https://www.waitrose.com/ecom/products/essence-black-forest-conserve/400355-56306-56307,Essence Black Forest Conserve,260g,£3.90,£1.50/100g,,Food Cupboard
400143,Farrington's Mellow Yellow Chilli Oil,G,true,4094,https://ecom-su-static-prod.wtrecom.com/images/products/3/LN_400143_BP_3.jpg,https://www.waitrose.com/ecom/products/farringtons-mellow-yellow-chilli-oil/400143-744825-744826,Farrington's Mellow Yellow Chilli Oil,250ml,£2.80,£1.12/100ml,save 70p. Was £3.50,Food Cupboard
400132,Cooks' Ingredients Peppercorn Blend,G,false,4095,https://ecom-su-static-prod.wtrecom.com/images/products/3/LN_400132_BP_3.jpg,https://www.waitrose.com/ecom/products/cooks-ingredients-peppercorn-blend/400132-784772-784773,Cooks' Ingredients Peppercorn Blend,40g,£2.10,52.5p/10g,,Food Cupboard
393515,Yumma Candy Strawberry Fizz,G,false,4096,https://ecom-su-static-prod.wtrecom.com/images/products/3/LN_393515_BP_3.jpg,https://www.waitrose.com/ecom/products/yumma-candy-strawberry-fizz/393515-825792-825793,Yumma Candy Strawberry Fizz,138g,£3.00,£2.18/100g,,Food Cupboard
391479,KIND Chocolate Chip Cashew 3 Bars,G,true,4097,https://ecom-su-static-prod.wtrecom.com/images/products/3/LN_391479_BP_3.jpg,https://www.waitrose.com/ecom/products/kind-chocolate-chip-cashew-3-bars/391479-826728-826729,KIND Chocolate Chip Cashew 3 Bars,3x30g,£2.00,£2.23/100g,save £1.15. Was £3.15,Food Cupboard
376305,Amoy Thai Sweet Chilli Stir Fry Sauce,G,false,4098,https://ecom-su-static-prod.wtrecom.com/images/products/3/LN_376305_BP_3.jpg,https://www.waitrose.com/ecom/products/amoy-thai-sweet-chilli-stir-fry-sauce/376305-52986-52987,Amoy Thai Sweet Chilli Stir Fry Sauce,120g,£1.05,87.5p/100g,,Food Cupboard
365043,Stokes Sticky Pickle,G,false,4099,https://ecom-su-static-prod.wtrecom.com/images/products/3/LN_365043_BP_3.jpg,https://www.waitrose.com/ecom/products/stokes-sticky-pickle/365043-51344-51345,Stokes Sticky Pickle,430g,£4.15,96.5p/100g,,Food Cupboard
274600,Renshaw Just Roll With It Jet Black Fondant Icing,G,false,4100,https://ecom-su-static-prod.wtrecom.com/images/products/3/LN_274600_BP_3.jpg,https://www.waitrose.com/ecom/products/renshaw-just-roll-with-it-jet-black-fondant-icing/274600-827104-827105,Renshaw Just Roll With It Jet Black Fondant Icing,250g,£2.50,£10/kg,,Food Cupboard
274039,Just Spices Original Salad Topping,G,false,4101,https://ecom-su-static-prod.wtrecom.com/images/products/3/LN_274039_BP_3.jpg,https://www.waitrose.com/ecom/products/just-spices-original-salad-topping/274039-824720-824721,Just Spices Original Salad Topping,50g,£4.00,80p/10g,,Food Cupboard
273908,Renshaw Just Roll With It Poppy Red Fondant Icing,G,false,4102,https://ecom-su-static-prod.wtrecom.com/images/products/3/LN_273908_BP_3.jpg,https://www.waitrose.com/ecom/products/renshaw-just-roll-with-it-poppy-red-fondant-icing/273908-827102-827103,Renshaw Just Roll With It Poppy Red Fondant Icing,250g,£2.50,£10/kg,,Food Cupboard
272867,Lizi's Granola Gluten Free Caramelised Nuts,G,false,4103,https://ecom-su-static-prod.wtrecom.com/images/products/3/LN_272867_BP_3.jpg,https://www.waitrose.com/ecom/products/lizis-granola-gluten-free-caramelised-nuts/272867-826716-826717,Lizi's Granola Gluten Free Caramelised Nuts,350g,£4.00,£1.15/100g,,Food Cupboard
239332,Yumma Candy Yumma Cups,G,false,4104,https://ecom-su-static-prod.wtrecom.com/images/products/3/LN_239332_BP_3.jpg,https://www.waitrose.com/ecom/products/yumma-candy-yumma-cups/239332-825788-825789,Yumma Candy Yumma Cups,138g,£3.00,£2.18/100g,,Food Cupboard
224985,GoFree Gluten Free Honey Nut Flakes,G,false,4105,https://ecom-su-static-prod.wtrecom.com/images/products/3/LN_224985_BP_3.jpg,https://www.waitrose.com/ecom/products/gofree-gluten-free-honey-nut-flakes/224985-826712-826713,GoFree Gluten Free Honey Nut Flakes,350g,£2.60,74.3p/100g,,Food Cupboard
224964,Nairn's Mini Cheese Bakes Gluten Free,G,false,4106,https://ecom-su-static-prod.wtrecom.com/images/products/3/LN_224964_BP_3.jpg,https://www.waitrose.com/ecom/products/nairns-mini-cheese-bakes-gluten-free/224964-826710-826711,Nairn's Mini Cheese Bakes Gluten Free,45g,£1.00,£2.23/100g,,Food Cupboard
202033,Willie's Cacao Chef's Drops 55% Sambirano Dark Chocolate,G,true,4107,https://ecom-su-static-prod.wtrecom.com/images/products/3/LN_202033_BP_3.jpg,https://www.waitrose.com/ecom/products/willies-cacao-chefs-drops-55-sambirano-dark-chocolate/202033-827098-827099,Willie's Cacao Chef's Drops 55% Sambirano Dark Chocolate,150g,£3.30,£22/kg,Introductory Offer.Will be £4.40,Food Cupboard
098795,Henderson's Relish,G,false,4108,https://ecom-su-static-prod.wtrecom.com/images/products/3/LN_098795_BP_3.jpg,https://www.waitrose.com/ecom/products/hendersons-relish/098795-50373-50374,Henderson's Relish,284ml,£2.00,70.4p/100ml,,Food Cupboard
094510,Essence Blueberry & Lavender Conserve,G,false,4109,https://ecom-su-static-prod.wtrecom.com/images/products/3/LN_094510_BP_3.jpg,https://www.waitrose.com/ecom/products/essence-blueberry-lavender-conserve/094510-48478-48479,Essence Blueberry & Lavender Conserve,260g,£3.90,£1.50/100g,,Food Cupboard
091970,Alziari Virgin Olive Oil,G,false,4110,https://ecom-su-static-prod.wtrecom.com/images/products/3/LN_091970_BP_3.jpg,https://www.waitrose.com/ecom/products/alziari-virgin-olive-oil/091970-47352-47353,Alziari Virgin Olive Oil,500ml,£22.50,£4.50/100ml,,Food Cupboard
090431,No.1 Pesto Alla Genovese,G,false,4111,https://ecom-su-static-prod.wtrecom.com/images/products/3/LN_090431_BP_3.jpg,https://www.waitrose.com/ecom/products/no1-pesto-alla-genovese/090431-46579-46580,No.1 Pesto Alla Genovese,190g,£3.25,£1.72/100g,,Food Cupboard
089816,Kettle Chips Mature Cheddar & Red Onion,G,true,4112,https://ecom-su-static-prod.wtrecom.com/images/products/3/LN_089816_BP_3.jpg,https://www.waitrose.com/ecom/products/kettle-chips-mature-cheddar-red-onion/089816-46314-46315,Kettle Chips Mature Cheddar & Red Onion,40g,£1.15,£2.88/100g,"£5 Food to Go Meal Deal: Add 1 Main, 1 Snack and 1 Drink",Food Cupboard
089463,Galaxy Ripple 30g,G,false,4113,https://ecom-su-static-prod.wtrecom.com/images/products/3/LN_089463_BP_3.jpg,https://www.waitrose.com/ecom/products/galaxy-ripple-30g/089463-46126-46127,Galaxy Ripple 30g,30g,90p,£3/100g,,Food Cupboard
089082,Meenas Cool Mint Raita,G,false,4114,https://ecom-su-static-prod.wtrecom.com/images/products/3/LN_089082_BP_3.jpg,https://www.waitrose.com/ecom/products/meenas-cool-mint-raita/089082-45800-45801,Meenas Cool Mint Raita,170g,£1.75,,,Food Cupboard
087766,Lingham's Chilli Sauce,G,false,4115,https://ecom-su-static-prod.wtrecom.com/images/products/3/LN_087766_BP_3.jpg,https://www.waitrose.com/ecom/products/linghams-chilli-sauce/087766-44882-44883,Lingham's Chilli Sauce,358g,£2.20,61.5p/100g,,Food Cupboard
087369,Clearspring Sushi Mat,G,false,4116,https://ecom-su-static-prod.wtrecom.com/images/products/3/LN_087369_BP_3.jpg,https://www.waitrose.com/ecom/products/clearspring-sushi-mat/087369-44642-44643,Clearspring Sushi Mat,Each,£1.50,£1.50 each,,Food Cupboard
087099,Wilkin & Sons Ltd Tiptree Lemon Curd,G,false,4117,https://ecom-su-static-prod.wtrecom.com/images/products/3/LN_087099_BP_3.jpg,https://www.waitrose.com/ecom/products/wilkin-sons-ltd-tiptree-lemon-curd/087099-44508-44509,Wilkin & Sons Ltd Tiptree Lemon Curd,312g,£3.50,£1.13/100g,,Food Cupboard
086628,Duchy Organic Brown Basmati Rice,G,false,4118,https://ecom-su-static-prod.wtrecom.com/images/products/3/LN_086628_BP_3.jpg,https://www.waitrose.com/ecom/products/duchy-organic-brown-basmati-rice/086628-44271-44272,Duchy Organic Brown Basmati Rice,1kg,£3.75,£3.75/kg,,Food Cupboard
086349,Filippo Berio Classic Olive Oil,G,false,4119,https://ecom-su-static-prod.wtrecom.com/images/products/3/LN_086349_BP_3.jpg,https://www.waitrose.com/ecom/products/filippo-berio-classic-olive-oil/086349-44088-44089,Filippo Berio Classic Olive Oil,500ml,£10.15,£2.03/100ml,,Food Cupboard
085990,Sharwood's Chilli & Cumin Poppadoms,G,false,4120,https://ecom-su-static-prod.wtrecom.com/images/products/3/LN_085990_BP_3.jpg,https://www.waitrose.com/ecom/products/sharwoods-chilli-cumin-poppadoms/085990-43853-43854,Sharwood's Chilli & Cumin Poppadoms,8s,£2.35,29.4p each,,Food Cupboard
083464,Kinder Bueno Milk & Hazelnuts,G,false,4121,https://ecom-su-static-prod.wtrecom.com/images/products/3/LN_083464_BP_3.jpg,https://www.waitrose.com/ecom/products/kinder-bueno-milk-hazelnuts/083464-42381-42382,Kinder Bueno Milk & Hazelnuts,43g,90p,£2.10/100g,,Food Cupboard
082141,Tabasco Habanero Sauce,G,false,4122,https://ecom-su-static-prod.wtrecom.com/images/products/3/LN_082141_BP_3.jpg,https://www.waitrose.com/ecom/products/tabasco-habanero-sauce/082141-41787-41788,Tabasco Habanero Sauce,60ml,£2.65,£4.42/100ml,,Food Cupboard
075125,Niederegger Marzipan,G,false,4123,https://ecom-su-static-prod.wtrecom.com/images/products/3/LN_075125_BP_3.jpg,https://www.waitrose.com/ecom/products/niederegger-marzipan/075125-38108-38109,Niederegger Marzipan,48g,£1.95,£4.07/100g,,Food Cupboard
071824,Waitrose Soup Mix,G,false,4124,https://ecom-su-static-prod.wtrecom.com/images/products/3/LN_071824_BP_3.jpg,https://www.waitrose.com/ecom/products/waitrose-soup-mix/071824-36466-36467,Waitrose Soup Mix,500g,£1.00,£2/kg,,Food Cupboard
071050,Waitrose Passata With Onion & Garlic,G,false,4125,https://ecom-su-static-prod.wtrecom.com/images/products/3/LN_071050_BP_3.jpg,https://www.waitrose.com/ecom/products/waitrose-passata-with-onion-garlic/071050-36008-36009,Waitrose Passata With Onion & Garlic,680g,£1.25,£1.84/kg,,Food Cupboard
068410,Castillo De Canena Arbequina,G,true,4126,https://ecom-su-static-prod.wtrecom.com/images/products/3/LN_068410_BP_3.jpg,https://www.waitrose.com/ecom/products/castillo-de-canena-arbequina/068410-34729-34730,Castillo De Canena Arbequina,500ml,£12.00,£2.40/100ml,Buyers Choice,Food Cupboard
068003,Tate & Lyle Fairtrade Fondant Icing Sugar,G,false,4127,https://ecom-su-static-prod.wtrecom.com/images/products/3/LN_068003_BP_3.jpg,https://www.waitrose.com/ecom/products/tate-lyle-fairtrade-fondant-icing-sugar/068003-34515-34516,Tate & Lyle Fairtrade Fondant Icing Sugar,500g,£1.30,26p/100g,,Food Cupboard
067356,Waitrose Passata With Chopped Basil,G,false,4128,https://ecom-su-static-prod.wtrecom.com/images/products/3/LN_067356_BP_3.jpg,https://www.waitrose.com/ecom/products/waitrose-passata-with-chopped-basil/067356-34169-34170,Waitrose Passata With Chopped Basil,680g,£1.25,£1.84/kg,,Food Cupboard
065798,Clearspring Organic Sushi Ginger,G,false,4129,https://ecom-su-static-prod.wtrecom.com/images/products/3/LN_065798_BP_3.jpg,https://www.waitrose.com/ecom/products/clearspring-organic-sushi-ginger/065798-33342-33343,Clearspring Organic Sushi Ginger,50g,£2.75,£5.50/100g,,Food Cupboard
065520,Good Hemp Original Hemp Seed Oil,G,true,4130,https://ecom-su-static-prod.wtrecom.com/images/products/3/LN_065520_BP_3.jpg,https://www.waitrose.com/ecom/products/good-hemp-original-hemp-seed-oil/065520-33203-33204,Good Hemp Original Hemp Seed Oil,500ml,£6.00,£1.20/100ml,save £1.00. Was £7.00,Food Cupboard
064446,Geo Organics Atlantic Sea Salt,G,false,4131,https://ecom-su-static-prod.wtrecom.com/images/products/3/LN_064446_BP_3.jpg,https://www.waitrose.com/ecom/products/geo-organics-atlantic-sea-salt/064446-32712-32713,Geo Organics Atlantic Sea Salt,250g,£1.40,£5.60/kg,,Food Cupboard
063822,Macetilla Sherry Vinegar El Majuelo,G,false,4132,https://ecom-su-static-prod.wtrecom.com/images/products/3/LN_063822_BP_3.jpg,https://www.waitrose.com/ecom/products/macetilla-sherry-vinegar-el-majuelo/063822-32403-32404,Macetilla Sherry Vinegar El Majuelo,250ml,£4.99,£2/100ml,,Food Cupboard
063744,Kinnerton Chocolate Lollipop,G,false,4133,https://ecom-su-static-prod.wtrecom.com/images/products/3/LN_063744_BP_3.jpg,https://www.waitrose.com/ecom/products/kinnerton-chocolate-lollipop/063744-32351-32352,Kinnerton Chocolate Lollipop,22g,85p,£3.87/100g,,Food Cupboard
060252,"Essence Blackberry, Plum & Ginger Conserve",G,false,4134,https://ecom-su-static-prod.wtrecom.com/images/products/3/LN_060252_BP_3.jpg,https://www.waitrose.com/ecom/products/essence-blackberry-plum-ginger-conserve/060252-30444-30445,"Essence Blackberry, Plum & Ginger Conserve",260g,£3.90,£1.50/100g,,Food Cupboard
056401,Wainwright's Organic Zambian Forest Honey,G,false,4135,https://ecom-su-static-prod.wtrecom.com/images/products/3/LN_056401_BP_3.jpg,https://www.waitrose.com/ecom/products/wainwrights-organic-zambian-forest-honey/056401-28321-28322,Wainwright's Organic Zambian Forest Honey,380g,£5.00,£1.32/100g,,Food Cupboard
052592,"Ferrer Gazpacho Tomato, Pepper, Cucumber Soup",G,false,4136,https://ecom-su-static-prod.wtrecom.com/images/products/3/LN_052592_BP_3.jpg,https://www.waitrose.com/ecom/products/ferrer-gazpacho-tomato-pepper-cucumber-soup/052592-26225-26226,"Ferrer Gazpacho Tomato, Pepper, Cucumber Soup",745g,£4.00,53.7p/100g,,Food Cupboard
051584,Kettle Chips Sea Salt & Balsamic Vinegar,G,true,4137,https://ecom-su-static-prod.wtrecom.com/images/products/3/LN_051584_BP_3.jpg,https://www.waitrose.com/ecom/products/kettle-chips-sea-salt-balsamic-vinegar/051584-25658-25659,Kettle Chips Sea Salt & Balsamic Vinegar,40g,£1.15,£2.88/100g,"£5 Food to Go Meal Deal: Add 1 Main, 1 Snack and 1 Drink",Food Cupboard
050795,Waitrose 100% Spanish Extra Virgin Olive Oil,G,false,4138,https://ecom-su-static-prod.wtrecom.com/images/products/3/LN_050795_BP_3.jpg,https://www.waitrose.com/ecom/products/waitrose-100-spanish-extra-virgin-olive-oil/050795-25267-25268,Waitrose 100% Spanish Extra Virgin Olive Oil,500ml,£7.75,£1.55/100ml,,Food Cupboard
049888,McCoy's Ridge Cut Flame Grilled Steak Crisps,G,true,4139,https://ecom-su-static-prod.wtrecom.com/images/products/3/LN_049888_BP_3.jpg,https://www.waitrose.com/ecom/products/mccoys-ridge-cut-flame-grilled-steak-crisps/049888-24841-24842,McCoy's Ridge Cut Flame Grilled Steak Crisps,45g,£1.15,£2.56/100g,"£5 Food to Go Meal Deal: Add 1 Main, 1 Snack and 1 Drink",Food Cupboard
047929,Waitrose Rich & Earthy Wild Mushroom Cup Soup,G,false,4140,https://ecom-su-static-prod.wtrecom.com/images/products/3/LN_047929_BP_3.jpg,https://www.waitrose.com/ecom/products/waitrose-rich-earthy-wild-mushroom-cup-soup/047929-23739-23740,Waitrose Rich & Earthy Wild Mushroom Cup Soup,4x24g,£1.10,£1.15/100g,,Food Cupboard
047374,Ravida Extra Virgin Olive Oil,G,false,4141,https://ecom-su-static-prod.wtrecom.com/images/products/3/LN_047374_BP_3.jpg,https://www.waitrose.com/ecom/products/ravida-extra-virgin-olive-oil/047374-23386-23387,Ravida Extra Virgin Olive Oil,500ml,£20.50,£4.10/100ml,,Food Cupboard
045302,Castillo De Canena Extra Virgin Olive Picual,G,false,4142,https://ecom-su-static-prod.wtrecom.com/images/products/3/LN_045302_BP_3.jpg,https://www.waitrose.com/ecom/products/castillo-de-canena-extra-virgin-olive-picual/045302-22344-22345,Castillo De Canena Extra Virgin Olive Picual,500ml,£14.00,£2.80/100ml,,Food Cupboard
042333,Cooks' Ingredients Vanilla Pods,G,false,4143,https://ecom-su-static-prod.wtrecom.com/images/products/3/LN_042333_BP_3.jpg,https://www.waitrose.com/ecom/products/cooks-ingredients-vanilla-pods/042333-20958-20959,Cooks' Ingredients Vanilla Pods,2s,£7.00,£3.50 each,,Food Cupboard
040082,No.1 Aceto Balsamico di Modena I.G.P,G,false,4144,https://ecom-su-static-prod.wtrecom.com/images/products/3/LN_040082_BP_3.jpg,https://www.waitrose.com/ecom/products/no1-aceto-balsamico-di-modena-igp/040082-19824-19825,No.1 Aceto Balsamico di Modena I.G.P,250ml,£17.00,£6.80/100ml,,Food Cupboard
039661,Perard Soupe De Poissons Fish Soup,G,false,4145,https://ecom-su-static-prod.wtrecom.com/images/products/3/LN_039661_BP_3.jpg,https://www.waitrose.com/ecom/products/perard-soupe-de-poissons-fish-soup/039661-19644-19645,Perard Soupe De Poissons Fish Soup,780g,£4.90,62.8p/100g,,Food Cupboard
039157,Pacciano Extra Virgin Olive Oil,G,false,4146,https://ecom-su-static-prod.wtrecom.com/images/products/3/LN_039157_BP_3.jpg,https://www.waitrose.com/ecom/products/pacciano-extra-virgin-olive-oil/039157-19425-19426,Pacciano Extra Virgin Olive Oil,500ml,£14.50,£2.90/100ml,,Food Cupboard
038769,Morgenster Extra Virgin Olive Oil,G,false,4147,https://ecom-su-static-prod.wtrecom.com/images/products/3/LN_038769_BP_3.jpg,https://www.waitrose.com/ecom/products/morgenster-extra-virgin-olive-oil/038769-19323-19324,Morgenster Extra Virgin Olive Oil,500ml,£18.00,£3.60/100ml,,Food Cupboard
037737,Tilda Easy Cook Basmati Rice,G,false,4148,https://ecom-su-static-prod.wtrecom.com/images/products/3/LN_037737_BP_3.jpg,https://www.waitrose.com/ecom/products/tilda-easy-cook-basmati-rice/037737-18839-18840,Tilda Easy Cook Basmati Rice,1kg,£5.25,£5.25/kg,,Food Cupboard
037007,KETTLE Chips Sea Salt with Crushed Black Peppercorns 40g,G,true,4149,https://ecom-su-static-prod.wtrecom.com/images/products/3/LN_037007_BP_3.jpg,https://www.waitrose.com/ecom/products/kettle-chips-sea-salt-with-crushed-black-peppercorns-40g/037007-18527-18528,KETTLE Chips Sea Salt with Crushed Black Peppercorns 40g,40g,£1.15,£2.88/100g,"£5 Food to Go Meal Deal: Add 1 Main, 1 Snack and 1 Drink",Food Cupboard
036109,Jacob's Mini Cheddars Original,G,true,4150,https://ecom-su-static-prod.wtrecom.com/images/products/3/LN_036109_BP_3.jpg,https://www.waitrose.com/ecom/products/jacobs-mini-cheddars-original/036109-18138-18139,Jacob's Mini Cheddars Original,45g,£1.00,£2.23/100g,"£5 Food to Go Meal Deal: Add 1 Main, 1 Snack and 1 Drink",Food Cupboard
035659,Essence Seville & Plum Marmalade,G,false,4151,https://ecom-su-static-prod.wtrecom.com/images/products/3/LN_035659_BP_3.jpg,https://www.waitrose.com/ecom/products/essence-seville-plum-marmalade/035659-17938-17939,Essence Seville & Plum Marmalade,265g,£3.90,£1.48/100g,,Food Cupboard
035384,Kinder Surprise Milk Chocolate Egg,G,false,4152,https://ecom-su-static-prod.wtrecom.com/images/products/3/LN_035384_BP_3.jpg,https://www.waitrose.com/ecom/products/kinder-surprise-milk-chocolate-egg/035384-538509-17823,Kinder Surprise Milk Chocolate Egg,20g,£1.20,£6/100g,,Food Cupboard
034765,"Waitrose Tapenade Olive, Lemon & Coriander",G,false,4153,https://ecom-su-static-prod.wtrecom.com/images/products/3/LN_034765_BP_3.jpg,https://www.waitrose.com/ecom/products/waitrose-tapenade-olive-lemon-coriander/034765-17521-17522,"Waitrose Tapenade Olive, Lemon & Coriander",165g,£3.25,£1.97/100g,,Food Cupboard
034159,Waitrose Yellow Split Peas,G,false,4154,https://ecom-su-static-prod.wtrecom.com/images/products/3/LN_034159_BP_3.jpg,https://www.waitrose.com/ecom/products/waitrose-yellow-split-peas/034159-17105-17106,Waitrose Yellow Split Peas,500g,£1.15,£2.30/kg,,Food Cupboard
031010,Cadbury Twirl Chocolate Bar single,G,true,4155,https://ecom-su-static-prod.wtrecom.com/images/products/3/LN_031010_BP_3.jpg,https://www.waitrose.com/ecom/products/cadbury-twirl-chocolate-bar-single/031010-15129-15130,Cadbury Twirl Chocolate Bar single,43g,85p,£1.98/100g,"£5 Food to Go Meal Deal: Add 1 Main, 1 Snack and 1 Drink",Food Cupboard
027020,Waitrose Rich & Warming Tomato Pepper Soup,G,false,4156,https://ecom-su-static-prod.wtrecom.com/images/products/3/LN_027020_BP_3.jpg,https://www.waitrose.com/ecom/products/waitrose-rich-warming-tomato-pepper-soup/027020-13139-13140,Waitrose Rich & Warming Tomato Pepper Soup,4x22g,£1.10,£1.25/100g,,Food Cupboard
026486,Colonna Extra Virgin Olive Oil,G,false,4157,https://ecom-su-static-prod.wtrecom.com/images/products/3/LN_026486_BP_3.jpg,https://www.waitrose.com/ecom/products/colonna-extra-virgin-olive-oil/026486-12888-12889,Colonna Extra Virgin Olive Oil,750ml,£25.00,£3.34/100ml,,Food Cupboard
025264,Betty Crocker Chocolate Fudge Brownie Mix,G,false,4158,https://ecom-su-static-prod.wtrecom.com/images/products/3/LN_025264_BP_3.jpg,https://www.waitrose.com/ecom/products/betty-crocker-chocolate-fudge-brownie-mix/025264-12280-12281,Betty Crocker Chocolate Fudge Brownie Mix,415g,£3.15,£7.60/kg,,Food Cupboard
022997,Valdueza Extra Virgin Olive Oil,G,false,4159,https://ecom-su-static-prod.wtrecom.com/images/products/3/LN_022997_BP_3.jpg,https://www.waitrose.com/ecom/products/valdueza-extra-virgin-olive-oil/022997-11203-11204,Valdueza Extra Virgin Olive Oil,500ml,£22.00,£4.40/100ml,,Food Cupboard
020643,Billington's Golden Icing Sugar,G,false,4160,https://ecom-su-static-prod.wtrecom.com/images/products/3/LN_020643_BP_3.jpg,https://www.waitrose.com/ecom/products/billingtons-golden-icing-sugar/020643-10057-10058,Billington's Golden Icing Sugar,500g,£2.00,£4/kg,,Food Cupboard
018380,McVitie's Fig Rolls,G,false,4161,https://ecom-su-static-prod.wtrecom.com/images/products/3/LN_018380_BP_3.jpg,https://www.waitrose.com/ecom/products/mcvities-fig-rolls/018380-8904-8905,McVitie's Fig Rolls,200g,£1.70,85p/100g,,Food Cupboard
016056,Tilda Pure Basmati Rice,G,true,4162,https://ecom-su-static-prod.wtrecom.com/images/products/3/LN_016056_BP_3.jpg,https://www.waitrose.com/ecom/products/tilda-pure-basmati-rice/016056-7688-7689,Tilda Pure Basmati Rice,2kg,£8.00,£4/kg,save 90p. Was £8.90,Food Cupboard
014251,Betty Crocker Chocolate Chip Cookie Mix,G,false,4163,https://ecom-su-static-prod.wtrecom.com/images/products/3/LN_014251_BP_3.jpg,https://www.waitrose.com/ecom/products/betty-crocker-chocolate-chip-cookie-mix/014251-6850-6851,Betty Crocker Chocolate Chip Cookie Mix,200g,£2.10,£10.50/kg,,Food Cupboard
011606,Cooks' Ingredients Wok Oil,G,false,4164,https://ecom-su-static-prod.wtrecom.com/images/products/3/LN_011606_BP_3.jpg,https://www.waitrose.com/ecom/products/cooks-ingredients-wok-oil/011606-5760-5761,Cooks' Ingredients Wok Oil,250ml,£2.40,96p/100ml,,Food Cupboard
009520,Waitrose Belgian Dark Choc with Hazelnuts,G,false,4165,https://ecom-su-static-prod.wtrecom.com/images/products/3/LN_009520_BP_3.jpg,https://www.waitrose.com/ecom/products/waitrose-belgian-dark-choc-with-hazelnuts/009520-4680-4681,Waitrose Belgian Dark Choc with Hazelnuts,180g,£2.20,£1.23/100g,,Food Cupboard
009367,Cadbury Flake Chocolate Bar,G,false,4166,https://ecom-su-static-prod.wtrecom.com/images/products/3/LN_009367_BP_3.jpg,https://www.waitrose.com/ecom/products/cadbury-flake-chocolate-bar/009367-4566-4567,Cadbury Flake Chocolate Bar,32g,90p,£2.82/100g,,Food Cupboard
009329,Snickers,G,true,4167,https://ecom-su-static-prod.wtrecom.com/images/products/3/LN_009329_BP_3.jpg,https://www.waitrose.com/ecom/products/snickers/009329-4532-4533,Snickers,48g,90p,£1.88/100g,"£5 Food to Go Meal Deal: Add 1 Main, 1 Snack and 1 Drink",Food Cupboard
009328,Mars Single,G,false,4168,https://ecom-su-static-prod.wtrecom.com/images/products/3/LN_009328_BP_3.jpg,https://www.waitrose.com/ecom/products/mars-single/009328-4530-4531,Mars Single,51g,90p,£1.77/100g,,Food Cupboard
009327,Polo Original Mint Tube,G,false,4169,https://ecom-su-static-prod.wtrecom.com/images/products/3/LN_009327_BP_3.jpg,https://www.waitrose.com/ecom/products/polo-original-mint-tube/009327-4528-4529,Polo Original Mint Tube,34g,85p,£2.50/100g,,Food Cupboard
009315,Cadbury Crunchie Chocolate Bar,G,false,4170,https://ecom-su-static-prod.wtrecom.com/images/products/3/LN_009315_BP_3.jpg,https://www.waitrose.com/ecom/products/cadbury-crunchie-chocolate-bar/009315-4518-4519,Cadbury Crunchie Chocolate Bar,40g,90p,£2.25/100g,,Food Cupboard
008631,Palacio De Oriente Squid Pieces in Olive Oil,G,false,4171,https://ecom-su-static-prod.wtrecom.com/images/products/3/LN_008631_BP_3.jpg,https://www.waitrose.com/ecom/products/palacio-de-oriente-squid-pieces-in-olive-oil/008631-4119-4120,Palacio De Oriente Squid Pieces in Olive Oil,drained 72g,£2.75,£3.82/100g,,Food Cupboard
008630,Billington's Molasses Sugar,G,false,4172,https://ecom-su-static-prod.wtrecom.com/images/products/3/LN_008630_BP_3.jpg,https://www.waitrose.com/ecom/products/billingtons-molasses-sugar/008630-4117-4118,Billington's Molasses Sugar,500g,£2.30,£4.60/kg,,Food Cupboard
008623,WR Light Brown Muscovado Sugar,G,false,4173,https://ecom-su-static-prod.wtrecom.com/images/products/3/LN_008623_BP_3.jpg,https://www.waitrose.com/ecom/products/wr-light-brown-muscovado-sugar/008623-4109-4110,WR Light Brown Muscovado Sugar,1kg,£3.50,£3.50/kg,,Food Cupboard
008416,La Perruche Pure Cane Rough Cut Cubes White,G,false,4174,https://ecom-su-static-prod.wtrecom.com/images/products/3/LN_008416_BP_3.jpg,https://www.waitrose.com/ecom/products/la-perruche-pure-cane-rough-cut-cubes-white/008416-3997-3998,La Perruche Pure Cane Rough Cut Cubes White,500g,£2.35,£4.70/kg,,Food Cupboard
008211,Tate & Lyle Fairtrade Preserving Sugar,G,false,4175,https://ecom-su-static-prod.wtrecom.com/images/products/3/LN_008211_BP_3.jpg,https://www.waitrose.com/ecom/products/tate-lyle-fairtrade-preserving-sugar/008211-3903-3904,Tate & Lyle Fairtrade Preserving Sugar,1kg,£2.20,£2.20/kg,,Food Cupboard
007803,Knorr Gluten Free Pork Stock Cubes,G,false,4176,https://ecom-su-static-prod.wtrecom.com/images/products/3/LN_007803_BP_3.jpg,https://www.waitrose.com/ecom/products/knorr-gluten-free-pork-stock-cubes/007803-3685-3686,Knorr Gluten Free Pork Stock Cubes,80g,£2.05,£2.57/100g,,Food Cupboard
007802,Knorr Gluten Free Fish Stock Cubes,G,false,4177,https://ecom-su-static-prod.wtrecom.com/images/products/3/LN_007802_BP_3.jpg,https://www.waitrose.com/ecom/products/knorr-gluten-free-fish-stock-cubes/007802-3683-3684,Knorr Gluten Free Fish Stock Cubes,80g,£2.05,£2.57/100g,,Food Cupboard
007790,Sarson's Pickling Vinegar,G,false,4178,https://ecom-su-static-prod.wtrecom.com/images/products/3/LN_007790_BP_3.jpg,https://www.waitrose.com/ecom/products/sarsons-pickling-vinegar/007790-3673-3674,Sarson's Pickling Vinegar,950ml,£2.20,23.2p/100ml,,Food Cupboard
007548,Waitrose Borettane Onions,G,false,4179,https://ecom-su-static-prod.wtrecom.com/images/products/3/LN_007548_BP_3.jpg,https://www.waitrose.com/ecom/products/waitrose-borettane-onions/007548-3532-3533,Waitrose Borettane Onions,drained 170g,£3.00,£1.77/100g,,Food Cupboard
006815,Waitrose Cashew Nuts,G,false,4180,https://ecom-su-static-prod.wtrecom.com/images/products/3/LN_006815_BP_3.jpg,https://www.waitrose.com/ecom/products/waitrose-cashew-nuts/006815-3061-3062,Waitrose Cashew Nuts,100g,£1.60,£1.60/100g,,Food Cupboard
006731,Waitrose Prunes with Stones,G,false,4181,https://ecom-su-static-prod.wtrecom.com/images/products/3/LN_006731_BP_3.jpg,https://www.waitrose.com/ecom/products/waitrose-prunes-with-stones/006731-3001-3002,Waitrose Prunes with Stones,250g,£1.95,£7.80/kg,,Food Cupboard
006443,Betty Crocker Indulgent Chocolate Fudge Icing,G,false,4182,https://ecom-su-static-prod.wtrecom.com/images/products/3/LN_006443_BP_3.jpg,https://www.waitrose.com/ecom/products/betty-crocker-indulgent-chocolate-fudge-icing/006443-2877-2878,Betty Crocker Indulgent Chocolate Fudge Icing,400g,£3.15,78.8p/100g,,Food Cupboard
006232,Atora Shredded Vegetable Suet,G,false,4183,https://ecom-su-static-prod.wtrecom.com/images/products/3/LN_006232_BP_3.jpg,https://www.waitrose.com/ecom/products/atora-shredded-vegetable-suet/006232-2752-2753,Atora Shredded Vegetable Suet,200g,£3.15,£15.75/kg,,Food Cupboard
006129,Dr. Oetker Coloured Fondant Icing,G,false,4184,https://ecom-su-static-prod.wtrecom.com/images/products/3/LN_006129_BP_3.jpg,https://www.waitrose.com/ecom/products/dr-oetker-coloured-fondant-icing/006129-2682-2683,Dr. Oetker Coloured Fondant Icing,5x100g,£3.75,75p/100g,,Food Cupboard
006125,Cooks' Ingredients White Marzipan,G,false,4185,https://ecom-su-static-prod.wtrecom.com/images/products/3/LN_006125_BP_3.jpg,https://www.waitrose.com/ecom/products/cooks-ingredients-white-marzipan/006125-2676-2677,Cooks' Ingredients White Marzipan,500g,£2.50,£5/kg,,Food Cupboard
006124,Cooks' Ingredients Golden Marzipan,G,false,4186,https://ecom-su-static-prod.wtrecom.com/images/products/3/LN_006124_BP_3.jpg,https://www.waitrose.com/ecom/products/cooks-ingredients-golden-marzipan/006124-2674-2675,Cooks' Ingredients Golden Marzipan,500g,£2.50,£5/kg,,Food Cupboard
004460,Robertson's Ma Made Thin Cut Seville Oranges,G,false,4187,https://ecom-su-static-prod.wtrecom.com/images/products/3/LN_004460_BP_3.jpg,https://www.waitrose.com/ecom/products/robertsons-ma-made-thin-cut-seville-oranges/004460-1885-1886,Robertson's Ma Made Thin Cut Seville Oranges,850g,£2.75,32.4p/100g,,Food Cupboard
004452,Bonne Maman Berries and Cherries Conserve,G,false,4188,https://ecom-su-static-prod.wtrecom.com/images/products/3/LN_004452_BP_3.jpg,https://www.waitrose.com/ecom/products/bonne-maman-berries-and-cherries-conserve/004452-1877-1878,Bonne Maman Berries and Cherries Conserve,370g,£3.50,94.6p/100g,,Food Cupboard
004321,Wilkin & Sons Ltd Tiptree Apricot Conserve,G,false,4189,https://ecom-su-static-prod.wtrecom.com/images/products/3/LN_004321_BP_3.jpg,https://www.waitrose.com/ecom/products/wilkin-sons-ltd-tiptree-apricot-conserve/004321-1777-1778,Wilkin & Sons Ltd Tiptree Apricot Conserve,340g,£3.50,£1.03/100g,,Food Cupboard
