data-product-id,data-product-name,data-product-type,data-product-on-offer,data-product-index,image-url,product-page,product-name,product-size,item-price,price-per-unit,offer-description,category
571194,No.1 Matice Melon,G,true,1962,https://ecom-su-static-prod.wtrecom.com/images/products/3/LN_571194_BP_3.jpg,https://www.waitrose.com/ecom/products/no1-matice-melon/571194-601706-601707,No.1 Matice Melon,Each,£3.16,£3.16 each,20% Off. Was £3.95,Fresh & Chilled
786602,Activia Strawberry Gut Health Yogurts,G,true,597,https://ecom-su-static-prod.wtrecom.com/images/products/3/LN_786602_BP_3.jpg,https://www.waitrose.com/ecom/products/activia-strawberry-gut-health-yogurts/786602-690832-690833,Activia Strawberry Gut Health Yogurts,4x115g,£1.75,38p/100g,save 90p. Was £2.65,Fresh & Chilled
708705,Tims Dairy Greek Style Caffé Latte Yogurt,G,false,1355,https://ecom-su-static-prod.wtrecom.com/images/products/3/LN_708705_BP_3.jpg,https://www.waitrose.com/ecom/products/tims-dairy-greek-style-caffe-latte-yogurt/708705-822517-822518,Tims Dairy Greek Style Caffé Latte Yogurt,450g,£2.50,55.6p/100g,,Fresh & Chilled
088903,Essential Fairtrade Bananas,G,false,4,https://ecom-su-static-prod.wtrecom.com/images/products/3/LN_088903_BP_3.jpg,https://www.waitrose.com/ecom/products/essential-fairtrade-bananas/088903-45703-45704,Essential Fairtrade Bananas,Typical weight 0.18kg,20p each est.,£1.10/kg,,Fresh & Chilled
053457,Essential British Free Range Semi-Skimmed Milk 4 Pints,G,false,5,https://ecom-su-static-prod.wtrecom.com/images/products/3/LN_053457_BP_3.jpg,https://www.waitrose.com/ecom/products/essential-british-free-range-semi-skimmed-milk-4-pints/053457-26759-26760,Essential British Free Range Semi-Skimmed Milk 4 Pints,2.272litre,£1.55,68.2p/litre,,Fresh & Chilled
086468,Essential Cucumber,G,false,6,https://ecom-su-static-prod.wtrecom.com/images/products/3/LN_086468_BP_3.jpg,https://www.waitrose.com/ecom/products/essential-cucumber/086468-44158-44159,Essential Cucumber,Each,95p,95p each,,Fresh & Chilled
088067,Waitrose British Strawberries,G,true,7,https://ecom-su-static-prod.wtrecom.com/images/products/3/LN_088067_BP_3.jpg,https://www.waitrose.com/ecom/products/waitrose-british-strawberries/088067-372145-45059,Waitrose British Strawberries,400g,£3.00,£7.50/kg,Add 2 for £4,Fresh & Chilled
086412,Essential Red Peppers,G,false,8,https://ecom-su-static-prod.wtrecom.com/images/products/3/LN_086412_BP_3.jpg,https://www.waitrose.com/ecom/products/essential-red-peppers/086412-44120-44121,Essential Red Peppers,Typical weight 0.16kg,60p each est.,£3.75/kg,,Fresh & Chilled
088528,Essential Fairtrade Bananas,G,false,9,https://ecom-su-static-prod.wtrecom.com/images/products/3/LN_088528_BP_3.jpg,https://www.waitrose.com/ecom/products/essential-fairtrade-bananas/088528-45453-45454,Essential Fairtrade Bananas,5s,95p,19p each,,Fresh & Chilled
053448,Essential British Free Range Semi-Skimmed Milk 2 Pints,G,false,10,https://ecom-su-static-prod.wtrecom.com/images/products/3/LN_053448_BP_3.jpg,https://www.waitrose.com/ecom/products/essential-british-free-range-semi-skimmed-milk-2-pints/053448-26749-26750,Essential British Free Range Semi-Skimmed Milk 2 Pints,1.136litre,£1.25,£1.11/litre,,Fresh & Chilled
085125,Essential Carrots,G,false,11,https://ecom-su-static-prod.wtrecom.com/images/products/3/LN_085125_BP_3.jpg,https://www.waitrose.com/ecom/products/essential-carrots/085125-43221-43222,Essential Carrots,Typical weight 0.14kg,10p each est.,70p/kg,,Fresh & Chilled
085115,Essential Onions,G,false,12,https://ecom-su-static-prod.wtrecom.com/images/products/3/LN_085115_BP_3.jpg,https://www.waitrose.com/ecom/products/essential-onions/085115-43203-43204,Essential Onions,Typical weight 0.15kg,15p each est.,£1/kg,,Fresh & Chilled
009596,Waitrose Cherry Vine Tomatoes,G,false,13,https://ecom-su-static-prod.wtrecom.com/images/products/3/LN_009596_BP_3.jpg,https://www.waitrose.com/ecom/products/waitrose-cherry-vine-tomatoes/009596-4741-4742,Waitrose Cherry Vine Tomatoes,400g,£3.25,£8.13/kg,,Fresh & Chilled
088411,Essential Lemons,G,false,14,https://ecom-su-static-prod.wtrecom.com/images/products/3/LN_088411_BP_3.jpg,https://www.waitrose.com/ecom/products/essential-lemons/088411-45361-45362,Essential Lemons,Each,35p,35p each,,Fresh & Chilled
088061,Waitrose Raspberries,G,true,15,https://ecom-su-static-prod.wtrecom.com/images/products/3/LN_088061_BP_3.jpg,https://www.waitrose.com/ecom/products/waitrose-raspberries/088061-372144-45046,Waitrose Raspberries,150g,£2.60,£17.34/kg,Add 2 for £4,Fresh & Chilled
019292,Perfectly Ripe Avocados,G,false,16,https://ecom-su-static-prod.wtrecom.com/images/products/3/LN_019292_BP_3.jpg,https://www.waitrose.com/ecom/products/perfectly-ripe-avocados/019292-9331-9332,Perfectly Ripe Avocados,2s,£1.90,95p each,,Fresh & Chilled
085242,Essential Broccoli,G,false,17,https://ecom-su-static-prod.wtrecom.com/images/products/3/LN_085242_BP_3.jpg,https://www.waitrose.com/ecom/products/essential-broccoli/085242-43323-43324,Essential Broccoli,Typical weight 0.4kg,£1.00 each est.,£2.50/kg,,Fresh & Chilled
086453,Essential Bunched Salad Onions,G,false,18,https://ecom-su-static-prod.wtrecom.com/images/products/3/LN_086453_BP_3.jpg,https://www.waitrose.com/ecom/products/essential-bunched-salad-onions/086453-44148-44149,Essential Bunched Salad Onions,Each,65p,65p each,,Fresh & Chilled
085111,Essential Red Onions,G,false,19,https://ecom-su-static-prod.wtrecom.com/images/products/3/LN_085111_BP_3.jpg,https://www.waitrose.com/ecom/products/essential-red-onions/085111-43197-43198,Essential Red Onions,Typical weight 0.17kg,17p each est.,£1/kg,,Fresh & Chilled
085127,Essential Carrots,G,false,20,https://ecom-su-static-prod.wtrecom.com/images/products/3/LN_085127_BP_3.jpg,https://www.waitrose.com/ecom/products/essential-carrots/085127-415835-43225,Essential Carrots,1kg,70p,70p/kg,,Fresh & Chilled
086430,Essential Little Gem Lettuce,G,false,21,https://ecom-su-static-prod.wtrecom.com/images/products/3/LN_086430_BP_3.jpg,https://www.waitrose.com/ecom/products/essential-little-gem-lettuce/086430-44132-44133,Essential Little Gem Lettuce,2s,90p,45p each,,Fresh & Chilled
856706,Essential Free Range White Eggs,G,false,22,https://ecom-su-static-prod.wtrecom.com/images/products/3/LN_856706_BP_3.jpg,https://www.waitrose.com/ecom/products/essential-free-range-white-eggs/856706-653765-653766,Essential Free Range White Eggs,6s,£1.30,21.7p each,,Fresh & Chilled
085437,Essential Courgettes,G,false,23,https://ecom-su-static-prod.wtrecom.com/images/products/3/LN_085437_BP_3.jpg,https://www.waitrose.com/ecom/products/essential-courgettes/085437-43488-43489,Essential Courgettes,Typical weight 0.21kg,63p each est.,£3.00/kg,,Fresh & Chilled
033668,Waitrose Small Fairtrade Bananas,G,false,24,https://ecom-su-static-prod.wtrecom.com/images/products/3/LN_033668_BP_3.jpg,https://www.waitrose.com/ecom/products/waitrose-small-fairtrade-bananas/033668-16881-16882,Waitrose Small Fairtrade Bananas,7s,£1.25,17.9p each,,Fresh & Chilled
878309,Waitrose Red Seedless Grapes,G,true,25,https://ecom-su-static-prod.wtrecom.com/images/products/3/LN_878309_BP_3.jpg,https://www.waitrose.com/ecom/products/waitrose-red-seedless-grapes/878309-786006-786007,Waitrose Red Seedless Grapes,500g,£2.25,£4.50/kg,Add 2 for £4,Fresh & Chilled
603507,Waitrose Seedless Easy Peelers,G,true,26,https://ecom-su-static-prod.wtrecom.com/images/products/3/LN_603507_BP_3.jpg,https://www.waitrose.com/ecom/products/waitrose-seedless-easy-peelers/603507-85619-85620,Waitrose Seedless Easy Peelers,600g,£2.50,£4.17/kg,Add 2 for £4,Fresh & Chilled
483587,Waitrose Blueberries,G,true,27,https://ecom-su-static-prod.wtrecom.com/images/products/3/LN_483587_BP_3.jpg,https://www.waitrose.com/ecom/products/waitrose-blueberries/483587-344052-344053,Waitrose Blueberries,150g,£2.50,£16.67/kg,Add 2 for £4,Fresh & Chilled
043101,Essential Salted Butter,G,false,28,https://ecom-su-static-prod.wtrecom.com/images/products/3/LN_043101_BP_3.jpg,https://www.waitrose.com/ecom/products/essential-salted-butter/043101-21272-21273,Essential Salted Butter,250g,£1.75,£7/kg,,Fresh & Chilled
085049,Waitrose Baby New Potatoes,G,false,29,https://ecom-su-static-prod.wtrecom.com/images/products/3/LN_085049_BP_3.jpg,https://www.waitrose.com/ecom/products/waitrose-baby-new-potatoes/085049-43161-43162,Waitrose Baby New Potatoes,750g,£1.70,£2.27/kg,,Fresh & Chilled
088460,Cooks' Ingredients Unwaxed Lemons,G,false,30,https://ecom-su-static-prod.wtrecom.com/images/products/3/LN_088460_BP_3.jpg,https://www.waitrose.com/ecom/products/cooks-ingredients-unwaxed-lemons/088460-45401-45402,Cooks' Ingredients Unwaxed Lemons,4s,£1.70,42.5p each,,Fresh & Chilled
086143,086143 - Cooks' Ingredients Garlic,G,false,31,https://ecom-su-static-prod.wtrecom.com/images/products/3/LN_086143_BP_3.jpg,https://www.waitrose.com/ecom/products/086143-cooks-ingredients-garlic/086143-43987-43988,086143 - Cooks' Ingredients Garlic,Each,60p,60p each,,Fresh & Chilled
517737,Essential Sweet Potatoes,G,false,32,https://ecom-su-static-prod.wtrecom.com/images/products/3/LN_517737_BP_3.jpg,https://www.waitrose.com/ecom/products/essential-sweet-potatoes/517737-349824-349825,Essential Sweet Potatoes,Typical weight 294g,38p each est.,13p/100g,,Fresh & Chilled
085024,Essential Large Potatoes,G,false,33,https://ecom-su-static-prod.wtrecom.com/images/products/3/LN_085024_BP_3.jpg,https://www.waitrose.com/ecom/products/essential-large-potatoes/085024-43126-43127,Essential Large Potatoes,4s,80p,20p each,,Fresh & Chilled
053404,Essential British Free Range Whole Milk 4 Pints,G,false,34,https://ecom-su-static-prod.wtrecom.com/images/products/3/LN_053404_BP_3.jpg,https://www.waitrose.com/ecom/products/essential-british-free-range-whole-milk-4-pints/053404-26711-26712,Essential British Free Range Whole Milk 4 Pints,2.272litre,£1.55,68.2p/litre,,Fresh & Chilled
761298,Waitrose Green Seedless Grapes,G,true,35,https://ecom-su-static-prod.wtrecom.com/images/products/3/LN_761298_BP_3.jpg,https://www.waitrose.com/ecom/products/waitrose-green-seedless-grapes/761298-785984-785985,Waitrose Green Seedless Grapes,500g,£2.25,£4.50/kg,Add 2 for £4,Fresh & Chilled
070278,Waitrose Perfectly Ripe Avocado,G,false,36,https://ecom-su-static-prod.wtrecom.com/images/products/3/LN_070278_BP_3.jpg,https://www.waitrose.com/ecom/products/waitrose-perfectly-ripe-avocado/070278-35580-35581,Waitrose Perfectly Ripe Avocado,Each,£1.20,£1.20 each,,Fresh & Chilled
088036,Essential Blueberries,G,false,37,https://ecom-su-static-prod.wtrecom.com/images/products/3/LN_088036_BP_3.jpg,https://www.waitrose.com/ecom/products/essential-blueberries/088036-45014-45015,Essential Blueberries,150g,£2.00,£13.34/kg,,Fresh & Chilled
082926,Waitrose FR Mixed Size Eggs British Blacktail,G,false,38,https://ecom-su-static-prod.wtrecom.com/images/products/3/LN_082926_BP_3.jpg,https://www.waitrose.com/ecom/products/waitrose-fr-mixed-size-eggs-british-blacktail/082926-42143-42144,Waitrose FR Mixed Size Eggs British Blacktail,12s,£3.20,26.7p each,,Fresh & Chilled
005274,Waitrose Classic Vine Tomatoes,G,false,39,https://ecom-su-static-prod.wtrecom.com/images/products/3/LN_005274_BP_3.jpg,https://www.waitrose.com/ecom/products/waitrose-classic-vine-tomatoes/005274-2275-2276,Waitrose Classic Vine Tomatoes,450g,£2.30,£5.12/kg,,Fresh & Chilled
058044,Sweet Peppers,G,true,40,https://ecom-su-static-prod.wtrecom.com/images/products/3/LN_058044_BP_3.jpg,https://www.waitrose.com/ecom/products/sweet-peppers/058044-29138-29139,Sweet Peppers,3s,£1.42,47.3p each,25% Off. Was £1.90,Fresh & Chilled
451045,Waitrose Mild Scottish Smoked Salmon,G,true,41,https://ecom-su-static-prod.wtrecom.com/images/products/3/LN_451045_BP_3.jpg,https://www.waitrose.com/ecom/products/waitrose-mild-scottish-smoked-salmon/451045-63564-63565,Waitrose Mild Scottish Smoked Salmon,100g,£5.50,£5.50/100g,Add 2 for £7.50,Fresh & Chilled
862346,Waitrose Yellow Flesh Nectarines,G,true,42,https://ecom-su-static-prod.wtrecom.com/images/products/3/LN_862346_BP_3.jpg,https://www.waitrose.com/ecom/products/waitrose-yellow-flesh-nectarines/862346-498293-498294,Waitrose Yellow Flesh Nectarines,4s,£3.00,75p each,Add 2 for £4,Fresh & Chilled
085005,Essential Large White Potatoes,G,false,43,https://ecom-su-static-prod.wtrecom.com/images/products/3/LN_085005_BP_3.jpg,https://www.waitrose.com/ecom/products/essential-large-white-potatoes/085005-43095-43096,Essential Large White Potatoes,Typical weight 0.28kg,24p each est.,87p/kg,,Fresh & Chilled
085489,Essential Aubergines,G,false,44,https://ecom-su-static-prod.wtrecom.com/images/products/3/LN_085489_BP_3.jpg,https://www.waitrose.com/ecom/products/essential-aubergines/085489-43562-43563,Essential Aubergines,Each,£1.00,£1 each,,Fresh & Chilled
890609,Essential Raspberries,G,false,45,https://ecom-su-static-prod.wtrecom.com/images/products/3/LN_890609_BP_3.jpg,https://www.waitrose.com/ecom/products/essential-raspberries/890609-151436-151437,Essential Raspberries,150g,£2.00,£13.34/kg,,Fresh & Chilled
088973,Duchy Organic Blueberries,G,false,46,https://ecom-su-static-prod.wtrecom.com/images/products/3/LN_088973_BP_3.jpg,https://www.waitrose.com/ecom/products/duchy-organic-blueberries/088973-45748-45749,Duchy Organic Blueberries,125g,£2.50,£20/kg,,Fresh & Chilled
085847,Waitrose Large British Blacktail Free Range Eggs,G,false,47,https://ecom-su-static-prod.wtrecom.com/images/products/3/LN_085847_BP_3.jpg,https://www.waitrose.com/ecom/products/waitrose-large-british-blacktail-free-range-eggs/085847-43794-43795,Waitrose Large British Blacktail Free Range Eggs,12s,£4.25,35.4p each,,Fresh & Chilled
067520,Waitrose Baby Spinach,G,false,48,https://ecom-su-static-prod.wtrecom.com/images/products/3/LN_067520_BP_3.jpg,https://www.waitrose.com/ecom/products/waitrose-baby-spinach/067520-34265-34266,Waitrose Baby Spinach,120g,£1.50,£1.25/100g,,Fresh & Chilled
085247,Essential Cauliflower,G,false,,https://ecom-su-static-prod.wtrecom.com/images/products/3/LN_085247_BP_3.jpg,https://www.waitrose.com/ecom/products/essential-cauliflower/085247-43327-43328,,,,,,Fresh & Chilled
086535,Waitrose Cherry Vine Tomatoes,G,true,,https://ecom-su-static-prod.wtrecom.com/images/products/3/LN_086535_BP_3.jpg,https://www.waitrose.com/ecom/products/waitrose-cherry-vine-tomatoes/086535-44218-44219,,,,,25% Off. Was £2.35,Fresh & Chilled
086533,Essential Cherry Tomatoes,G,false,49,https://ecom-su-static-prod.wtrecom.com/images/products/3/LN_086533_BP_3.jpg,https://www.waitrose.com/ecom/products/essential-cherry-tomatoes/086533-44216-44217,Essential Cherry Tomatoes,500g,£1.45,£2.90/kg,,Fresh & Chilled
088663,Waitrose Pink Lady Apples,G,true,50,https://ecom-su-static-prod.wtrecom.com/images/products/3/LN_088663_BP_3.jpg,https://www.waitrose.com/ecom/products/waitrose-pink-lady-apples/088663-45545-45546,Waitrose Pink Lady Apples,4s,£2.06,51.5p each,25% Off. Was £2.75,Fresh & Chilled
496597,Waitrose Red Onions,G,false,51,https://ecom-su-static-prod.wtrecom.com/images/products/3/LN_496597_BP_3.jpg,https://www.waitrose.com/ecom/products/waitrose-red-onions/496597-131283-131284,Waitrose Red Onions,3s,£1.20,40p each,,Fresh & Chilled
085122,Waitrose Onions,G,false,52,https://ecom-su-static-prod.wtrecom.com/images/products/3/LN_085122_BP_3.jpg,https://www.waitrose.com/ecom/products/waitrose-onions/085122-43215-43216,Waitrose Onions,4s,£1.50,37.5p each,,Fresh & Chilled
046207,Waitrose 2 Scottish Salmon Fillets,G,true,53,https://ecom-su-static-prod.wtrecom.com/images/products/3/LN_046207_BP_3.jpg,https://www.waitrose.com/ecom/products/waitrose-2-scottish-salmon-fillets/046207-22751-22752,Waitrose 2 Scottish Salmon Fillets,260g,£4.46,£17.16/kg,25% Off. Was £5.95,Fresh & Chilled
738541,Waitrose Chestnut Mushrooms,G,false,54,https://ecom-su-static-prod.wtrecom.com/images/products/3/LN_738541_BP_3.jpg,https://www.waitrose.com/ecom/products/waitrose-chestnut-mushrooms/738541-104980-104981,Waitrose Chestnut Mushrooms,250g,£1.25,£5/kg,,Fresh & Chilled
062593,Cravendale Filtered Fresher for Longer Semi-Skimmed Milk Large,G,true,55,https://ecom-su-static-prod.wtrecom.com/images/products/3/LN_062593_BP_3.jpg,https://www.waitrose.com/ecom/products/cravendale-filtered-fresher-for-longer-semi-skimmed-milk-large/062593-31787-31788,Cravendale Filtered Fresher for Longer Semi-Skimmed Milk Large,2litre,£2.50,£1.25/litre,Add 2 for £4,Fresh & Chilled
049842,Waitrose Seedless Grape Selection,G,true,56,https://ecom-su-static-prod.wtrecom.com/images/products/3/LN_049842_BP_3.jpg,https://www.waitrose.com/ecom/products/waitrose-seedless-grape-selection/049842-24815-24816,Waitrose Seedless Grape Selection,400g,£2.60,£6.50/kg,Add 2 for £4,Fresh & Chilled
027088,Lurpak Slighlty Salted Spreadable Butter with Rapeseed Oil,G,false,57,https://ecom-su-static-prod.wtrecom.com/images/products/3/LN_027088_BP_3.jpg,https://www.waitrose.com/ecom/products/lurpak-slighlty-salted-spreadable-butter-with-rapeseed-oil/027088-13157-13158,Lurpak Slighlty Salted Spreadable Butter with Rapeseed Oil,400g,£3.95,£9.88/kg,,Fresh & Chilled
088461,Essential Limes,G,false,58,https://ecom-su-static-prod.wtrecom.com/images/products/3/LN_088461_BP_3.jpg,https://www.waitrose.com/ecom/products/essential-limes/088461-45403-45404,Essential Limes,Each,30p,30p each,,Fresh & Chilled
085704,Essential Cup Mushrooms,G,false,59,https://ecom-su-static-prod.wtrecom.com/images/products/3/LN_085704_BP_3.jpg,https://www.waitrose.com/ecom/products/essential-cup-mushrooms/085704-43729-43729,Essential Cup Mushrooms,300g,£1.00,£3.34/kg,,Fresh & Chilled
086515,Essential Tomatoes,G,false,60,https://ecom-su-static-prod.wtrecom.com/images/products/3/LN_086515_BP_3.jpg,https://www.waitrose.com/ecom/products/essential-tomatoes/086515-44198-44199,Essential Tomatoes,6s,£1.00,16.7p each,,Fresh & Chilled
565210,Essential Natural Greek Style Yogurt,G,false,61,https://ecom-su-static-prod.wtrecom.com/images/products/3/LN_565210_BP_3.jpg,https://www.waitrose.com/ecom/products/essential-natural-greek-style-yogurt/565210-80062-80063,Essential Natural Greek Style Yogurt,500g,£1.10,22p/100g,,Fresh & Chilled
002912,Essential Double Cream,G,false,62,https://ecom-su-static-prod.wtrecom.com/images/products/3/LN_002912_BP_3.jpg,https://www.waitrose.com/ecom/products/essential-double-cream/002912-421421-1060,Essential Double Cream,300ml,£1.25,41.7p/100ml,,Fresh & Chilled
085043,Waitrose Jersey Royal New Potatoes,G,true,63,https://ecom-su-static-prod.wtrecom.com/images/products/3/LN_085043_BP_3.jpg,https://www.waitrose.com/ecom/products/waitrose-jersey-royal-new-potatoes/085043-43153-43154,Waitrose Jersey Royal New Potatoes,750g,£1.87,£2.50/kg,25% Off. Was £2.50,Fresh & Chilled
004737,Waitrose British Blacktail FR Medium Eggs,G,false,64,https://ecom-su-static-prod.wtrecom.com/images/products/3/LN_004737_BP_3.jpg,https://www.waitrose.com/ecom/products/waitrose-british-blacktail-fr-medium-eggs/004737-2041-2042,Waitrose British Blacktail FR Medium Eggs,6s,£1.75,29.2p each,,Fresh & Chilled
805332,Waitrose Blueberries,G,false,65,https://ecom-su-static-prod.wtrecom.com/images/products/3/LN_805332_BP_3.jpg,https://www.waitrose.com/ecom/products/waitrose-blueberries/805332-665151-665152,Waitrose Blueberries,360g,£4.60,£12.78/kg,,Fresh & Chilled
039809,Waitrose Eggs British Blacktail Free Range,G,false,66,https://ecom-su-static-prod.wtrecom.com/images/products/3/LN_039809_BP_3.jpg,https://www.waitrose.com/ecom/products/waitrose-eggs-british-blacktail-free-range/039809-19704-19705,Waitrose Eggs British Blacktail Free Range,6s,£2.60,43.3p each,,Fresh & Chilled
088937,Duchy Organic Fairtrade Bananas,G,false,67,https://ecom-su-static-prod.wtrecom.com/images/products/3/LN_088937_BP_3.jpg,https://www.waitrose.com/ecom/products/duchy-organic-fairtrade-bananas/088937-45726-45727,Duchy Organic Fairtrade Bananas,6s,£1.95,32.5p each,,Fresh & Chilled
085035,Essential Loose Baby Potatoes,G,false,68,https://ecom-su-static-prod.wtrecom.com/images/products/3/LN_085035_BP_3.jpg,https://www.waitrose.com/ecom/products/essential-loose-baby-potatoes/085035-43141-43142,Essential Loose Baby Potatoes,Typical weight 0.06kg,8p each est.,£1.30/kg,,Fresh & Chilled
777560,Waitrose British Wiltshire Cured Ham 4 Slices,G,true,69,https://ecom-su-static-prod.wtrecom.com/images/products/3/LN_777560_BP_3.jpg,https://www.waitrose.com/ecom/products/waitrose-british-wiltshire-cured-ham-4-slices/777560-110598-110599,Waitrose British Wiltshire Cured Ham 4 Slices,130g,£3.50,£2.70/100g,Add 2 for £6,Fresh & Chilled
085063,Waitrose Maris Piper Potatoes,G,false,70,https://ecom-su-static-prod.wtrecom.com/images/products/3/LN_085063_BP_3.jpg,https://www.waitrose.com/ecom/products/waitrose-maris-piper-potatoes/085063-372142-43169,Waitrose Maris Piper Potatoes,2kg,£2.10,£1.05/kg,,Fresh & Chilled
086445,Essential Green Celery,G,false,71,https://ecom-su-static-prod.wtrecom.com/images/products/3/LN_086445_BP_3.jpg,https://www.waitrose.com/ecom/products/essential-green-celery/086445-44146-44147,Essential Green Celery,Each,80p,80p each,,Fresh & Chilled
486988,Essential Chicken Breast Fillets,G,false,72,https://ecom-su-static-prod.wtrecom.com/images/products/3/LN_486988_BP_3.jpg,https://www.waitrose.com/ecom/products/essential-chicken-breast-fillets/486988-707752-707753,Essential Chicken Breast Fillets,600g,£4.75,£7.92/kg,,Fresh & Chilled
400260,Waitrose British Native Breed Beef Mince 12% Fat,G,true,73,https://ecom-su-static-prod.wtrecom.com/images/products/3/LN_400260_BP_3.jpg,https://www.waitrose.com/ecom/products/waitrose-british-native-breed-beef-mince-12-fat/400260-806217-806218,Waitrose British Native Breed Beef Mince 12% Fat,500g,£5.00,£10/kg,Add 3 for £12,Fresh & Chilled
487080,Waitrose Blueberries,G,false,74,https://ecom-su-static-prod.wtrecom.com/images/products/3/LN_487080_BP_3.jpg,https://www.waitrose.com/ecom/products/waitrose-blueberries/487080-497722-497723,Waitrose Blueberries,225g,£3.50,£15.56/kg,,Fresh & Chilled
027969,Waitrose Pink Lady Apples,G,false,75,https://ecom-su-static-prod.wtrecom.com/images/products/3/LN_027969_BP_3.jpg,https://www.waitrose.com/ecom/products/waitrose-pink-lady-apples/027969-13615-13616,Waitrose Pink Lady Apples,6s,£3.00,50p each,,Fresh & Chilled
053403,Essential British Free Range Whole Milk 2 Pints,G,false,76,https://ecom-su-static-prod.wtrecom.com/images/products/3/LN_053403_BP_3.jpg,https://www.waitrose.com/ecom/products/essential-british-free-range-whole-milk-2-pints/053403-26709-26710,Essential British Free Range Whole Milk 2 Pints,1.136litre,£1.25,£1.11/litre,,Fresh & Chilled
019831,Essential Sweetcorn,G,true,77,https://ecom-su-static-prod.wtrecom.com/images/products/3/LN_019831_BP_3.jpg,https://www.waitrose.com/ecom/products/essential-sweetcorn/019831-9662-9663,Essential Sweetcorn,drained 160g,80p,£5/kg,Add 3 for £2,Fresh & Chilled
836765,No. 1 Strained Natural Greek Yogurt Large,G,false,78,https://ecom-su-static-prod.wtrecom.com/images/products/3/LN_836765_BP_3.jpg,https://www.waitrose.com/ecom/products/no-1-strained-natural-greek-yogurt-large/836765-291542-291543,No. 1 Strained Natural Greek Yogurt Large,500g,£2.35,47p/100g,,Fresh & Chilled
053446,Essential British Free Range Skimmed Milk 2 Pints,G,false,79,https://ecom-su-static-prod.wtrecom.com/images/products/3/LN_053446_BP_3.jpg,https://www.waitrose.com/ecom/products/essential-british-free-range-skimmed-milk-2-pints/053446-26745-26746,Essential British Free Range Skimmed Milk 2 Pints,1.136litre,£1.25,£1.11/litre,,Fresh & Chilled
564598,Duchy Organic Salad Cucumber,G,false,80,https://ecom-su-static-prod.wtrecom.com/images/products/3/LN_564598_BP_3.jpg,https://www.waitrose.com/ecom/products/duchy-organic-salad-cucumber/564598-79966-79967,Duchy Organic Salad Cucumber,each,£1.40,£1.40 each,,Fresh & Chilled
370623,Waitrose 2 MSC Wild Keta Salmon Fillets,G,true,81,https://ecom-su-static-prod.wtrecom.com/images/products/3/LN_370623_BP_3.jpg,https://www.waitrose.com/ecom/products/waitrose-2-msc-wild-keta-salmon-fillets/370623-237474-237475,Waitrose 2 MSC Wild Keta Salmon Fillets,220g,£5.50,£25/kg,Add 3 for £12,Fresh & Chilled
086434,Essential Iceberg Lettuce,G,false,82,https://ecom-su-static-prod.wtrecom.com/images/products/3/LN_086434_BP_3.jpg,https://www.waitrose.com/ecom/products/essential-iceberg-lettuce/086434-44134-44135,Essential Iceberg Lettuce,Each,90p,90p each,,Fresh & Chilled
088416,Essential Easy Peelers,G,false,83,https://ecom-su-static-prod.wtrecom.com/images/products/3/LN_088416_BP_3.jpg,https://www.waitrose.com/ecom/products/essential-easy-peelers/088416-45367-45368,Essential Easy Peelers,600g,£1.50,£2.50/kg,,Fresh & Chilled
086926,Waitrose Wild Rocket,G,false,84,https://ecom-su-static-prod.wtrecom.com/images/products/3/LN_086926_BP_3.jpg,https://www.waitrose.com/ecom/products/waitrose-wild-rocket/086926-44412-44413,Waitrose Wild Rocket,90g,£1.75,£1.95/100g,,Fresh & Chilled
437574,No.1 Speciality British Strawberries,G,true,85,https://ecom-su-static-prod.wtrecom.com/images/products/3/LN_437574_BP_3.jpg,https://www.waitrose.com/ecom/products/no1-speciality-british-strawberries/437574-61584-61585,No.1 Speciality British Strawberries,365g,£4.00,£10.96/kg,Add 2 for £6,Fresh & Chilled
085418,Waitrose Trimmed Fine Green Beans,G,false,86,https://ecom-su-static-prod.wtrecom.com/images/products/3/LN_085418_BP_3.jpg,https://www.waitrose.com/ecom/products/waitrose-trimmed-fine-green-beans/085418-43456-43457,Waitrose Trimmed Fine Green Beans,200g,£1.50,£7.50/kg,,Fresh & Chilled
053447,Essential British Free Range Semi-Skimmed Milk 1 Pint,G,false,87,https://ecom-su-static-prod.wtrecom.com/images/products/3/LN_053447_BP_3.jpg,https://www.waitrose.com/ecom/products/essential-british-free-range-semi-skimmed-milk-1-pint/053447-26747-26748,Essential British Free Range Semi-Skimmed Milk 1 Pint,568ml,95p,£1.68/litre,,Fresh & Chilled
088434,Waitrose Red Grapefruit,G,false,88,https://ecom-su-static-prod.wtrecom.com/images/products/3/LN_088434_BP_3.jpg,https://www.waitrose.com/ecom/products/waitrose-red-grapefruit/088434-45383-45384,Waitrose Red Grapefruit,Each,60p,60p each,,Fresh & Chilled
085908,Waitrose Baby Beetroot,G,false,89,https://ecom-su-static-prod.wtrecom.com/images/products/3/LN_085908_BP_3.jpg,https://www.waitrose.com/ecom/products/waitrose-baby-beetroot/085908-43826-43827,Waitrose Baby Beetroot,250g,£1.00,£4/kg,,Fresh & Chilled
086458,Essential Radish,G,false,90,https://ecom-su-static-prod.wtrecom.com/images/products/3/LN_086458_BP_3.jpg,https://www.waitrose.com/ecom/products/essential-radish/086458-44154-44155,Essential Radish,200g,65p,£3.25/kg,,Fresh & Chilled
531920,Waitrose 2 Mediterranean Sea Bass Fillets,G,true,91,https://ecom-su-static-prod.wtrecom.com/images/products/3/LN_531920_BP_3.jpg,https://www.waitrose.com/ecom/products/waitrose-2-mediterranean-sea-bass-fillets/531920-237538-237539,Waitrose 2 Mediterranean Sea Bass Fillets,180g,£5.50,£30.56/kg,Add 3 for £12,Fresh & Chilled
477602,Duchy Organic Broccoli,G,false,92,https://ecom-su-static-prod.wtrecom.com/images/products/3/LN_477602_BP_3.jpg,https://www.waitrose.com/ecom/products/duchy-organic-broccoli/477602-428563-67380,Duchy Organic Broccoli,350g,£1.50,£4.29/kg,,Fresh & Chilled
053924,Duchy Organic Homogenised Semi-Skimmed Milk 4 pints,G,false,93,https://ecom-su-static-prod.wtrecom.com/images/products/3/LN_053924_BP_3.jpg,https://www.waitrose.com/ecom/products/duchy-organic-homogenised-semi-skimmed-milk-4-pints/053924-27034-27035,Duchy Organic Homogenised Semi-Skimmed Milk 4 pints,2.272litre,£2.25,99p/litre,,Fresh & Chilled
690849,Essential Chicken Breast Fillets 2,G,true,94,https://ecom-su-static-prod.wtrecom.com/images/products/3/LN_690849_BP_3.jpg,https://www.waitrose.com/ecom/products/essential-chicken-breast-fillets-2/690849-260860-260861,Essential Chicken Breast Fillets 2,380g,£4.40,£11.58/kg,Add 3 for £12,Fresh & Chilled
507172,Essential Ready to Eat Avocado,G,true,95,https://ecom-su-static-prod.wtrecom.com/images/products/3/LN_507172_BP_3.jpg,https://www.waitrose.com/ecom/products/essential-ready-to-eat-avocado/507172-802462-802463,Essential Ready to Eat Avocado,Each,64p,64p each,20% Off. Was 80p,Fresh & Chilled
085040,Waitrose Baby Jersey Royal New Potatoes,G,false,96,https://ecom-su-static-prod.wtrecom.com/images/products/3/LN_085040_BP_3.jpg,https://www.waitrose.com/ecom/products/waitrose-baby-jersey-royal-new-potatoes/085040-43149-43150,Waitrose Baby Jersey Royal New Potatoes,500g,£2.25,£4.50/kg,,Fresh & Chilled
056130,Waitrose Deli Style Coleslaw,G,false,97,https://ecom-su-static-prod.wtrecom.com/images/products/3/LN_056130_BP_3.jpg,https://www.waitrose.com/ecom/products/waitrose-deli-style-coleslaw/056130-28133-28134,Waitrose Deli Style Coleslaw,300g,£1.75,58.3p/100g,,Fresh & Chilled
088701,Essential Loose Conference Pears,G,false,98,https://ecom-su-static-prod.wtrecom.com/images/products/3/LN_088701_BP_3.jpg,https://www.waitrose.com/ecom/products/essential-loose-conference-pears/088701-45579-45580,Essential Loose Conference Pears,Typical weight 0.2kg,48p each est.,£2.40/kg,,Fresh & Chilled
819208,Clarence Court Burford Brown Medium Eggs,G,true,99,https://ecom-su-static-prod.wtrecom.com/images/products/3/LN_819208_BP_3.jpg,https://www.waitrose.com/ecom/products/clarence-court-burford-brown-medium-eggs/819208-688395-688396,Clarence Court Burford Brown Medium Eggs,6s,£2.43,40.5p each,25% Off. Was £3.25,Fresh & Chilled
047836,Tenderstem Broccoli Spears,G,false,100,https://ecom-su-static-prod.wtrecom.com/images/products/3/LN_047836_BP_3.jpg,https://www.waitrose.com/ecom/products/tenderstem-broccoli-spears/047836-23680-23681,Tenderstem Broccoli Spears,200g,£1.70,£8.50/kg,,Fresh & Chilled
053444,Essential British Free Range Skimmed Milk 4 Pints,G,false,101,https://ecom-su-static-prod.wtrecom.com/images/products/3/LN_053444_BP_3.jpg,https://www.waitrose.com/ecom/products/essential-british-free-range-skimmed-milk-4-pints/053444-26741-26742,Essential British Free Range Skimmed Milk 4 Pints,2.272litre,£1.55,68.2p/litre,,Fresh & Chilled
086413,Essential Yellow Peppers,G,false,102,https://ecom-su-static-prod.wtrecom.com/images/products/3/LN_086413_BP_3.jpg,https://www.waitrose.com/ecom/products/essential-yellow-peppers/086413-44122-44123,Essential Yellow Peppers,Typical weight 0.16kg,60p each est.,£3.75/kg,,Fresh & Chilled
032649,Arla Lactofree Lactose Free Semi-Skimmed Milk Alternative,G,false,103,https://ecom-su-static-prod.wtrecom.com/images/products/3/LN_032649_BP_3.jpg,https://www.waitrose.com/ecom/products/arla-lactofree-lactose-free-semi-skimmed-milk-alternative/032649-15969-15970,Arla Lactofree Lactose Free Semi-Skimmed Milk Alternative,1litre,£1.95,£1.95/litre,,Fresh & Chilled
017798,Waitrose Mixed Baby Tomatoes,G,false,104,https://ecom-su-static-prod.wtrecom.com/images/products/3/LN_017798_BP_3.jpg,https://www.waitrose.com/ecom/products/waitrose-mixed-baby-tomatoes/017798-8616-8617,Waitrose Mixed Baby Tomatoes,250g,£2.50,£10/kg,,Fresh & Chilled
749960,Essential Greek Feta Cheese Strength 3,G,false,105,https://ecom-su-static-prod.wtrecom.com/images/products/3/LN_749960_BP_3.jpg,https://www.waitrose.com/ecom/products/essential-greek-feta-cheese-strength-3/749960-129790-129791,Essential Greek Feta Cheese Strength 3,200g,£2.15,£10.75/kg,,Fresh & Chilled
088643,Essential Braeburn Apples,G,false,106,https://ecom-su-static-prod.wtrecom.com/images/products/3/LN_088643_BP_3.jpg,https://www.waitrose.com/ecom/products/essential-braeburn-apples/088643-45529-45530,Essential Braeburn Apples,minimum 5,£1.80,36p each,,Fresh & Chilled
746702,Waitrose British Native Breed Beef Mince 5% Fat,G,false,107,https://ecom-su-static-prod.wtrecom.com/images/products/3/LN_746702_BP_3.jpg,https://www.waitrose.com/ecom/products/waitrose-british-native-breed-beef-mince-5-fat/746702-806251-806252,Waitrose British Native Breed Beef Mince 5% Fat,500g,£6.25,£12.50/kg,,Fresh & Chilled
086150,Cooks' Ingredients Root Ginger,G,false,108,https://ecom-su-static-prod.wtrecom.com/images/products/3/LN_086150_BP_3.jpg,https://www.waitrose.com/ecom/products/cooks-ingredients-root-ginger/086150-43995-43996,Cooks' Ingredients Root Ginger,,£6.20,per kg,,Fresh & Chilled
081995,Waitrose Smooth Orange Juice,G,false,109,https://ecom-su-static-prod.wtrecom.com/images/products/3/LN_081995_BP_3.jpg,https://www.waitrose.com/ecom/products/waitrose-smooth-orange-juice/081995-41701-41702,Waitrose Smooth Orange Juice,1litre,£2.10,21p/100ml,,Fresh & Chilled
086144,Cooks' Ingredients Garlic,G,false,110,https://ecom-su-static-prod.wtrecom.com/images/products/3/LN_086144_BP_3.jpg,https://www.waitrose.com/ecom/products/cooks-ingredients-garlic/086144-43989-43990,Cooks' Ingredients Garlic,3s,80p,26.7p each,,Fresh & Chilled
492694,Waitrose White Flesh Nectarines,G,true,111,https://ecom-su-static-prod.wtrecom.com/images/products/3/LN_492694_BP_3.jpg,https://www.waitrose.com/ecom/products/waitrose-white-flesh-nectarines/492694-601664-601665,Waitrose White Flesh Nectarines,4s,£3.00,75p each,Add 2 for £4,Fresh & Chilled
086469,Essential Large Cucumber,G,false,112,https://ecom-su-static-prod.wtrecom.com/images/products/3/LN_086469_BP_3.jpg,https://www.waitrose.com/ecom/products/essential-large-cucumber/086469-44160-44161,Essential Large Cucumber,Each,£1.10,£1.10 each,,Fresh & Chilled
088458,Essential Limes,G,true,113,https://ecom-su-static-prod.wtrecom.com/images/products/3/LN_088458_BP_3.jpg,https://www.waitrose.com/ecom/products/essential-limes/088458-45397-45398,Essential Limes,6s,£1.50,25p each,Add 2 for £2.50,Fresh & Chilled
771324,Waitrose Sweet Cos,G,false,114,https://ecom-su-static-prod.wtrecom.com/images/products/3/LN_771324_BP_3.jpg,https://www.waitrose.com/ecom/products/waitrose-sweet-cos/771324-350037-350038,Waitrose Sweet Cos,2s,£1.55,77.5p each,,Fresh & Chilled
062270,Waitrose Perfectly Ripe Conference Pear,G,false,115,https://ecom-su-static-prod.wtrecom.com/images/products/3/LN_062270_BP_3.jpg,https://www.waitrose.com/ecom/products/waitrose-perfectly-ripe-conference-pear/062270-31601-31602,Waitrose Perfectly Ripe Conference Pear,4s,£2.75,68.8p each,,Fresh & Chilled
086103,Cooks' Ingredients Aromatic Coriander,G,false,116,https://ecom-su-static-prod.wtrecom.com/images/products/3/LN_086103_BP_3.jpg,https://www.waitrose.com/ecom/products/cooks-ingredients-aromatic-coriander/086103-43925-43926,Cooks' Ingredients Aromatic Coriander,25g,80p,32p/10g,,Fresh & Chilled
085147,Essential Parsnips,G,false,117,https://ecom-su-static-prod.wtrecom.com/images/products/3/LN_085147_BP_3.jpg,https://www.waitrose.com/ecom/products/essential-parsnips/085147-43236-43237,Essential Parsnips,Typical weight 0.22kg,44p each est.,£2.00/kg,,Fresh & Chilled
085235,Essential Spinach,G,false,118,https://ecom-su-static-prod.wtrecom.com/images/products/3/LN_085235_BP_3.jpg,https://www.waitrose.com/ecom/products/essential-spinach/085235-43313-43314,Essential Spinach,260g,£1.60,£6.16/kg,,Fresh & Chilled
040593,Essential Chicken Mini Fillets,G,false,119,https://ecom-su-static-prod.wtrecom.com/images/products/3/LN_040593_BP_3.jpg,https://www.waitrose.com/ecom/products/essential-chicken-mini-fillets/040593-20051-20052,Essential Chicken Mini Fillets,400g,£3.50,£8.75/kg,,Fresh & Chilled
723779,Oatly Oat Barista Dairy Free Milk Alternative,G,false,120,https://ecom-su-static-prod.wtrecom.com/images/products/3/LN_723779_BP_3.jpg,https://www.waitrose.com/ecom/products/oatly-oat-barista-dairy-free-milk-alternative/723779-512984-512985,Oatly Oat Barista Dairy Free Milk Alternative,1litre,£2.20,£2.20/litre,,Fresh & Chilled
085481,Essential Sweetcorn,G,false,121,https://ecom-su-static-prod.wtrecom.com/images/products/3/LN_085481_BP_3.jpg,https://www.waitrose.com/ecom/products/essential-sweetcorn/085481-43548-43549,Essential Sweetcorn,2s,£1.50,75p each,,Fresh & Chilled
761195,Waitrose Finely Sliced Wiltshire Honey Ham,G,true,122,https://ecom-su-static-prod.wtrecom.com/images/products/3/LN_761195_BP_3.jpg,https://www.waitrose.com/ecom/products/waitrose-finely-sliced-wiltshire-honey-ham/761195-319650-319651,Waitrose Finely Sliced Wiltshire Honey Ham,130g,£3.50,£2.70/100g,Add 2 for £6,Fresh & Chilled
053142,Essential Salad Mixed,G,false,123,https://ecom-su-static-prod.wtrecom.com/images/products/3/LN_053142_BP_3.jpg,https://www.waitrose.com/ecom/products/essential-salad-mixed/053142-26529-26530,Essential Salad Mixed,100g,95p,95p/100g,,Fresh & Chilled
517247,Waitrose Peaches,G,true,124,https://ecom-su-static-prod.wtrecom.com/images/products/3/LN_517247_BP_3.jpg,https://www.waitrose.com/ecom/products/waitrose-peaches/517247-497776-497777,Waitrose Peaches,4s,£3.25,81.3p each,Add 2 for £4,Fresh & Chilled
085263,Waitrose Broccoli Crown,G,false,125,https://ecom-su-static-prod.wtrecom.com/images/products/3/LN_085263_BP_3.jpg,https://www.waitrose.com/ecom/products/waitrose-broccoli-crown/085263-43358-43359,Waitrose Broccoli Crown,300g,£1.25,£4.17/kg,,Fresh & Chilled
044889,044889 - Essential Double Cream Large,G,false,126,https://ecom-su-static-prod.wtrecom.com/images/products/3/LN_044889_BP_3.jpg,https://www.waitrose.com/ecom/products/044889-essential-double-cream-large/044889-421423-22158,044889 - Essential Double Cream Large,600ml,£2.25,37.5p/100ml,,Fresh & Chilled
568810,Waitrose Cantaloupe Melon,G,true,127,https://ecom-su-static-prod.wtrecom.com/images/products/3/LN_568810_BP_3.jpg,https://www.waitrose.com/ecom/products/waitrose-cantaloupe-melon/568810-381887-381888,Waitrose Cantaloupe Melon,Each,£2.90,£2.90 each,Add 2 for £4,Fresh & Chilled
086509,No.1 Red Choice Tomatoes,G,false,128,https://ecom-su-static-prod.wtrecom.com/images/products/3/LN_086509_BP_3.jpg,https://www.waitrose.com/ecom/products/no1-red-choice-tomatoes/086509-44190-44191,No.1 Red Choice Tomatoes,300g,£2.70,£9/kg,,Fresh & Chilled
086404,Waitrose Romano Peppers,G,false,129,https://ecom-su-static-prod.wtrecom.com/images/products/3/LN_086404_BP_3.jpg,https://www.waitrose.com/ecom/products/waitrose-romano-peppers/086404-44108-44109,Waitrose Romano Peppers,180g,£1.80,£10/kg,,Fresh & Chilled
809673,Waitrose Breaded Chunky Cod,G,true,130,https://ecom-su-static-prod.wtrecom.com/images/products/3/LN_809673_BP_3.jpg,https://www.waitrose.com/ecom/products/waitrose-breaded-chunky-cod/809673-689642-689643,Waitrose Breaded Chunky Cod,350g,£5.75,£16.43/kg,Add 3 for £12,Fresh & Chilled
085476,Waitrose Asparagus Tips,G,false,131,https://ecom-su-static-prod.wtrecom.com/images/products/3/LN_085476_BP_3.jpg,https://www.waitrose.com/ecom/products/waitrose-asparagus-tips/085476-43542-43543,Waitrose Asparagus Tips,100g,£2.00,£20/kg,,Fresh & Chilled
851405,Essential A Little Less Than Perfect British Strawberries,G,false,132,https://ecom-su-static-prod.wtrecom.com/images/products/3/LN_851405_BP_3.jpg,https://www.waitrose.com/ecom/products/essential-a-little-less-than-perfect-british-strawberries/851405-780015-780016,Essential A Little Less Than Perfect British Strawberries,250g,£1.70,£6.80/kg,,Fresh & Chilled
048783,Essential Houmous,G,false,133,https://ecom-su-static-prod.wtrecom.com/images/products/3/LN_048783_BP_3.jpg,https://www.waitrose.com/ecom/products/essential-houmous/048783-24278-24279,Essential Houmous,300g,£1.75,58.3p/100g,,Fresh & Chilled
054505,Essential Coleslaw,G,false,134,https://ecom-su-static-prod.wtrecom.com/images/products/3/LN_054505_BP_3.jpg,https://www.waitrose.com/ecom/products/essential-coleslaw/054505-27403-27404,Essential Coleslaw,300g,£1.20,40p/100g,,Fresh & Chilled
088628,Waitrose Royal Gala Apples,G,false,135,https://ecom-su-static-prod.wtrecom.com/images/products/3/LN_088628_BP_3.jpg,https://www.waitrose.com/ecom/products/waitrose-royal-gala-apples/088628-45509-45510,Waitrose Royal Gala Apples,6s,£1.80,30p each,,Fresh & Chilled
697224,Waitrose British Native Breed Thin Cut Sirloin Steak,G,true,136,https://ecom-su-static-prod.wtrecom.com/images/products/3/LN_697224_BP_3.jpg,https://www.waitrose.com/ecom/products/waitrose-british-native-breed-thin-cut-sirloin-steak/697224-134133-134134,Waitrose British Native Breed Thin Cut Sirloin Steak,150g,£4.95,£33/kg,Add 3 for £12,Fresh & Chilled
004908,Kerrygold Pure Irish Salted Butter,G,false,137,https://ecom-su-static-prod.wtrecom.com/images/products/3/LN_004908_BP_3.jpg,https://www.waitrose.com/ecom/products/kerrygold-pure-irish-salted-butter/004908-2111-2112,Kerrygold Pure Irish Salted Butter,250g,£2.75,£11/kg,,Fresh & Chilled
878500,Waitrose Large Vine Tomatoes,G,false,138,https://ecom-su-static-prod.wtrecom.com/images/products/3/LN_878500_BP_3.jpg,https://www.waitrose.com/ecom/products/waitrose-large-vine-tomatoes/878500-668796-668797,Waitrose Large Vine Tomatoes,,£4.00,per kg,,Fresh & Chilled
095692,Duchy Organic British Free Range Eggs Large,G,false,139,https://ecom-su-static-prod.wtrecom.com/images/products/3/LN_095692_BP_3.jpg,https://www.waitrose.com/ecom/products/duchy-organic-british-free-range-eggs-large/095692-49035-49036,Duchy Organic British Free Range Eggs Large,6s,£3.50,58.3p each,,Fresh & Chilled
002575,Waitrose Black Seedless Grapes,G,true,140,https://ecom-su-static-prod.wtrecom.com/images/products/3/LN_002575_BP_3.jpg,https://www.waitrose.com/ecom/products/waitrose-black-seedless-grapes/002575-872-873,Waitrose Black Seedless Grapes,400g,£2.80,£7/kg,Add 2 for £4,Fresh & Chilled
387945,Cravendale Filtered Fresher for Longer Semi-Skimmed Milk,G,false,141,https://ecom-su-static-prod.wtrecom.com/images/products/3/LN_387945_BP_3.jpg,https://www.waitrose.com/ecom/products/cravendale-filtered-fresher-for-longer-semi-skimmed-milk/387945-54524-54525,Cravendale Filtered Fresher for Longer Semi-Skimmed Milk,1litre,£1.60,£1.60/litre,,Fresh & Chilled
088436,Waitrose Tangerines,G,true,142,https://ecom-su-static-prod.wtrecom.com/images/products/3/LN_088436_BP_3.jpg,https://www.waitrose.com/ecom/products/waitrose-tangerines/088436-45385-45386,Waitrose Tangerines,600g,£2.50,£4.17/kg,Add 2 for £4,Fresh & Chilled
855677,Waitrose Cypriot Halloumi Cheese Strength 1,G,false,143,https://ecom-su-static-prod.wtrecom.com/images/products/3/LN_855677_BP_3.jpg,https://www.waitrose.com/ecom/products/waitrose-cypriot-halloumi-cheese-strength-1/855677-229577-229578,Waitrose Cypriot Halloumi Cheese Strength 1,250g,£2.80,£11.20/kg,,Fresh & Chilled
018732,Duchy Organic Unhomogenised Whole Milk 4 Pints,G,false,144,https://ecom-su-static-prod.wtrecom.com/images/products/3/LN_018732_BP_3.jpg,https://www.waitrose.com/ecom/products/duchy-organic-unhomogenised-whole-milk-4-pints/018732-9053-9054,Duchy Organic Unhomogenised Whole Milk 4 Pints,2.272litre,£2.25,99p/litre,,Fresh & Chilled
393962,Waitrose Trimmed Baby Sprouts,G,true,145,https://ecom-su-static-prod.wtrecom.com/images/products/3/LN_393962_BP_3.jpg,https://www.waitrose.com/ecom/products/waitrose-trimmed-baby-sprouts/393962-55357-55358,Waitrose Trimmed Baby Sprouts,100g,£1.20,£1.20/100g,Add 3 for £3,Fresh & Chilled
073809,Waitrose Mini Watermelon,G,true,146,https://ecom-su-static-prod.wtrecom.com/images/products/3/LN_073809_BP_3.jpg,https://www.waitrose.com/ecom/products/waitrose-mini-watermelon/073809-37442-37443,Waitrose Mini Watermelon,Each,£2.64,£2.64 each,20% Off. Was £3.30,Fresh & Chilled
808744,Waitrose Filtered British Free Range Semi-Skimmed Milk,G,false,147,https://ecom-su-static-prod.wtrecom.com/images/products/3/LN_808744_BP_3.jpg,https://www.waitrose.com/ecom/products/waitrose-filtered-british-free-range-semi-skimmed-milk/808744-443888-443889,Waitrose Filtered British Free Range Semi-Skimmed Milk,2litre,£1.90,95p/litre,,Fresh & Chilled
088413,Essential Lemons,G,true,148,https://ecom-su-static-prod.wtrecom.com/images/products/3/LN_088413_BP_3.jpg,https://www.waitrose.com/ecom/products/essential-lemons/088413-45363-45364,Essential Lemons,6s,£1.50,25p each,Add 2 for £2.50,Fresh & Chilled
086411,Essential Green Peppers,G,false,149,https://ecom-su-static-prod.wtrecom.com/images/products/3/LN_086411_BP_3.jpg,https://www.waitrose.com/ecom/products/essential-green-peppers/086411-44118-44119,Essential Green Peppers,Typical weight 0.16kg,60p each est.,£3.75/kg,,Fresh & Chilled
867143,Duchy Organic British Free Range Eggs,G,false,150,https://ecom-su-static-prod.wtrecom.com/images/products/3/LN_867143_BP_3.jpg,https://www.waitrose.com/ecom/products/duchy-organic-british-free-range-eggs/867143-373749-373750,Duchy Organic British Free Range Eggs,12s,£5.50,45.8p each,,Fresh & Chilled
088626,Essential Loose Royal Gala Apples,G,false,151,https://ecom-su-static-prod.wtrecom.com/images/products/3/LN_088626_BP_3.jpg,https://www.waitrose.com/ecom/products/essential-loose-royal-gala-apples/088626-45505-45506,Essential Loose Royal Gala Apples,Typical weight 0.16kg,31p each est.,£2.00/kg,,Fresh & Chilled
085213,Essential Pointed Spring Cabbage,G,false,152,https://ecom-su-static-prod.wtrecom.com/images/products/3/LN_085213_BP_3.jpg,https://www.waitrose.com/ecom/products/essential-pointed-spring-cabbage/085213-43285-43286,Essential Pointed Spring Cabbage,Each,95p,95p each,,Fresh & Chilled
819223,Waitrose Butterhead Salad,G,false,153,https://ecom-su-static-prod.wtrecom.com/images/products/3/LN_819223_BP_3.jpg,https://www.waitrose.com/ecom/products/waitrose-butterhead-salad/819223-350085-350086,Waitrose Butterhead Salad,120g,£2.00,£1.67/100g,,Fresh & Chilled
812962,Essential Baby Potatoes,G,false,154,https://ecom-su-static-prod.wtrecom.com/images/products/3/LN_812962_BP_3.jpg,https://www.waitrose.com/ecom/products/essential-baby-potatoes/812962-801502-801503,Essential Baby Potatoes,1Kg,£1.30,£1.30/kg,,Fresh & Chilled
891910,Essential Natural Greek Style Yogurt Large,G,false,155,https://ecom-su-static-prod.wtrecom.com/images/products/3/LN_891910_BP_3.jpg,https://www.waitrose.com/ecom/products/essential-natural-greek-style-yogurt-large/891910-726767-726768,Essential Natural Greek Style Yogurt Large,1Kg,£1.95,19.5p/100g,,Fresh & Chilled
086123,Cooks' Ingredients Basil,G,false,156,https://ecom-su-static-prod.wtrecom.com/images/products/3/LN_086123_BP_3.jpg,https://www.waitrose.com/ecom/products/cooks-ingredients-basil/086123-43955-43956,Cooks' Ingredients Basil,25g,80p,32p/10g,,Fresh & Chilled
426316,Waitrose British Roast Beef Topside 3 Slices,G,true,157,https://ecom-su-static-prod.wtrecom.com/images/products/3/LN_426316_BP_3.jpg,https://www.waitrose.com/ecom/products/waitrose-british-roast-beef-topside-3-slices/426316-156489-156490,Waitrose British Roast Beef Topside 3 Slices,100g,£3.50,£3.50/100g,Add 2 for £6,Fresh & Chilled
670304,Essential Italian Mozzarella Cheese Strength 1,G,false,158,https://ecom-su-static-prod.wtrecom.com/images/products/3/LN_670304_BP_3.jpg,https://www.waitrose.com/ecom/products/essential-italian-mozzarella-cheese-strength-1/670304-705290-705291,Essential Italian Mozzarella Cheese Strength 1,drained 150g,£1.40,£9.34/kg,,Fresh & Chilled
363544,No.1 Free Range 6 Pork Sausages,G,false,159,https://ecom-su-static-prod.wtrecom.com/images/products/3/LN_363544_BP_3.jpg,https://www.waitrose.com/ecom/products/no1-free-range-6-pork-sausages/363544-147843-147844,No.1 Free Range 6 Pork Sausages,400g,£4.50,£11.25/kg,,Fresh & Chilled
054314,Duchy Organic Houmous,G,false,160,https://ecom-su-static-prod.wtrecom.com/images/products/3/LN_054314_BP_3.jpg,https://www.waitrose.com/ecom/products/duchy-organic-houmous/054314-27269-27270,Duchy Organic Houmous,200g,£2.00,£1/100g,,Fresh & Chilled
086410,Essential Mixed Peppers,G,false,161,https://ecom-su-static-prod.wtrecom.com/images/products/3/LN_086410_BP_3.jpg,https://www.waitrose.com/ecom/products/essential-mixed-peppers/086410-44116-44117,Essential Mixed Peppers,3s,£1.70,56.7p each,,Fresh & Chilled
086131,Cooks' Ingredients Flat Leaf Parsley,G,false,162,https://ecom-su-static-prod.wtrecom.com/images/products/3/LN_086131_BP_3.jpg,https://www.waitrose.com/ecom/products/cooks-ingredients-flat-leaf-parsley/086131-43967-43968,Cooks' Ingredients Flat Leaf Parsley,25g,80p,32p/10g,,Fresh & Chilled
016971,Waitrose Beetroot Salad,G,false,163,https://ecom-su-static-prod.wtrecom.com/images/products/3/LN_016971_BP_3.jpg,https://www.waitrose.com/ecom/products/waitrose-beetroot-salad/016971-8193-8194,Waitrose Beetroot Salad,140g,£2.00,£1.43/100g,,Fresh & Chilled
035307,Essential Long Life Semi-Skimmed Milk,G,false,164,https://ecom-su-static-prod.wtrecom.com/images/products/3/LN_035307_BP_3.jpg,https://www.waitrose.com/ecom/products/essential-long-life-semi-skimmed-milk/035307-17781-17782,Essential Long Life Semi-Skimmed Milk,1litre,£1.00,£1/litre,,Fresh & Chilled
649631,Waitrose Blackberries,G,true,165,https://ecom-su-static-prod.wtrecom.com/images/products/3/LN_649631_BP_3.jpg,https://www.waitrose.com/ecom/products/waitrose-blackberries/649631-92200-92201,Waitrose Blackberries,150g,£3.00,£20/kg,Add 2 for £4,Fresh & Chilled
034178,Waitrose Quiche Lorraine,G,true,166,https://ecom-su-static-prod.wtrecom.com/images/products/3/LN_034178_BP_3.jpg,https://www.waitrose.com/ecom/products/waitrose-quiche-lorraine/034178-17117-17118,Waitrose Quiche Lorraine,400g,£3.50,87.5p/100g,Add 2 for £5.50,Fresh & Chilled
043113,Anchor Salted Butter,G,false,167,https://ecom-su-static-prod.wtrecom.com/images/products/3/LN_043113_BP_3.jpg,https://www.waitrose.com/ecom/products/anchor-salted-butter/043113-21282-21283,Anchor Salted Butter,200g,£2.15,£10.75/kg,,Fresh & Chilled
657045,Waitrose 6 Cumberland Pork Sausages,G,true,168,https://ecom-su-static-prod.wtrecom.com/images/products/3/LN_657045_BP_3.jpg,https://www.waitrose.com/ecom/products/waitrose-6-cumberland-pork-sausages/657045-731320-731321,Waitrose 6 Cumberland Pork Sausages,400g,£3.95,£9.88/kg,Add 2 for £5.75,Fresh & Chilled
487450,Waitrose 2 Chicken Kyivs With Garlic And Parsley Butter,G,true,169,https://ecom-su-static-prod.wtrecom.com/images/products/3/LN_487450_BP_3.jpg,https://www.waitrose.com/ecom/products/waitrose-2-chicken-kyivs-with-garlic-and-parsley-butter/487450-136983-136984,Waitrose 2 Chicken Kyivs With Garlic And Parsley Butter,320g,£4.50,£14.07/kg,Add 3 for £12,Fresh & Chilled
540531,Waitrose Trimmed Tenderstem Broccoli,G,true,170,https://ecom-su-static-prod.wtrecom.com/images/products/3/LN_540531_BP_3.jpg,https://www.waitrose.com/ecom/products/waitrose-trimmed-tenderstem-broccoli/540531-76424-76425,Waitrose Trimmed Tenderstem Broccoli,80g,£1.20,£1.50/100g,Add 3 for £3,Fresh & Chilled
038528,Waitrose Perfectly Ripe Kiwi,G,false,171,https://ecom-su-static-prod.wtrecom.com/images/products/3/LN_038528_BP_3.jpg,https://www.waitrose.com/ecom/products/waitrose-perfectly-ripe-kiwi/038528-19191-19192,Waitrose Perfectly Ripe Kiwi,4s,£2.60,65p each,,Fresh & Chilled
088358,Duchy Organic Gala Apples,G,false,172,https://ecom-su-static-prod.wtrecom.com/images/products/3/LN_088358_BP_3.jpg,https://www.waitrose.com/ecom/products/duchy-organic-gala-apples/088358-45326-45327,Duchy Organic Gala Apples,4s,£2.25,56.3p each,,Fresh & Chilled
034054,Waitrose Miniature Potatoes,G,false,173,https://ecom-su-static-prod.wtrecom.com/images/products/3/LN_034054_BP_3.jpg,https://www.waitrose.com/ecom/products/waitrose-miniature-potatoes/034054-17045-17046,Waitrose Miniature Potatoes,500g,£1.95,£3.90/kg,,Fresh & Chilled
085409,Trimmed Sugar Snap Peas,G,false,174,https://ecom-su-static-prod.wtrecom.com/images/products/3/LN_085409_BP_3.jpg,https://www.waitrose.com/ecom/products/trimmed-sugar-snap-peas/085409-43446-43447,Trimmed Sugar Snap Peas,200g,£1.45,£7.25/kg,,Fresh & Chilled
021417,Waitrose Pressed Apple Juice,G,false,175,https://ecom-su-static-prod.wtrecom.com/images/products/3/LN_021417_BP_3.jpg,https://www.waitrose.com/ecom/products/waitrose-pressed-apple-juice/021417-10476-10477,Waitrose Pressed Apple Juice,1litre,£2.10,21p/100ml,,Fresh & Chilled
519514,"Essential Chicken Thighs, Skin-on & Bone-in",G,false,176,https://ecom-su-static-prod.wtrecom.com/images/products/3/LN_519514_BP_3.jpg,https://www.waitrose.com/ecom/products/essential-chicken-thighs-skin-on-bone-in/519514-707754-707755,"Essential Chicken Thighs, Skin-on & Bone-in",1Kg,£3.25,£3.25/kg,,Fresh & Chilled
495389,Essential Unsalted Butter,G,false,177,https://ecom-su-static-prod.wtrecom.com/images/products/3/LN_495389_BP_3.jpg,https://www.waitrose.com/ecom/products/essential-unsalted-butter/495389-70038-70039,Essential Unsalted Butter,250g,£1.75,£7/kg,,Fresh & Chilled
080879,Cooks' Ingredients Red Chillies,G,false,178,https://ecom-su-static-prod.wtrecom.com/images/products/3/LN_080879_BP_3.jpg,https://www.waitrose.com/ecom/products/cooks-ingredients-red-chillies/080879-41159-41160,Cooks' Ingredients Red Chillies,50g,65p,£13/kg,,Fresh & Chilled
005277,Waitrose Babyleaf Salad,G,false,179,https://ecom-su-static-prod.wtrecom.com/images/products/3/LN_005277_BP_3.jpg,https://www.waitrose.com/ecom/products/waitrose-babyleaf-salad/005277-2277-2278,Waitrose Babyleaf Salad,120g,£2.00,£1.67/100g,,Fresh & Chilled
085417,Waitrose Fine Green Beans,G,false,180,https://ecom-su-static-prod.wtrecom.com/images/products/3/LN_085417_BP_3.jpg,https://www.waitrose.com/ecom/products/waitrose-fine-green-beans/085417-43454-43455,Waitrose Fine Green Beans,300g,£2.00,£6.67/kg,,Fresh & Chilled
029108,Essential Mini Apples,G,false,181,https://ecom-su-static-prod.wtrecom.com/images/products/3/LN_029108_BP_3.jpg,https://www.waitrose.com/ecom/products/essential-mini-apples/029108-14181-14182,Essential Mini Apples,6s,£1.00,16.7p each,,Fresh & Chilled
576831,Essential Oat Milk Unsweetened Dairy Free Milk Alternative,G,false,182,https://ecom-su-static-prod.wtrecom.com/images/products/3/LN_576831_BP_3.jpg,https://www.waitrose.com/ecom/products/essential-oat-milk-unsweetened-dairy-free-milk-alternative/576831-759552-759553,Essential Oat Milk Unsweetened Dairy Free Milk Alternative,1litre,£1.10,£1.10/litre,,Fresh & Chilled
574915,Essential Courgettes,G,false,183,https://ecom-su-static-prod.wtrecom.com/images/products/3/LN_574915_BP_3.jpg,https://www.waitrose.com/ecom/products/essential-courgettes/574915-81449-81450,Essential Courgettes,600g,£1.80,£3/kg,,Fresh & Chilled
084522,Yeo Valley Organic Salted Butter,G,true,184,https://ecom-su-static-prod.wtrecom.com/images/products/3/LN_084522_BP_3.jpg,https://www.waitrose.com/ecom/products/yeo-valley-organic-salted-butter/084522-42913-42914,Yeo Valley Organic Salted Butter,200g,£2.95,£14.75/kg,Add 2 for £3.70,Fresh & Chilled
848695,Waitrose British Strawberries,G,true,185,https://ecom-su-static-prod.wtrecom.com/images/products/3/LN_848695_BP_3.jpg,https://www.waitrose.com/ecom/products/waitrose-british-strawberries/848695-344600-344601,Waitrose British Strawberries,600g,£2.85,£4.75/kg,25% Off. Was £3.80,Fresh & Chilled
645021,Essential Large Whole Chicken,G,false,186,https://ecom-su-static-prod.wtrecom.com/images/products/3/LN_645021_BP_3.jpg,https://www.waitrose.com/ecom/products/essential-large-whole-chicken/645021-507910-507911,Essential Large Whole Chicken,1.75Kg,£5.25,£3/kg,,Fresh & Chilled
004713,"Essential Chicken Thigh Fillets, Skinless & Boneless",G,false,187,https://ecom-su-static-prod.wtrecom.com/images/products/3/LN_004713_BP_3.jpg,https://www.waitrose.com/ecom/products/essential-chicken-thigh-fillets-skinless-boneless/004713-2027-2028,"Essential Chicken Thigh Fillets, Skinless & Boneless",Typical weight 0.56kg,£4.76 each est.,£8.50/kg,,Fresh & Chilled
483605,Duchy Organic Babyleaf & Rocket Salad,G,false,188,https://ecom-su-static-prod.wtrecom.com/images/products/3/LN_483605_BP_3.jpg,https://www.waitrose.com/ecom/products/duchy-organic-babyleaf-rocket-salad/483605-349790-349791,Duchy Organic Babyleaf & Rocket Salad,100g,£2.15,£2.15/100g,,Fresh & Chilled
698580,Essential Chicken Breast Fillets,G,false,189,https://ecom-su-static-prod.wtrecom.com/images/products/3/LN_698580_BP_3.jpg,https://www.waitrose.com/ecom/products/essential-chicken-breast-fillets/698580-750402-750403,Essential Chicken Breast Fillets,1.2Kg,£7.95,£6.63/kg,,Fresh & Chilled
056493,Waitrose Lambs Lettuce,G,false,190,https://ecom-su-static-prod.wtrecom.com/images/products/3/LN_056493_BP_3.jpg,https://www.waitrose.com/ecom/products/waitrose-lambs-lettuce/056493-28365-28366,Waitrose Lambs Lettuce,90g,£1.75,£1.95/100g,,Fresh & Chilled
090899,Waitrose Watercress,G,false,191,https://ecom-su-static-prod.wtrecom.com/images/products/3/LN_090899_BP_3.jpg,https://www.waitrose.com/ecom/products/waitrose-watercress/090899-46817-46818,Waitrose Watercress,80g,£1.50,£1.88/100g,,Fresh & Chilled
635349,Yeo Valley Organic Kefir Natural Yogurt,G,false,192,https://ecom-su-static-prod.wtrecom.com/images/products/3/LN_635349_BP_3.jpg,https://www.waitrose.com/ecom/products/yeo-valley-organic-kefir-natural-yogurt/635349-673693-673694,Yeo Valley Organic Kefir Natural Yogurt,350g,£2.10,60p/100g,,Fresh & Chilled
080735,Waitrose Orange Juice with Bits,G,false,193,https://ecom-su-static-prod.wtrecom.com/images/products/3/LN_080735_BP_3.jpg,https://www.waitrose.com/ecom/products/waitrose-orange-juice-with-bits/080735-41091-41092,Waitrose Orange Juice with Bits,1litre,£2.10,21p/100ml,,Fresh & Chilled
078986,Duchy Organic Large Vine Tomatoes,G,false,194,https://ecom-su-static-prod.wtrecom.com/images/products/3/LN_078986_BP_3.jpg,https://www.waitrose.com/ecom/products/duchy-organic-large-vine-tomatoes/078986-40203-40204,Duchy Organic Large Vine Tomatoes,425g,£2.75,£6.48/kg,,Fresh & Chilled
737519,Waitrose 4 British Native Breed Beef Quarterpounders,G,true,195,https://ecom-su-static-prod.wtrecom.com/images/products/3/LN_737519_BP_3.jpg,https://www.waitrose.com/ecom/products/waitrose-4-british-native-breed-beef-quarterpounders/737519-104838-104839,Waitrose 4 British Native Breed Beef Quarterpounders,454g,£4.50,£9.92/kg,Add 3 for £12,Fresh & Chilled
042895,Waitrose Egg Noodles,G,true,196,https://ecom-su-static-prod.wtrecom.com/images/products/3/LN_042895_BP_3.jpg,https://www.waitrose.com/ecom/products/waitrose-egg-noodles/042895-21200-21201,Waitrose Egg Noodles,275g,£1.25,£4.55/kg,"£7 Stir Fry Meal Deal: Add protein, veg, sauce & rice or noodles",Fresh & Chilled
819592,Clarence Court Large Burford Browns FR Eggs,G,false,197,https://ecom-su-static-prod.wtrecom.com/images/products/3/LN_819592_BP_3.jpg,https://www.waitrose.com/ecom/products/clarence-court-large-burford-browns-fr-eggs/819592-635098-635099,Clarence Court Large Burford Browns FR Eggs,6s,£3.95,65.8p each,,Fresh & Chilled
015880,Waitrose Watercress Spinach Rocket Salad,G,false,198,https://ecom-su-static-prod.wtrecom.com/images/products/3/LN_015880_BP_3.jpg,https://www.waitrose.com/ecom/products/waitrose-watercress-spinach-rocket-salad/015880-7597-7598,Waitrose Watercress Spinach Rocket Salad,110g,£2.00,£1.82/100g,,Fresh & Chilled
792711,Waitrose Roast Chicken Breast Fillets 2,G,false,199,https://ecom-su-static-prod.wtrecom.com/images/products/3/LN_792711_BP_3.jpg,https://www.waitrose.com/ecom/products/waitrose-roast-chicken-breast-fillets-2/792711-112765-112766,Waitrose Roast Chicken Breast Fillets 2,Typical weight 0.17kg,£3.72 each est.,£21.75/kg,,Fresh & Chilled
048574,Duchy Organic Little Gem Lettuce,G,false,200,https://ecom-su-static-prod.wtrecom.com/images/products/3/LN_048574_BP_3.jpg,https://www.waitrose.com/ecom/products/duchy-organic-little-gem-lettuce/048574-24130-24131,Duchy Organic Little Gem Lettuce,2Each,£1.75,87.5p each,,Fresh & Chilled
016390,Duchy Organic Homogenised Semi-Skimmed Milk 2 pints,G,false,201,https://ecom-su-static-prod.wtrecom.com/images/products/3/LN_016390_BP_3.jpg,https://www.waitrose.com/ecom/products/duchy-organic-homogenised-semi-skimmed-milk-2-pints/016390-7844-7845,Duchy Organic Homogenised Semi-Skimmed Milk 2 pints,1.136litre,£1.65,£1.46/litre,,Fresh & Chilled
014520,Duchy Organic British Free Range Medium Eggs,G,false,202,https://ecom-su-static-prod.wtrecom.com/images/products/3/LN_014520_BP_3.jpg,https://www.waitrose.com/ecom/products/duchy-organic-british-free-range-medium-eggs/014520-6974-6975,Duchy Organic British Free Range Medium Eggs,6s,£2.75,45.8p each,,Fresh & Chilled
088313,Essential Galia Melon,G,true,203,https://ecom-su-static-prod.wtrecom.com/images/products/3/LN_088313_BP_3.jpg,https://www.waitrose.com/ecom/products/essential-galia-melon/088313-428554-45278,Essential Galia Melon,Each,£2.10,£2.10 each,Add 2 for £4,Fresh & Chilled
824757,Waitrose British Corned Beef 4 Slices,G,true,204,https://ecom-su-static-prod.wtrecom.com/images/products/3/LN_824757_BP_3.jpg,https://www.waitrose.com/ecom/products/waitrose-british-corned-beef-4-slices/824757-319696-319697,Waitrose British Corned Beef 4 Slices,100g,£3.50,£3.50/100g,Add 2 for £6,Fresh & Chilled
088151,Waitrose Cherries,G,false,205,https://ecom-su-static-prod.wtrecom.com/images/products/3/LN_088151_BP_3.jpg,https://www.waitrose.com/ecom/products/waitrose-cherries/088151-45133-45134,Waitrose Cherries,200g,£2.50,£12.50/kg,,Fresh & Chilled
025513,Cravendale Filtered Fresher for Longer Whole Milk Large,G,true,206,https://ecom-su-static-prod.wtrecom.com/images/products/3/LN_025513_BP_3.jpg,https://www.waitrose.com/ecom/products/cravendale-filtered-fresher-for-longer-whole-milk-large/025513-12430-12431,Cravendale Filtered Fresher for Longer Whole Milk Large,2litre,£2.50,£1.25/litre,Add 2 for £4,Fresh & Chilled
028605,Yeo Valley Organic Unsalted Butter,G,true,207,https://ecom-su-static-prod.wtrecom.com/images/products/3/LN_028605_BP_3.jpg,https://www.waitrose.com/ecom/products/yeo-valley-organic-unsalted-butter/028605-13942-13943,Yeo Valley Organic Unsalted Butter,200g,£2.95,£14.75/kg,Add 2 for £3.70,Fresh & Chilled
436781,Waitrose British Roast Ham,G,true,208,https://ecom-su-static-prod.wtrecom.com/images/products/3/LN_436781_BP_3.jpg,https://www.waitrose.com/ecom/products/waitrose-british-roast-ham/436781-319540-319541,Waitrose British Roast Ham,125g,£3.25,£2.60/100g,Add 2 for £5.50,Fresh & Chilled
085701,Essential Cup Mushrooms,G,false,209,https://ecom-su-static-prod.wtrecom.com/images/products/3/LN_085701_BP_3.jpg,https://www.waitrose.com/ecom/products/essential-cup-mushrooms/085701-372143-43723,Essential Cup Mushrooms,Typical weight 0.03kg,10p each est.,£3.25/kg,,Fresh & Chilled
092923,Waitrose Stonebaked Pepperoni Pizza,G,false,210,https://ecom-su-static-prod.wtrecom.com/images/products/3/LN_092923_BP_3.jpg,https://www.waitrose.com/ecom/products/waitrose-stonebaked-pepperoni-pizza/092923-47761-47762,Waitrose Stonebaked Pepperoni Pizza,385g,£4.95,£12.86/kg,,Fresh & Chilled
518862,Waitrose Romaine Lettuce Hearts,G,false,211,https://ecom-su-static-prod.wtrecom.com/images/products/3/LN_518862_BP_3.jpg,https://www.waitrose.com/ecom/products/waitrose-romaine-lettuce-hearts/518862-807143-807144,Waitrose Romaine Lettuce Hearts,2s,£1.30,65p each,,Fresh & Chilled
040136,Cathedral City Mature Cheddar Cheese,G,false,212,https://ecom-su-static-prod.wtrecom.com/images/products/3/LN_040136_BP_3.jpg,https://www.waitrose.com/ecom/products/cathedral-city-mature-cheddar-cheese/040136-19857-19858,Cathedral City Mature Cheddar Cheese,350g,£4.25,£12.15/kg,,Fresh & Chilled
837555,No.1 Longstock Gold Free Range Eggs,G,true,213,https://ecom-su-static-prod.wtrecom.com/images/products/3/LN_837555_BP_3.jpg,https://www.waitrose.com/ecom/products/no1-longstock-gold-free-range-eggs/837555-791394-791395,No.1 Longstock Gold Free Range Eggs,6s,£2.20,36.7p each,20% Off. Was £2.75,Fresh & Chilled
779803,Essential Extra Mature Cheddar Cheese Strength 6 Large,G,false,214,https://ecom-su-static-prod.wtrecom.com/images/products/3/LN_779803_BP_3.jpg,https://www.waitrose.com/ecom/products/essential-extra-mature-cheddar-cheese-strength-6-large/779803-382226-382227,Essential Extra Mature Cheddar Cheese Strength 6 Large,750g,£4.95,£6.60/kg,,Fresh & Chilled
088473,Waitrose Large Orange,G,false,215,https://ecom-su-static-prod.wtrecom.com/images/products/3/LN_088473_BP_3.jpg,https://www.waitrose.com/ecom/products/waitrose-large-orange/088473-45415-45416,Waitrose Large Orange,Each,65p,65p each,,Fresh & Chilled
088465,Waitrose Extra Large Oranges,G,false,216,https://ecom-su-static-prod.wtrecom.com/images/products/3/LN_088465_BP_3.jpg,https://www.waitrose.com/ecom/products/waitrose-extra-large-oranges/088465-45409-45410,Waitrose Extra Large Oranges,4s,£3.00,75p each,,Fresh & Chilled
045883,Waitrose 8 Dry Cured Smoked Back Bacon Rashers,G,true,217,https://ecom-su-static-prod.wtrecom.com/images/products/3/LN_045883_BP_3.jpg,https://www.waitrose.com/ecom/products/waitrose-8-dry-cured-smoked-back-bacon-rashers/045883-22599-22600,Waitrose 8 Dry Cured Smoked Back Bacon Rashers,250g,£4.00,£16/kg,Add 2 for £7,Fresh & Chilled
085556,Duchy Organic Celery,G,false,218,https://ecom-su-static-prod.wtrecom.com/images/products/3/LN_085556_BP_3.jpg,https://www.waitrose.com/ecom/products/duchy-organic-celery/085556-43648-43649,Duchy Organic Celery,Each,£1.55,£1.55 each,,Fresh & Chilled
085202,Waitrose Trimmed Leeks,G,false,219,https://ecom-su-static-prod.wtrecom.com/images/products/3/LN_085202_BP_3.jpg,https://www.waitrose.com/ecom/products/waitrose-trimmed-leeks/085202-43268-43269,Waitrose Trimmed Leeks,400g,£1.65,£4.13/kg,,Fresh & Chilled
041145,Boursin French Garlic & Herb Soft Cheese,G,false,220,https://ecom-su-static-prod.wtrecom.com/images/products/3/LN_041145_BP_3.jpg,https://www.waitrose.com/ecom/products/boursin-french-garlic-herb-soft-cheese/041145-20346-20347,Boursin French Garlic & Herb Soft Cheese,150g,£2.75,£18.34/kg,,Fresh & Chilled
074259,Waitrose Tenderstem Broccoli & Fine Beans,G,true,221,https://ecom-su-static-prod.wtrecom.com/images/products/3/LN_074259_BP_3.jpg,https://www.waitrose.com/ecom/products/waitrose-tenderstem-broccoli-fine-beans/074259-37708-37709,Waitrose Tenderstem Broccoli & Fine Beans,190g,£2.20,£11.58/kg,Add 2 for £3.50,Fresh & Chilled
822557,Essential Fat Free Natural Greek Style Yogurt,G,false,222,https://ecom-su-static-prod.wtrecom.com/images/products/3/LN_822557_BP_3.jpg,https://www.waitrose.com/ecom/products/essential-fat-free-natural-greek-style-yogurt/822557-405816-405817,Essential Fat Free Natural Greek Style Yogurt,500g,£1.10,22p/100g,,Fresh & Chilled
736290,Waitrose British Somerset Brie Cheese Strength 2,G,true,223,https://ecom-su-static-prod.wtrecom.com/images/products/3/LN_736290_BP_3.jpg,https://www.waitrose.com/ecom/products/waitrose-british-somerset-brie-cheese-strength-2/736290-202405-202406,Waitrose British Somerset Brie Cheese Strength 2,230g,£1.87,£8.14/kg,25% Off. Was £2.50,Fresh & Chilled
056525,Cooks' Ingredients Coriander,G,false,224,https://ecom-su-static-prod.wtrecom.com/images/products/3/LN_056525_BP_3.jpg,https://www.waitrose.com/ecom/products/cooks-ingredients-coriander/056525-28377-28378,Cooks' Ingredients Coriander,100g,£1.65,16.5p/10g,,Fresh & Chilled
620346,Charlie Bigham's Fish Pie for 1,G,true,225,https://ecom-su-static-prod.wtrecom.com/images/products/3/LN_620346_BP_3.jpg,https://www.waitrose.com/ecom/products/charlie-bighams-fish-pie-for-1/620346-425906-425907,Charlie Bigham's Fish Pie for 1,340g,£6.00,£17.65/kg,Add 2 for £11,Fresh & Chilled
429716,Essential Parmigiano Reggiano DOP Parmesan Cheese Strength 5,G,false,226,https://ecom-su-static-prod.wtrecom.com/images/products/3/LN_429716_BP_3.jpg,https://www.waitrose.com/ecom/products/essential-parmigiano-reggiano-dop-parmesan-cheese-strength-5/429716-129600-129601,Essential Parmigiano Reggiano DOP Parmesan Cheese Strength 5,175g,£3.00,£17.15/kg,,Fresh & Chilled
025926,Waitrose Ruby Gem Lettuce…,G,false,227,https://ecom-su-static-prod.wtrecom.com/images/products/3/LN_025926_BP_3.jpg,https://www.waitrose.com/ecom/products/waitrose-ruby-gem-lettuce/025926-12638-12639,Waitrose Ruby Gem Lettuce…,2s,£1.55,77.5p each,,Fresh & Chilled
062220,No.1 2 Wild Alaskan Sockeye Salmon Fillets,G,false,228,https://ecom-su-static-prod.wtrecom.com/images/products/3/LN_062220_BP_3.jpg,https://www.waitrose.com/ecom/products/no1-2-wild-alaskan-sockeye-salmon-fillets/062220-31555-31556,No.1 2 Wild Alaskan Sockeye Salmon Fillets,220g,£8.00,£36.37/kg,,Fresh & Chilled
422604,Waitrose Extra Virgin Olive Oil Houmous,G,true,229,https://ecom-su-static-prod.wtrecom.com/images/products/3/LN_422604_BP_3.jpg,https://www.waitrose.com/ecom/products/waitrose-extra-virgin-olive-oil-houmous/422604-420117-420118,Waitrose Extra Virgin Olive Oil Houmous,200g,£1.75,87.5p/100g,Add 2 for £2.50,Fresh & Chilled
053688,Waitrose Mango Chunks,G,false,230,https://ecom-su-static-prod.wtrecom.com/images/products/3/LN_053688_BP_3.jpg,https://www.waitrose.com/ecom/products/waitrose-mango-chunks/053688-427093-26907,Waitrose Mango Chunks,280g,£3.65,£13.04/kg,,Fresh & Chilled
046734,Duchy Organic Avocado,G,false,231,https://ecom-su-static-prod.wtrecom.com/images/products/3/LN_046734_BP_3.jpg,https://www.waitrose.com/ecom/products/duchy-organic-avocado/046734-23085-23086,Duchy Organic Avocado,Each,£1.40,£1.40 each,,Fresh & Chilled
048782,Essential Houmous,G,false,232,https://ecom-su-static-prod.wtrecom.com/images/products/3/LN_048782_BP_3.jpg,https://www.waitrose.com/ecom/products/essential-houmous/048782-24276-24277,Essential Houmous,200g,£1.45,72.5p/100g,,Fresh & Chilled
018056,Waitrose Babyleaf Herb Salad,G,false,233,https://ecom-su-static-prod.wtrecom.com/images/products/3/LN_018056_BP_3.jpg,https://www.waitrose.com/ecom/products/waitrose-babyleaf-herb-salad/018056-8758-8759,Waitrose Babyleaf Herb Salad,100g,£2.00,£20/kg,,Fresh & Chilled
525474,Waitrose Parma Ham 6 Slices,G,false,234,https://ecom-su-static-prod.wtrecom.com/images/products/3/LN_525474_BP_3.jpg,https://www.waitrose.com/ecom/products/waitrose-parma-ham-6-slices/525474-156519-156520,Waitrose Parma Ham 6 Slices,72g,£3.75,£5.21/100g,,Fresh & Chilled
021405,No. 1 Freshly Squeezed Orange Juice with Bits,G,false,235,https://ecom-su-static-prod.wtrecom.com/images/products/3/LN_021405_BP_3.jpg,https://www.waitrose.com/ecom/products/no-1-freshly-squeezed-orange-juice-with-bits/021405-10464-10465,No. 1 Freshly Squeezed Orange Juice with Bits,1litre,£3.40,34p/100ml,,Fresh & Chilled
086407,Essential Salad Cress,G,false,236,https://ecom-su-static-prod.wtrecom.com/images/products/3/LN_086407_BP_3.jpg,https://www.waitrose.com/ecom/products/essential-salad-cress/086407-44112-44113,Essential Salad Cress,Each,45p,45p each,,Fresh & Chilled
708928,Waitrose British Honey Roast Ham 6 Slices,G,false,237,https://ecom-su-static-prod.wtrecom.com/images/products/3/LN_708928_BP_3.jpg,https://www.waitrose.com/ecom/products/waitrose-british-honey-roast-ham-6-slices/708928-156571-156572,Waitrose British Honey Roast Ham 6 Slices,115g,£2.75,£2.40/100g,,Fresh & Chilled
053023,Yeo Valley Organic Natural Yogurt,G,true,238,https://ecom-su-static-prod.wtrecom.com/images/products/3/LN_053023_BP_3.jpg,https://www.waitrose.com/ecom/products/yeo-valley-organic-natural-yogurt/053023-26457-26458,Yeo Valley Organic Natural Yogurt,450g,£1.75,38.9p/100g,save 35p. Was £2.10,Fresh & Chilled
096831,Duchy Organic Raspberries,G,false,239,https://ecom-su-static-prod.wtrecom.com/images/products/3/LN_096831_BP_3.jpg,https://www.waitrose.com/ecom/products/duchy-organic-raspberries/096831-420677-49494,Duchy Organic Raspberries,125g,£2.85,£22.80/kg,,Fresh & Chilled
039677,Waitrose 8 Dry Cured Unsmoked Back Bacon Rashers,G,true,240,https://ecom-su-static-prod.wtrecom.com/images/products/3/LN_039677_BP_3.jpg,https://www.waitrose.com/ecom/products/waitrose-8-dry-cured-unsmoked-back-bacon-rashers/039677-19652-19653,Waitrose 8 Dry Cured Unsmoked Back Bacon Rashers,250g,£3.95,£15.80/kg,Add 2 for £7,Fresh & Chilled
808466,Waitrose British Roast Chicken Breast Slices,G,true,241,https://ecom-su-static-prod.wtrecom.com/images/products/3/LN_808466_BP_3.jpg,https://www.waitrose.com/ecom/products/waitrose-british-roast-chicken-breast-slices/808466-156605-156606,Waitrose British Roast Chicken Breast Slices,130g,£3.50,£2.70/100g,Add 2 for £6,Fresh & Chilled
085482,Waitrose Asparagus,G,false,242,https://ecom-su-static-prod.wtrecom.com/images/products/3/LN_085482_BP_3.jpg,https://www.waitrose.com/ecom/products/waitrose-asparagus/085482-43550-43551,Waitrose Asparagus,230g,£2.50,£10.87/kg,,Fresh & Chilled
474469,Minor Figures Oat Barista Organic Milk Alternative,G,false,243,https://ecom-su-static-prod.wtrecom.com/images/products/3/LN_474469_BP_3.jpg,https://www.waitrose.com/ecom/products/minor-figures-oat-barista-organic-milk-alternative/474469-731573-731574,Minor Figures Oat Barista Organic Milk Alternative,1litre,£2.10,£2.10/litre,,Fresh & Chilled
086170,Waitrose Green Pak Choi,G,false,244,https://ecom-su-static-prod.wtrecom.com/images/products/3/LN_086170_BP_3.jpg,https://www.waitrose.com/ecom/products/waitrose-green-pak-choi/086170-44013-44014,Waitrose Green Pak Choi,235g,£1.80,£7.66/kg,,Fresh & Chilled
741335,Essential Oranges,G,true,245,https://ecom-su-static-prod.wtrecom.com/images/products/3/LN_741335_BP_3.jpg,https://www.waitrose.com/ecom/products/essential-oranges/741335-794800-794801,Essential Oranges,5s,£1.50,30p each,Add 2 for £2.50,Fresh & Chilled
096458,Waitrose Stonebaked Margherita Pizza,G,false,246,https://ecom-su-static-prod.wtrecom.com/images/products/3/LN_096458_BP_3.jpg,https://www.waitrose.com/ecom/products/waitrose-stonebaked-margherita-pizza/096458-49344-49345,Waitrose Stonebaked Margherita Pizza,356g,£4.95,£13.91/kg,,Fresh & Chilled
085540,Duchy Organic Chestnut Mushrooms,G,false,247,https://ecom-su-static-prod.wtrecom.com/images/products/3/LN_085540_BP_3.jpg,https://www.waitrose.com/ecom/products/duchy-organic-chestnut-mushrooms/085540-43630-43631,Duchy Organic Chestnut Mushrooms,250g,£2.00,£8/kg,,Fresh & Chilled
888822,Duchy Organic Greek Feta Cheese Strength 3,G,false,248,https://ecom-su-static-prod.wtrecom.com/images/products/3/LN_888822_BP_3.jpg,https://www.waitrose.com/ecom/products/duchy-organic-greek-feta-cheese-strength-3/888822-268341-268342,Duchy Organic Greek Feta Cheese Strength 3,200g,£3.00,£15/kg,,Fresh & Chilled
010900,Essential 2 Garlic Baguettes,G,false,249,https://ecom-su-static-prod.wtrecom.com/images/products/3/LN_010900_BP_3.jpg,https://www.waitrose.com/ecom/products/essential-2-garlic-baguettes/010900-5404-5405,Essential 2 Garlic Baguettes,420g,£1.95,46.4p/100g,,Fresh & Chilled
052215,Waitrose 6 Mini Melton Mowbray Pies,G,true,250,https://ecom-su-static-prod.wtrecom.com/images/products/3/LN_052215_BP_3.jpg,https://www.waitrose.com/ecom/products/waitrose-6-mini-melton-mowbray-pies/052215-26013-26014,Waitrose 6 Mini Melton Mowbray Pies,300g,£3.25,£1.09/100g,Add 2 for £5.50,Fresh & Chilled
088405,Waitrose Large Oranges,G,true,251,https://ecom-su-static-prod.wtrecom.com/images/products/3/LN_088405_BP_3.jpg,https://www.waitrose.com/ecom/products/waitrose-large-oranges/088405-45357-45358,Waitrose Large Oranges,6s,£2.80,46.7p each,20% Off. Was £3.50,Fresh & Chilled
088703,Essential Conference Pears,G,false,252,https://ecom-su-static-prod.wtrecom.com/images/products/3/LN_088703_BP_3.jpg,https://www.waitrose.com/ecom/products/essential-conference-pears/088703-45581-45582,Essential Conference Pears,minimum 4,£1.80,45p each,,Fresh & Chilled
018294,Yeo Valley Organic Fresh Semi-Skimmed Milk,G,true,253,https://ecom-su-static-prod.wtrecom.com/images/products/3/LN_018294_BP_3.jpg,https://www.waitrose.com/ecom/products/yeo-valley-organic-fresh-semi-skimmed-milk/018294-8868-8869,Yeo Valley Organic Fresh Semi-Skimmed Milk,2litre,£2.65,£1.33/litre,Add 2 for £4.50,Fresh & Chilled
097155,Duchy Organic Cherry Vine Tomatoes,G,false,254,https://ecom-su-static-prod.wtrecom.com/images/products/3/LN_097155_BP_3.jpg,https://www.waitrose.com/ecom/products/duchy-organic-cherry-vine-tomatoes/097155-49612-49613,Duchy Organic Cherry Vine Tomatoes,200g,£2.50,£12.50/kg,,Fresh & Chilled
399370,Waitrose French Salted Butter,G,false,255,https://ecom-su-static-prod.wtrecom.com/images/products/3/LN_399370_BP_3.jpg,https://www.waitrose.com/ecom/products/waitrose-french-salted-butter/399370-56160-56161,Waitrose French Salted Butter,250g,£2.75,£11/kg,,Fresh & Chilled
086531,Waitrose Baby Plum Tomatoes,G,false,256,https://ecom-su-static-prod.wtrecom.com/images/products/3/LN_086531_BP_3.jpg,https://www.waitrose.com/ecom/products/waitrose-baby-plum-tomatoes/086531-44214-44215,Waitrose Baby Plum Tomatoes,275g,£2.10,£7.64/kg,,Fresh & Chilled
859409,Duchy Organic British Beef Mince 12% Fat,G,false,257,https://ecom-su-static-prod.wtrecom.com/images/products/3/LN_859409_BP_3.jpg,https://www.waitrose.com/ecom/products/duchy-organic-british-beef-mince-12-fat/859409-806263-806264,Duchy Organic British Beef Mince 12% Fat,500g,£5.50,£11/kg,,Fresh & Chilled
795374,Waitrose Hot Smoked Scottish Mackerel Fillets,G,true,258,https://ecom-su-static-prod.wtrecom.com/images/products/3/LN_795374_BP_3.jpg,https://www.waitrose.com/ecom/products/waitrose-hot-smoked-scottish-mackerel-fillets/795374-324846-324847,Waitrose Hot Smoked Scottish Mackerel Fillets,210g,£6.00,£28.58/kg,Add 3 for £12,Fresh & Chilled
429133,Waitrose 6 Chunky Cod Fish Fingers,G,true,259,https://ecom-su-static-prod.wtrecom.com/images/products/3/LN_429133_BP_3.jpg,https://www.waitrose.com/ecom/products/waitrose-6-chunky-cod-fish-fingers/429133-688896-688897,Waitrose 6 Chunky Cod Fish Fingers,330g,£5.75,£17.43/kg,Add 3 for £12,Fresh & Chilled
474013,Waitrose Extra Fine Beans,G,false,260,https://ecom-su-static-prod.wtrecom.com/images/products/3/LN_474013_BP_3.jpg,https://www.waitrose.com/ecom/products/waitrose-extra-fine-beans/474013-245579-245580,Waitrose Extra Fine Beans,120g,£1.20,£10/kg,,Fresh & Chilled
040261,Waitrose Italian Grated Mozzarella Cheese Strength 1,G,false,261,https://ecom-su-static-prod.wtrecom.com/images/products/3/LN_040261_BP_3.jpg,https://www.waitrose.com/ecom/products/waitrose-italian-grated-mozzarella-cheese-strength-1/040261-19919-19920,Waitrose Italian Grated Mozzarella Cheese Strength 1,250g,£2.50,£10/kg,,Fresh & Chilled
036483,Waitrose Sweetcorn Kebabs,G,false,262,https://ecom-su-static-prod.wtrecom.com/images/products/3/LN_036483_BP_3.jpg,https://www.waitrose.com/ecom/products/waitrose-sweetcorn-kebabs/036483-18291-18292,Waitrose Sweetcorn Kebabs,4s,£1.85,46.3p each,,Fresh & Chilled
043116,Lurpak Slightly Salted Butter,G,true,263,https://ecom-su-static-prod.wtrecom.com/images/products/3/LN_043116_BP_3.jpg,https://www.waitrose.com/ecom/products/lurpak-slightly-salted-butter/043116-21288-21289,Lurpak Slightly Salted Butter,200g,£1.70,£8.50/kg,save 55p. Was £2.25,Fresh & Chilled
085438,Waitrose Courgettes,G,true,264,https://ecom-su-static-prod.wtrecom.com/images/products/3/LN_085438_BP_3.jpg,https://www.waitrose.com/ecom/products/waitrose-courgettes/085438-43490-43491,Waitrose Courgettes,500g,£1.50,£3/kg,25% Off. Was £2.00,Fresh & Chilled
008825,Waitrose Jazz Apples,G,false,265,https://ecom-su-static-prod.wtrecom.com/images/products/3/LN_008825_BP_3.jpg,https://www.waitrose.com/ecom/products/waitrose-jazz-apples/008825-4195-4196,Waitrose Jazz Apples,4s,£2.45,61.3p each,,Fresh & Chilled
567758,Alpro No Added Sugar Chilled Dairy Free Almond Milk Alternative,G,false,266,https://ecom-su-static-prod.wtrecom.com/images/products/3/LN_567758_BP_3.jpg,https://www.waitrose.com/ecom/products/alpro-no-added-sugar-chilled-dairy-free-almond-milk-alternative/567758-274797-274798,Alpro No Added Sugar Chilled Dairy Free Almond Milk Alternative,1litre,£2.10,£2.10/litre,,Fresh & Chilled
086121,Cooks' Ingredients Dill Leaves,G,false,267,https://ecom-su-static-prod.wtrecom.com/images/products/3/LN_086121_BP_3.jpg,https://www.waitrose.com/ecom/products/cooks-ingredients-dill-leaves/086121-43951-43952,Cooks' Ingredients Dill Leaves,20g,80p,40p/10g,,Fresh & Chilled
507700,Essential Creme Fraiche,G,false,268,https://ecom-su-static-prod.wtrecom.com/images/products/3/LN_507700_BP_3.jpg,https://www.waitrose.com/ecom/products/essential-creme-fraiche/507700-723731-723732,Essential Creme Fraiche,300ml,£1.00,33.3p/100ml,,Fresh & Chilled
085579,Duchy Organic Sweet Potatoes,G,false,269,https://ecom-su-static-prod.wtrecom.com/images/products/3/LN_085579_BP_3.jpg,https://www.waitrose.com/ecom/products/duchy-organic-sweet-potatoes/085579-43669-43670,Duchy Organic Sweet Potatoes,700g,£2.60,£3.72/kg,,Fresh & Chilled
075147,Duchy Organic Raw King Prawns,G,false,270,https://ecom-su-static-prod.wtrecom.com/images/products/3/LN_075147_BP_3.jpg,https://www.waitrose.com/ecom/products/duchy-organic-raw-king-prawns/075147-38128-38129,Duchy Organic Raw King Prawns,150g,£5.25,£35/kg,,Fresh & Chilled
899681,No.1 Triple Cooked Chips,G,true,271,https://ecom-su-static-prod.wtrecom.com/images/products/3/LN_899681_BP_3.jpg,https://www.waitrose.com/ecom/products/no1-triple-cooked-chips/899681-790981-790982,No.1 Triple Cooked Chips,400g,£3.90,£9.75/kg,£12 Our Very Best Dine In: Add Main + Side + Starter or Dessert,Fresh & Chilled
482510,Waitrose British Native Breed Diced Beef Braising Steak,G,true,272,https://ecom-su-static-prod.wtrecom.com/images/products/3/LN_482510_BP_3.jpg,https://www.waitrose.com/ecom/products/waitrose-british-native-breed-diced-beef-braising-steak/482510-806227-806228,Waitrose British Native Breed Diced Beef Braising Steak,400g,£4.60,£11.50/kg,Add 3 for £12,Fresh & Chilled
689744,Essential Apricot Fruit Fool,G,false,273,https://ecom-su-static-prod.wtrecom.com/images/products/3/LN_689744_BP_3.jpg,https://www.waitrose.com/ecom/products/essential-apricot-fruit-fool/689744-97973-97974,Essential Apricot Fruit Fool,114g,95p,83.3p/100g,,Fresh & Chilled
406134,Essential Chicken Wings,G,false,274,https://ecom-su-static-prod.wtrecom.com/images/products/3/LN_406134_BP_3.jpg,https://www.waitrose.com/ecom/products/essential-chicken-wings/406134-57143-57144,Essential Chicken Wings,475g,£1.60,£3.37/kg,,Fresh & Chilled
005402,Lurpak Lighter Spreadable Spreadable Butter with Rapeseed Oil,G,false,275,https://ecom-su-static-prod.wtrecom.com/images/products/3/LN_005402_BP_3.jpg,https://www.waitrose.com/ecom/products/lurpak-lighter-spreadable-spreadable-butter-with-rapeseed-oil/005402-2337-2338,Lurpak Lighter Spreadable Spreadable Butter with Rapeseed Oil,400g,£3.95,£9.88/kg,,Fresh & Chilled
074873,Waitrose Mango,G,false,276,https://ecom-su-static-prod.wtrecom.com/images/products/3/LN_074873_BP_3.jpg,https://www.waitrose.com/ecom/products/waitrose-mango/074873-37982-37983,Waitrose Mango,Each,£1.85,£1.85 each,,Fresh & Chilled
035309,Essential Long Life Skimmed Milk,G,false,277,https://ecom-su-static-prod.wtrecom.com/images/products/3/LN_035309_BP_3.jpg,https://www.waitrose.com/ecom/products/essential-long-life-skimmed-milk/035309-17785-17786,Essential Long Life Skimmed Milk,1litre,£1.00,£1/litre,,Fresh & Chilled
672137,Waitrose Loose Fennel,G,false,278,https://ecom-su-static-prod.wtrecom.com/images/products/3/LN_672137_BP_3.jpg,https://www.waitrose.com/ecom/products/waitrose-loose-fennel/672137-693810-693811,Waitrose Loose Fennel,,£5.25,per kg,,Fresh & Chilled
040832,Waitrose Extra Large King Prawns ASC,G,true,279,https://ecom-su-static-prod.wtrecom.com/images/products/3/LN_040832_BP_3.jpg,https://www.waitrose.com/ecom/products/waitrose-extra-large-king-prawns-asc/040832-20172-20173,Waitrose Extra Large King Prawns ASC,150g,£4.95,£3.30/100g,Add 3 for £12,Fresh & Chilled
806463,Essential British Beef Mince 12% Fat,G,false,280,https://ecom-su-static-prod.wtrecom.com/images/products/3/LN_806463_BP_3.jpg,https://www.waitrose.com/ecom/products/essential-british-beef-mince-12-fat/806463-806257-806258,Essential British Beef Mince 12% Fat,500g,£3.50,£7/kg,,Fresh & Chilled
053407,Essential British Free Range Whole Milk 1 Pint,G,false,281,https://ecom-su-static-prod.wtrecom.com/images/products/3/LN_053407_BP_3.jpg,https://www.waitrose.com/ecom/products/essential-british-free-range-whole-milk-1-pint/053407-26715-26716,Essential British Free Range Whole Milk 1 Pint,568ml,95p,£1.68/litre,,Fresh & Chilled
043004,Essential Double Cream Small,G,false,282,https://ecom-su-static-prod.wtrecom.com/images/products/3/LN_043004_BP_3.jpg,https://www.waitrose.com/ecom/products/essential-double-cream-small/043004-421422-21240,Essential Double Cream Small,150ml,£1.00,66.7p/100ml,,Fresh & Chilled
025839,Waitrose British Wiltshire Breaded Ham Slices,G,true,283,https://ecom-su-static-prod.wtrecom.com/images/products/3/LN_025839_BP_3.jpg,https://www.waitrose.com/ecom/products/waitrose-british-wiltshire-breaded-ham-slices/025839-12604-12605,Waitrose British Wiltshire Breaded Ham Slices,130g,£3.50,£2.70/100g,Add 2 for £6,Fresh & Chilled
002713,"Essential Chicken Thigh Fillets, Skinless & Boneless Large Pack",G,false,284,https://ecom-su-static-prod.wtrecom.com/images/products/3/LN_002713_BP_3.jpg,https://www.waitrose.com/ecom/products/essential-chicken-thigh-fillets-skinless-boneless-large-pack/002713-948-949,"Essential Chicken Thigh Fillets, Skinless & Boneless Large Pack",1Kg,£8.50,£8.50/kg,,Fresh & Chilled
419853,Essential Mature Cheddar Cheese Strength 4,G,false,285,https://ecom-su-static-prod.wtrecom.com/images/products/3/LN_419853_BP_3.jpg,https://www.waitrose.com/ecom/products/essential-mature-cheddar-cheese-strength-4/419853-451506-451507,Essential Mature Cheddar Cheese Strength 4,350g,£2.60,£7.43/kg,,Fresh & Chilled
085581,Duchy Organic Carrots,G,false,286,https://ecom-su-static-prod.wtrecom.com/images/products/3/LN_085581_BP_3.jpg,https://www.waitrose.com/ecom/products/duchy-organic-carrots/085581-43671-43672,Duchy Organic Carrots,1kg,£2.00,£2/kg,,Fresh & Chilled
686811,Essential Parmigiano Reggiano DOP Grated Cheese,G,false,287,https://ecom-su-static-prod.wtrecom.com/images/products/3/LN_686811_BP_3.jpg,https://www.waitrose.com/ecom/products/essential-parmigiano-reggiano-dop-grated-cheese/686811-97560-97561,Essential Parmigiano Reggiano DOP Grated Cheese,80g,£1.75,£21.88/kg,,Fresh & Chilled
086106,Cooks' Ingredients Mint,G,false,288,https://ecom-su-static-prod.wtrecom.com/images/products/3/LN_086106_BP_3.jpg,https://www.waitrose.com/ecom/products/cooks-ingredients-mint/086106-43929-43930,Cooks' Ingredients Mint,25g,80p,32p/10g,,Fresh & Chilled
437412,Waitrose Tzatziki,G,true,289,https://ecom-su-static-prod.wtrecom.com/images/products/3/LN_437412_BP_3.jpg,https://www.waitrose.com/ecom/products/waitrose-tzatziki/437412-202311-202312,Waitrose Tzatziki,230g,£1.75,76.1p/100g,Add 2 for £2.50,Fresh & Chilled
809158,Waitrose British Roast Turkey Breast 6 Slices,G,true,290,https://ecom-su-static-prod.wtrecom.com/images/products/3/LN_809158_BP_3.jpg,https://www.waitrose.com/ecom/products/waitrose-british-roast-turkey-breast-6-slices/809158-156609-156610,Waitrose British Roast Turkey Breast 6 Slices,130g,£3.50,£2.70/100g,Add 2 for £6,Fresh & Chilled
026556,Essential Soured Cream Small,G,false,291,https://ecom-su-static-prod.wtrecom.com/images/products/3/LN_026556_BP_3.jpg,https://www.waitrose.com/ecom/products/essential-soured-cream-small/026556-12933-12934,Essential Soured Cream Small,150ml,80p,53.3p/100ml,,Fresh & Chilled
743337,Waitrose Cappuccino Mousse,G,false,292,https://ecom-su-static-prod.wtrecom.com/images/products/3/LN_743337_BP_3.jpg,https://www.waitrose.com/ecom/products/waitrose-cappuccino-mousse/743337-151617-151618,Waitrose Cappuccino Mousse,100g,£1.15,£1.15/100g,,Fresh & Chilled
419757,No.1 Free Range Blossom Honey Roast Ham,G,false,293,https://ecom-su-static-prod.wtrecom.com/images/products/3/LN_419757_BP_3.jpg,https://www.waitrose.com/ecom/products/no1-free-range-blossom-honey-roast-ham/419757-581130-581131,No.1 Free Range Blossom Honey Roast Ham,100g,£4.00,£4/100g,,Fresh & Chilled
085486,Waitrose Fine Asparagus,G,false,294,https://ecom-su-static-prod.wtrecom.com/images/products/3/LN_085486_BP_3.jpg,https://www.waitrose.com/ecom/products/waitrose-fine-asparagus/085486-43556-43557,Waitrose Fine Asparagus,110g,£2.25,£20.46/kg,,Fresh & Chilled
022570,Yeo Valley Organic Natural Greek Style Yogurt,G,false,295,https://ecom-su-static-prod.wtrecom.com/images/products/3/LN_022570_BP_3.jpg,https://www.waitrose.com/ecom/products/yeo-valley-organic-natural-greek-style-yogurt/022570-11019-11020,Yeo Valley Organic Natural Greek Style Yogurt,450g,£2.25,50p/100g,,Fresh & Chilled
059036,Duchy Organic 2 Scottish Salmon Fillets,G,false,296,https://ecom-su-static-prod.wtrecom.com/images/products/3/LN_059036_BP_3.jpg,https://www.waitrose.com/ecom/products/duchy-organic-2-scottish-salmon-fillets/059036-29728-29729,Duchy Organic 2 Scottish Salmon Fillets,265g,£10.50,£39.63/kg,,Fresh & Chilled
010116,Yeo Valley Organic Fresh Semi-Skimmed Milk,G,true,297,https://ecom-su-static-prod.wtrecom.com/images/products/3/LN_010116_BP_3.jpg,https://www.waitrose.com/ecom/products/yeo-valley-organic-fresh-semi-skimmed-milk/010116-5038-5039,Yeo Valley Organic Fresh Semi-Skimmed Milk,1litre,£1.35,£1.35/litre,save 35p. Was £1.70,Fresh & Chilled
594236,Waitrose Summer 4 Teriyaki Salmon Kebabs,G,true,298,https://ecom-su-static-prod.wtrecom.com/images/products/3/LN_594236_BP_3.jpg,https://www.waitrose.com/ecom/products/waitrose-summer-4-teriyaki-salmon-kebabs/594236-726150-726151,Waitrose Summer 4 Teriyaki Salmon Kebabs,230g,£4.25,£18.48/kg,Add 3 for £12,Fresh & Chilled
020009,Yeo Valley Bio Live Organic Natural Yogurt,G,false,299,https://ecom-su-static-prod.wtrecom.com/images/products/3/LN_020009_BP_3.jpg,https://www.waitrose.com/ecom/products/yeo-valley-bio-live-organic-natural-yogurt/020009-9745-9746,Yeo Valley Bio Live Organic Natural Yogurt,950g,£3.80,40p/100g,,Fresh & Chilled
085011,Waitrose King Edward Potatoes,G,false,300,https://ecom-su-static-prod.wtrecom.com/images/products/3/LN_085011_BP_3.jpg,https://www.waitrose.com/ecom/products/waitrose-king-edward-potatoes/085011-372140-43107,Waitrose King Edward Potatoes,2kg,£2.10,£1.05/kg,,Fresh & Chilled
088062,Duchy Organic British Strawberries,G,false,301,https://ecom-su-static-prod.wtrecom.com/images/products/3/LN_088062_BP_3.jpg,https://www.waitrose.com/ecom/products/duchy-organic-british-strawberries/088062-45053-45054,Duchy Organic British Strawberries,225g,£3.50,£15.56/kg,,Fresh & Chilled
049829,Waitrose Raspberries,G,true,302,https://ecom-su-static-prod.wtrecom.com/images/products/3/LN_049829_BP_3.jpg,https://www.waitrose.com/ecom/products/waitrose-raspberries/049829-24809-24810,Waitrose Raspberries,225g,£2.75,£12.23/kg,25% Off. Was £3.70,Fresh & Chilled
076788,Waitrose Jazz Apples,G,false,303,https://ecom-su-static-prod.wtrecom.com/images/products/3/LN_076788_BP_3.jpg,https://www.waitrose.com/ecom/products/waitrose-jazz-apples/076788-39059-39060,Waitrose Jazz Apples,Minimum 5,£2.60,52p each,,Fresh & Chilled
580445,Waitrose Summer Tikka Chicken Breast Kebabs,G,true,304,https://ecom-su-static-prod.wtrecom.com/images/products/3/LN_580445_BP_3.jpg,https://www.waitrose.com/ecom/products/waitrose-summer-tikka-chicken-breast-kebabs/580445-779925-779926,Waitrose Summer Tikka Chicken Breast Kebabs,250g,£4.25,£17/kg,Add 3 for £12,Fresh & Chilled
490103,Fage Total 5% Fat Natural Greek Yogurt Large,G,false,305,https://ecom-su-static-prod.wtrecom.com/images/products/3/LN_490103_BP_3.jpg,https://www.waitrose.com/ecom/products/fage-total-5-fat-natural-greek-yogurt-large/490103-134507-134508,Fage Total 5% Fat Natural Greek Yogurt Large,950g,£5.80,61.1p/100g,,Fresh & Chilled
742393,Duchy Organic Ripe Avocados,G,false,306,https://ecom-su-static-prod.wtrecom.com/images/products/3/LN_742393_BP_3.jpg,https://www.waitrose.com/ecom/products/duchy-organic-ripe-avocados/742393-586766-586767,Duchy Organic Ripe Avocados,2s,£2.65,£1.33 each,,Fresh & Chilled
864338,Oatly Oat Milk Dairy Free Whole Milk Alternative,G,false,307,https://ecom-su-static-prod.wtrecom.com/images/products/3/LN_864338_BP_3.jpg,https://www.waitrose.com/ecom/products/oatly-oat-milk-dairy-free-whole-milk-alternative/864338-677656-677657,Oatly Oat Milk Dairy Free Whole Milk Alternative,1litre,£2.20,£2.20/litre,,Fresh & Chilled
617413,Steve's Leaves Pea Shoots & Baby Leaves,G,true,308,https://ecom-su-static-prod.wtrecom.com/images/products/3/LN_617413_BP_3.jpg,https://www.waitrose.com/ecom/products/steves-leaves-pea-shoots-baby-leaves/617413-87606-87607,Steve's Leaves Pea Shoots & Baby Leaves,60g,£1.28,£2.14/100g,20% Off. Was £1.60,Fresh & Chilled
085703,Waitrose Button Mushrooms,G,false,309,https://ecom-su-static-prod.wtrecom.com/images/products/3/LN_085703_BP_3.jpg,https://www.waitrose.com/ecom/products/waitrose-button-mushrooms/085703-43727-43727,Waitrose Button Mushrooms,200g,£1.45,£7.25/kg,,Fresh & Chilled
721403,Essential Diced Chicken Breast,G,true,310,https://ecom-su-static-prod.wtrecom.com/images/products/3/LN_721403_BP_3.jpg,https://www.waitrose.com/ecom/products/essential-diced-chicken-breast/721403-389023-389024,Essential Diced Chicken Breast,418g,£4.60,£11.01/kg,Add 3 for £12,Fresh & Chilled
445805,Essential British Beef Rump Steak,G,false,311,https://ecom-su-static-prod.wtrecom.com/images/products/3/LN_445805_BP_3.jpg,https://www.waitrose.com/ecom/products/essential-british-beef-rump-steak/445805-62758-62759,Essential British Beef Rump Steak,230g,£3.75,£16.31/kg,,Fresh & Chilled
077466,Waitrose Caesar Salad,G,false,312,https://ecom-su-static-prod.wtrecom.com/images/products/3/LN_077466_BP_3.jpg,https://www.waitrose.com/ecom/products/waitrose-caesar-salad/077466-39406-39407,Waitrose Caesar Salad,250g,£2.10,84p/100g,,Fresh & Chilled
839147,Perfectly Ripe & Home Ripen Avocados,G,true,313,https://ecom-su-static-prod.wtrecom.com/images/products/3/LN_839147_BP_3.jpg,https://www.waitrose.com/ecom/products/perfectly-ripe-home-ripen-avocados/839147-786384-786385,Perfectly Ripe & Home Ripen Avocados,2s,£1.50,75p each,20% Off. Was £1.90,Fresh & Chilled
061343,Essential Potato Salad,G,false,314,https://ecom-su-static-prod.wtrecom.com/images/products/3/LN_061343_BP_3.jpg,https://www.waitrose.com/ecom/products/essential-potato-salad/061343-31048-31049,Essential Potato Salad,300g,£1.20,40p/100g,,Fresh & Chilled
067651,Waitrose 4 Scottish Salmon Fillets,G,false,315,https://ecom-su-static-prod.wtrecom.com/images/products/3/LN_067651_BP_3.jpg,https://www.waitrose.com/ecom/products/waitrose-4-scottish-salmon-fillets/067651-34341-34342,Waitrose 4 Scottish Salmon Fillets,480g,£10.50,£21.88/kg,,Fresh & Chilled
788701,Essential British Medium Chicken without Giblets,G,false,316,https://ecom-su-static-prod.wtrecom.com/images/products/3/LN_788701_BP_3.jpg,https://www.waitrose.com/ecom/products/essential-british-medium-chicken-without-giblets/788701-805140-805141,Essential British Medium Chicken without Giblets,1.5Kg,£4.50,£3/kg,,Fresh & Chilled
006290,Waitrose Pome Dei Moro Tomatoes,G,false,317,https://ecom-su-static-prod.wtrecom.com/images/products/3/LN_006290_BP_3.jpg,https://www.waitrose.com/ecom/products/waitrose-pome-dei-moro-tomatoes/006290-2796-2797,Waitrose Pome Dei Moro Tomatoes,225g,£2.30,£10.23/kg,,Fresh & Chilled
548970,Waitrose 2 Poached Scottish Salmon Fillets,G,false,318,https://ecom-su-static-prod.wtrecom.com/images/products/3/LN_548970_BP_3.jpg,https://www.waitrose.com/ecom/products/waitrose-2-poached-scottish-salmon-fillets/548970-77639-77640,Waitrose 2 Poached Scottish Salmon Fillets,170g,£6.95,£4.09/100g,,Fresh & Chilled
890933,RedPop Apples,G,false,319,https://ecom-su-static-prod.wtrecom.com/images/products/3/LN_890933_BP_3.jpg,https://www.waitrose.com/ecom/products/redpop-apples/890933-776974-776975,RedPop Apples,6s,£2.50,41.7p each,,Fresh & Chilled
570084,Waitrose Super Bright Pan Fry,G,true,320,https://ecom-su-static-prod.wtrecom.com/images/products/3/LN_570084_BP_3.jpg,https://www.waitrose.com/ecom/products/waitrose-super-bright-pan-fry/570084-229743-229744,Waitrose Super Bright Pan Fry,300g,£2.00,66.7p/100g,"£7 Stir Fry Meal Deal: Add protein, veg, sauce & rice or noodles",Fresh & Chilled
624369,Essential Mature Cheddar Cheese Strength 4 Large,G,false,321,https://ecom-su-static-prod.wtrecom.com/images/products/3/LN_624369_BP_3.jpg,https://www.waitrose.com/ecom/products/essential-mature-cheddar-cheese-strength-4-large/624369-443782-443783,Essential Mature Cheddar Cheese Strength 4 Large,550g,£3.95,£7.19/kg,,Fresh & Chilled
488987,The Collective Strawberry Suckies Kids Yogurts,G,false,322,https://ecom-su-static-prod.wtrecom.com/images/products/3/LN_488987_BP_3.jpg,https://www.waitrose.com/ecom/products/the-collective-strawberry-suckies-kids-yogurts/488987-344066-344067,The Collective Strawberry Suckies Kids Yogurts,90g,£1.00,£1.12/100g,,Fresh & Chilled
891354,Waitrose 24 British Native Breed Beef Meatballs,G,true,323,https://ecom-su-static-prod.wtrecom.com/images/products/3/LN_891354_BP_3.jpg,https://www.waitrose.com/ecom/products/waitrose-24-british-native-breed-beef-meatballs/891354-255724-255725,Waitrose 24 British Native Breed Beef Meatballs,400g,£4.95,£12.38/kg,Add 3 for £12,Fresh & Chilled
807994,Essential Kale,G,false,324,https://ecom-su-static-prod.wtrecom.com/images/products/3/LN_807994_BP_3.jpg,https://www.waitrose.com/ecom/products/essential-kale/807994-373599-373600,Essential Kale,250g,£1.00,£4/kg,,Fresh & Chilled
086479,Duchy Organic Salad Onions Bunch,G,false,325,https://ecom-su-static-prod.wtrecom.com/images/products/3/LN_086479_BP_3.jpg,https://www.waitrose.com/ecom/products/duchy-organic-salad-onions-bunch/086479-44168-44169,Duchy Organic Salad Onions Bunch,Each,£1.10,£1.10 each,,Fresh & Chilled
506272,No.1 2 Raspberry Panna Cotta,G,true,326,https://ecom-su-static-prod.wtrecom.com/images/products/3/LN_506272_BP_3.jpg,https://www.waitrose.com/ecom/products/no1-2-raspberry-panna-cotta/506272-71552-71553,No.1 2 Raspberry Panna Cotta,2x100g,£4.75,£2.38/100g,£12 Our Very Best Dine In: Add Main + Side + Starter or Dessert,Fresh & Chilled
070379,Waitrose Ready Washed Spinach,G,false,327,https://ecom-su-static-prod.wtrecom.com/images/products/3/LN_070379_BP_3.jpg,https://www.waitrose.com/ecom/products/waitrose-ready-washed-spinach/070379-35640-35641,Waitrose Ready Washed Spinach,235g,£2.00,85.1p/100g,,Fresh & Chilled
085039,Jersey Royal New Potatoes,G,false,328,https://ecom-su-static-prod.wtrecom.com/images/products/3/LN_085039_BP_3.jpg,https://www.waitrose.com/ecom/products/jersey-royal-new-potatoes/085039-43147-43148,Jersey Royal New Potatoes,,£3.30,per kg,,Fresh & Chilled
790958,Perfectly Ripe Extra Large Avocados,G,false,329,https://ecom-su-static-prod.wtrecom.com/images/products/3/LN_790958_BP_3.jpg,https://www.waitrose.com/ecom/products/perfectly-ripe-extra-large-avocados/790958-586852-586853,Perfectly Ripe Extra Large Avocados,2s,£3.50,£1.75 each,,Fresh & Chilled
088637,Waitrose Granny Smith Apples,G,false,330,https://ecom-su-static-prod.wtrecom.com/images/products/3/LN_088637_BP_3.jpg,https://www.waitrose.com/ecom/products/waitrose-granny-smith-apples/088637-45523-45524,Waitrose Granny Smith Apples,6s,£1.80,30p each,,Fresh & Chilled
798169,Waitrose 2 Egg Custard Tarts,G,false,331,https://ecom-su-static-prod.wtrecom.com/images/products/3/LN_798169_BP_3.jpg,https://www.waitrose.com/ecom/products/waitrose-2-egg-custard-tarts/798169-789010-789011,Waitrose 2 Egg Custard Tarts,2x86.5g,£1.40,80.9p/100g,,Fresh & Chilled
628170,Essential 20% Fat British Beef Mince,G,false,332,https://ecom-su-static-prod.wtrecom.com/images/products/3/LN_628170_BP_3.jpg,https://www.waitrose.com/ecom/products/essential-20-fat-british-beef-mince/628170-726394-726395,Essential 20% Fat British Beef Mince,500g,£2.75,£5.50/kg,,Fresh & Chilled
459919,Essential Gooseberry Fruit Fool,G,false,333,https://ecom-su-static-prod.wtrecom.com/images/products/3/LN_459919_BP_3.jpg,https://www.waitrose.com/ecom/products/essential-gooseberry-fruit-fool/459919-64821-64822,Essential Gooseberry Fruit Fool,114g,95p,83.3p/100g,,Fresh & Chilled
545569,Albert Bartlett Baking Potatoes,G,false,334,https://ecom-su-static-prod.wtrecom.com/images/products/3/LN_545569_BP_3.jpg,https://www.waitrose.com/ecom/products/albert-bartlett-baking-potatoes/545569-507874-507875,Albert Bartlett Baking Potatoes,4s,£2.20,55p each,,Fresh & Chilled
657141,No. 1 Cornish Quartz Vintage Reserve Mature Cheddar Cheese Strength 7,G,false,335,https://ecom-su-static-prod.wtrecom.com/images/products/3/LN_657141_BP_3.jpg,https://www.waitrose.com/ecom/products/no-1-cornish-quartz-vintage-reserve-mature-cheddar-cheese-strength-7/657141-677410-677411,No. 1 Cornish Quartz Vintage Reserve Mature Cheddar Cheese Strength 7,200g,£3.35,£16.75/kg,,Fresh & Chilled
005067,Waitrose Mild Scottish Smoked Trout,G,true,336,https://ecom-su-static-prod.wtrecom.com/images/products/3/LN_005067_BP_3.jpg,https://www.waitrose.com/ecom/products/waitrose-mild-scottish-smoked-trout/005067-2181-2182,Waitrose Mild Scottish Smoked Trout,100g,£5.95,£5.95/100g,Add 3 for £12,Fresh & Chilled
098595,Waitrose Braeburn Apples,G,false,337,https://ecom-su-static-prod.wtrecom.com/images/products/3/LN_098595_BP_3.jpg,https://www.waitrose.com/ecom/products/waitrose-braeburn-apples/098595-50293-50294,Waitrose Braeburn Apples,4s,£1.90,47.5p each,,Fresh & Chilled
696932,Waitrose Pomegranate,G,false,338,https://ecom-su-static-prod.wtrecom.com/images/products/3/LN_696932_BP_3.jpg,https://www.waitrose.com/ecom/products/waitrose-pomegranate/696932-512936-512937,Waitrose Pomegranate,210g,£2.95,£1.41/100g,,Fresh & Chilled
048045,Waitrose British Ox Tongue 4 Slices,G,true,339,https://ecom-su-static-prod.wtrecom.com/images/products/3/LN_048045_BP_3.jpg,https://www.waitrose.com/ecom/products/waitrose-british-ox-tongue-4-slices/048045-23815-23816,Waitrose British Ox Tongue 4 Slices,100g,£3.50,£3.50/100g,Add 2 for £6,Fresh & Chilled
625639,Waitrose British Lamb Leg Steaks with Mint,G,false,340,https://ecom-su-static-prod.wtrecom.com/images/products/3/LN_625639_BP_3.jpg,https://www.waitrose.com/ecom/products/waitrose-british-lamb-leg-steaks-with-mint/625639-664985-664986,Waitrose British Lamb Leg Steaks with Mint,250g,£9.00,£36/kg,,Fresh & Chilled
035050,Essential Soya Unsweetened Milk Alternative,G,false,341,https://ecom-su-static-prod.wtrecom.com/images/products/3/LN_035050_BP_3.jpg,https://www.waitrose.com/ecom/products/essential-soya-unsweetened-milk-alternative/035050-17659-17660,Essential Soya Unsweetened Milk Alternative,1litre,£1.10,£1.10/litre,,Fresh & Chilled
416651,Waitrose Mediterranean Style Vegetable Quiche,G,true,342,https://ecom-su-static-prod.wtrecom.com/images/products/3/LN_416651_BP_3.jpg,https://www.waitrose.com/ecom/products/waitrose-mediterranean-style-vegetable-quiche/416651-586382-586383,Waitrose Mediterranean Style Vegetable Quiche,400g,£3.50,87.5p/100g,Add 2 for £5.50,Fresh & Chilled
451550,Essential White Potatoes,G,false,343,https://ecom-su-static-prod.wtrecom.com/images/products/3/LN_451550_BP_3.jpg,https://www.waitrose.com/ecom/products/essential-white-potatoes/451550-822487-822488,Essential White Potatoes,2Kg,£1.50,75p/kg,,Fresh & Chilled
096067,Cravendale Filtered Fresher for Longer Skimmed Milk Large,G,true,344,https://ecom-su-static-prod.wtrecom.com/images/products/3/LN_096067_BP_3.jpg,https://www.waitrose.com/ecom/products/cravendale-filtered-fresher-for-longer-skimmed-milk-large/096067-49176-49177,Cravendale Filtered Fresher for Longer Skimmed Milk Large,2litre,£2.50,£1.25/litre,Add 2 for £4,Fresh & Chilled
699312,Waitrose West Country Black Cherry Yogurt,G,false,345,https://ecom-su-static-prod.wtrecom.com/images/products/3/LN_699312_BP_3.jpg,https://www.waitrose.com/ecom/products/waitrose-west-country-black-cherry-yogurt/699312-290448-290449,Waitrose West Country Black Cherry Yogurt,150g,£1.00,66.7p/100g,,Fresh & Chilled
043121,President Unsalted Butter,G,false,346,https://ecom-su-static-prod.wtrecom.com/images/products/3/LN_043121_BP_3.jpg,https://www.waitrose.com/ecom/products/president-unsalted-butter/043121-21292-21293,President Unsalted Butter,250g,£2.75,£11/kg,,Fresh & Chilled
667921,Essential Light Salad Greek Feta Cheese Strength 3,G,false,347,https://ecom-su-static-prod.wtrecom.com/images/products/3/LN_667921_BP_3.jpg,https://www.waitrose.com/ecom/products/essential-light-salad-greek-feta-cheese-strength-3/667921-151861-151862,Essential Light Salad Greek Feta Cheese Strength 3,200g,£1.75,£8.75/kg,,Fresh & Chilled
389776,Essential Thin & Crispy Cheese & Tomato Pizza,G,false,348,https://ecom-su-static-prod.wtrecom.com/images/products/3/LN_389776_BP_3.jpg,https://www.waitrose.com/ecom/products/essential-thin-crispy-cheese-tomato-pizza/389776-54797-54798,Essential Thin & Crispy Cheese & Tomato Pizza,142g,£1.50,£10.57/kg,,Fresh & Chilled
466668,Easy to Cook Mozzarella Stuffed Pork Meatballs,G,true,349,https://ecom-su-static-prod.wtrecom.com/images/products/3/LN_466668_BP_3.jpg,https://www.waitrose.com/ecom/products/easy-to-cook-mozzarella-stuffed-pork-meatballs/466668-578517-578518,Easy to Cook Mozzarella Stuffed Pork Meatballs,565g,£5.00,£8.85/kg,Add 3 for £12,Fresh & Chilled
018261,Essential Single Cream,G,false,350,https://ecom-su-static-prod.wtrecom.com/images/products/3/LN_018261_BP_3.jpg,https://www.waitrose.com/ecom/products/essential-single-cream/018261-8850-8851,Essential Single Cream,300ml,£1.10,36.7p/100ml,,Fresh & Chilled
086922,Essential Iceberg Lettuce,G,false,351,https://ecom-su-static-prod.wtrecom.com/images/products/3/LN_086922_BP_3.jpg,https://www.waitrose.com/ecom/products/essential-iceberg-lettuce/086922-44408-44409,Essential Iceberg Lettuce,250g,£1.10,44p/100g,,Fresh & Chilled
689279,No.1 Free Range 12 Chipolatas,G,false,352,https://ecom-su-static-prod.wtrecom.com/images/products/3/LN_689279_BP_3.jpg,https://www.waitrose.com/ecom/products/no1-free-range-12-chipolatas/689279-149311-149312,No.1 Free Range 12 Chipolatas,375g,£4.50,£12/kg,,Fresh & Chilled
889596,Waitrose Honey & Stem Ginger Yogurt Single,G,false,353,https://ecom-su-static-prod.wtrecom.com/images/products/3/LN_889596_BP_3.jpg,https://www.waitrose.com/ecom/products/waitrose-honey-stem-ginger-yogurt-single/889596-292378-292379,Waitrose Honey & Stem Ginger Yogurt Single,150g,£1.00,66.7p/100g,,Fresh & Chilled
848547,No.1 2 MSC Yellowfin Tuna Steaks,G,false,354,https://ecom-su-static-prod.wtrecom.com/images/products/3/LN_848547_BP_3.jpg,https://www.waitrose.com/ecom/products/no1-2-msc-yellowfin-tuna-steaks/848547-755097-755098,No.1 2 MSC Yellowfin Tuna Steaks,240g,£9.95,£41.46/kg,,Fresh & Chilled
006597,Waitrose Smooth Orange Juice Large,G,false,355,https://ecom-su-static-prod.wtrecom.com/images/products/3/LN_006597_BP_3.jpg,https://www.waitrose.com/ecom/products/waitrose-smooth-orange-juice-large/006597-2939-2940,Waitrose Smooth Orange Juice Large,1.75litre,£3.10,17.7p/100ml,,Fresh & Chilled
637930,The Tofoo Co. Naked Tofu,G,false,356,https://ecom-su-static-prod.wtrecom.com/images/products/3/LN_637930_BP_3.jpg,https://www.waitrose.com/ecom/products/the-tofoo-co-naked-tofu/637930-583696-583697,The Tofoo Co. Naked Tofu,280g,£2.40,£8.58/kg,,Fresh & Chilled
435380,Tropicana Pure Smooth Orange Juice Large,G,false,357,https://ecom-su-static-prod.wtrecom.com/images/products/3/LN_435380_BP_3.jpg,https://www.waitrose.com/ecom/products/tropicana-pure-smooth-orange-juice-large/435380-752403-752404,Tropicana Pure Smooth Orange Juice Large,1.5litre,£4.20,28p/100ml,,Fresh & Chilled
086187,Essential Honeydew Melon,G,false,358,https://ecom-su-static-prod.wtrecom.com/images/products/3/LN_086187_BP_3.jpg,https://www.waitrose.com/ecom/products/essential-honeydew-melon/086187-428553-44023,Essential Honeydew Melon,Each,£1.90,£1.90 each,,Fresh & Chilled
082835,Duchy Organic Unhomogenised Whole Milk 2 Pints,G,false,359,https://ecom-su-static-prod.wtrecom.com/images/products/3/LN_082835_BP_3.jpg,https://www.waitrose.com/ecom/products/duchy-organic-unhomogenised-whole-milk-2-pints/082835-42105-42106,Duchy Organic Unhomogenised Whole Milk 2 Pints,1.136litre,£1.65,£1.46/litre,,Fresh & Chilled
052409,Ginsters Cornish Pasty,G,false,360,https://ecom-su-static-prod.wtrecom.com/images/products/3/LN_052409_BP_3.jpg,https://www.waitrose.com/ecom/products/ginsters-cornish-pasty/052409-26123-26124,Ginsters Cornish Pasty,227g,£2.00,88.1p/100g,,Fresh & Chilled
775364,Waitrose Summer 4 Minted Lamb Kebabs,G,true,361,https://ecom-su-static-prod.wtrecom.com/images/products/3/LN_775364_BP_3.jpg,https://www.waitrose.com/ecom/products/waitrose-summer-4-minted-lamb-kebabs/775364-780265-780266,Waitrose Summer 4 Minted Lamb Kebabs,260g,£4.25,£16.35/kg,Add 3 for £12,Fresh & Chilled
045953,Cooks' Ingredients Flat Leaf Parsley,G,false,362,https://ecom-su-static-prod.wtrecom.com/images/products/3/LN_045953_BP_3.jpg,https://www.waitrose.com/ecom/products/cooks-ingredients-flat-leaf-parsley/045953-22629-22630,Cooks' Ingredients Flat Leaf Parsley,100g,£1.65,16.5p/10g,,Fresh & Chilled
859587,Waitrose British Beef Short Ribs,G,false,363,https://ecom-su-static-prod.wtrecom.com/images/products/3/LN_859587_BP_3.jpg,https://www.waitrose.com/ecom/products/waitrose-british-beef-short-ribs/859587-373721-373722,Waitrose British Beef Short Ribs,Typical weight 0.54kg,£4.90 each est.,£9.00/kg,,Fresh & Chilled
085511,Duchy Organic Onions,G,false,364,https://ecom-su-static-prod.wtrecom.com/images/products/3/LN_085511_BP_3.jpg,https://www.waitrose.com/ecom/products/duchy-organic-onions/085511-43590-43591,Duchy Organic Onions,750g,£1.70,£2.27/kg,,Fresh & Chilled
429070,Waitrose Southern Fried Breaded Chicken Mini Fillets,G,true,365,https://ecom-su-static-prod.wtrecom.com/images/products/3/LN_429070_BP_3.jpg,https://www.waitrose.com/ecom/products/waitrose-southern-fried-breaded-chicken-mini-fillets/429070-619653-619654,Waitrose Southern Fried Breaded Chicken Mini Fillets,305g,£4.50,£14.76/kg,£8 Chicken Dinner Meal Deal: Add 1 Main & 2 Extras,Fresh & Chilled
088652,Essential Seasonal Apples,G,false,366,https://ecom-su-static-prod.wtrecom.com/images/products/3/LN_088652_BP_3.jpg,https://www.waitrose.com/ecom/products/essential-seasonal-apples/088652-45537-45538,Essential Seasonal Apples,minimum 5,£1.95,39p each,,Fresh & Chilled
461789,Waitrose Pork & Caramelised Onion Sausages,G,true,367,https://ecom-su-static-prod.wtrecom.com/images/products/3/LN_461789_BP_3.jpg,https://www.waitrose.com/ecom/products/waitrose-pork-caramelised-onion-sausages/461789-65076-65077,Waitrose Pork & Caramelised Onion Sausages,400g,£3.95,£9.88/kg,Add 2 for £5.75,Fresh & Chilled
048209,Waitrose Italian Prosciutto Crudo,G,true,368,https://ecom-su-static-prod.wtrecom.com/images/products/3/LN_048209_BP_3.jpg,https://www.waitrose.com/ecom/products/waitrose-italian-prosciutto-crudo/048209-23899-23900,Waitrose Italian Prosciutto Crudo,80g,£3.75,£4.69/100g,Add 2 for £5.50,Fresh & Chilled
088356,Waitrose Perfectly Ripe Seasonal Pears,G,false,369,https://ecom-su-static-prod.wtrecom.com/images/products/3/LN_088356_BP_3.jpg,https://www.waitrose.com/ecom/products/waitrose-perfectly-ripe-seasonal-pears/088356-45322-45323,Waitrose Perfectly Ripe Seasonal Pears,4s,£2.45,61.3p each,,Fresh & Chilled
085466,Waitrose Baby Corn,G,false,370,https://ecom-su-static-prod.wtrecom.com/images/products/3/LN_085466_BP_3.jpg,https://www.waitrose.com/ecom/products/waitrose-baby-corn/085466-43528-43529,Waitrose Baby Corn,175g,£1.75,£10/kg,,Fresh & Chilled
092330,Waitrose Red Chicory,G,false,371,https://ecom-su-static-prod.wtrecom.com/images/products/3/LN_092330_BP_3.jpg,https://www.waitrose.com/ecom/products/waitrose-red-chicory/092330-47503-47504,Waitrose Red Chicory,140g,£1.50,£10.72/kg,,Fresh & Chilled
836985,Waitrose Madagascan Vanilla Yogurt Single,G,false,372,https://ecom-su-static-prod.wtrecom.com/images/products/3/LN_836985_BP_3.jpg,https://www.waitrose.com/ecom/products/waitrose-madagascan-vanilla-yogurt-single/836985-291550-291551,Waitrose Madagascan Vanilla Yogurt Single,150g,£1.00,66.7p/100g,,Fresh & Chilled
076326,Waitrose Cooked Flamegrilled Chicken Pieces,G,true,373,https://ecom-su-static-prod.wtrecom.com/images/products/3/LN_076326_BP_3.jpg,https://www.waitrose.com/ecom/products/waitrose-cooked-flamegrilled-chicken-pieces/076326-38770-38771,Waitrose Cooked Flamegrilled Chicken Pieces,120g,£3.25,£2.71/100g,Add 2 for £5.50,Fresh & Chilled
037885,Waitrose Blacktail Free Range Very Large Eggs,G,false,374,https://ecom-su-static-prod.wtrecom.com/images/products/3/LN_037885_BP_3.jpg,https://www.waitrose.com/ecom/products/waitrose-blacktail-free-range-very-large-eggs/037885-18905-18906,Waitrose Blacktail Free Range Very Large Eggs,6s,£2.95,49.2p each,,Fresh & Chilled
869086,Waitrose Conference Pears,G,false,375,https://ecom-su-static-prod.wtrecom.com/images/products/3/LN_869086_BP_3.jpg,https://www.waitrose.com/ecom/products/waitrose-conference-pears/869086-373759-373760,Waitrose Conference Pears,4s,£2.40,60p each,,Fresh & Chilled
498730,Waitrose Sliced Runner Beans,G,true,376,https://ecom-su-static-prod.wtrecom.com/images/products/3/LN_498730_BP_3.jpg,https://www.waitrose.com/ecom/products/waitrose-sliced-runner-beans/498730-70467-70468,Waitrose Sliced Runner Beans,80g,£1.20,£1.50/100g,Add 3 for £3,Fresh & Chilled
443640,Pastel de Nata,G,false,377,https://ecom-su-static-prod.wtrecom.com/images/products/3/LN_443640_BP_3.jpg,https://www.waitrose.com/ecom/products/pastel-de-nata/443640-619671-619672,Pastel de Nata,each,£1.00,£1 each,,Fresh & Chilled
087516,Yeo Valley Organic Fresh Whole Milk,G,true,378,https://ecom-su-static-prod.wtrecom.com/images/products/3/LN_087516_BP_3.jpg,https://www.waitrose.com/ecom/products/yeo-valley-organic-fresh-whole-milk/087516-44738-44739,Yeo Valley Organic Fresh Whole Milk,2litre,£2.65,£1.33/litre,Add 2 for £4.50,Fresh & Chilled
085504,Duchy Organic Potatoes,G,false,379,https://ecom-su-static-prod.wtrecom.com/images/products/3/LN_085504_BP_3.jpg,https://www.waitrose.com/ecom/products/duchy-organic-potatoes/085504-428552-43583,Duchy Organic Potatoes,1.5kg,£1.95,£1.30/kg,,Fresh & Chilled
085888,Waitrose Baby Topped Carrots,G,false,380,https://ecom-su-static-prod.wtrecom.com/images/products/3/LN_085888_BP_3.jpg,https://www.waitrose.com/ecom/products/waitrose-baby-topped-carrots/085888-43818-43819,Waitrose Baby Topped Carrots,150g,£2.00,£13.34/kg,,Fresh & Chilled
085468,Waitrose Baby Corn & Sugar Snap Peas,G,true,381,https://ecom-su-static-prod.wtrecom.com/images/products/3/LN_085468_BP_3.jpg,https://www.waitrose.com/ecom/products/waitrose-baby-corn-sugar-snap-peas/085468-43532-43533,Waitrose Baby Corn & Sugar Snap Peas,190g,£2.20,£11.58/kg,Add 2 for £3.50,Fresh & Chilled
740556,Alvalle Original Gazpacho Tomato Soup,G,false,382,https://ecom-su-static-prod.wtrecom.com/images/products/3/LN_740556_BP_3.jpg,https://www.waitrose.com/ecom/products/alvalle-original-gazpacho-tomato-soup/740556-105278-105279,Alvalle Original Gazpacho Tomato Soup,1litre,£4.10,41p/100ml,,Fresh & Chilled
842409,Clarence Court FR Large Burford Browns Eggs,G,false,383,https://ecom-su-static-prod.wtrecom.com/images/products/3/LN_842409_BP_3.jpg,https://www.waitrose.com/ecom/products/clarence-court-fr-large-burford-browns-eggs/842409-712451-712452,Clarence Court FR Large Burford Browns Eggs,10s,£5.80,58p each,,Fresh & Chilled
088150,Waitrose Cherries,G,true,384,https://ecom-su-static-prod.wtrecom.com/images/products/3/LN_088150_BP_3.jpg,https://www.waitrose.com/ecom/products/waitrose-cherries/088150-45131-45132,Waitrose Cherries,350g,£4.00,£11.43/kg,Add 2 for £6,Fresh & Chilled
021419,Essential Apple Juice,G,false,385,https://ecom-su-static-prod.wtrecom.com/images/products/3/LN_021419_BP_3.jpg,https://www.waitrose.com/ecom/products/essential-apple-juice/021419-10478-10479,Essential Apple Juice,1litre,£1.20,12p/100ml,,Fresh & Chilled
052810,Jus-Rol Puff Pastry Sheet,G,true,386,https://ecom-su-static-prod.wtrecom.com/images/products/3/LN_052810_BP_3.jpg,https://www.waitrose.com/ecom/products/jus-rol-puff-pastry-sheet/052810-26331-26332,Jus-Rol Puff Pastry Sheet,320g,£1.25,£3.91/kg,save 50p. Was £1.75,Fresh & Chilled
829384,Fage Total 0% Fat Free Natural Greek Yogurt Large,G,false,387,https://ecom-su-static-prod.wtrecom.com/images/products/3/LN_829384_BP_3.jpg,https://www.waitrose.com/ecom/products/fage-total-0-fat-free-natural-greek-yogurt-large/829384-226068-226069,Fage Total 0% Fat Free Natural Greek Yogurt Large,950g,£5.80,61.1p/100g,,Fresh & Chilled
767118,Muller Corner Red Cherry Yogurt Single,G,true,388,https://ecom-su-static-prod.wtrecom.com/images/products/3/LN_767118_BP_3.jpg,https://www.waitrose.com/ecom/products/muller-corner-red-cherry-yogurt-single/767118-459898-459899,Muller Corner Red Cherry Yogurt Single,136g,95p,69.9p/100g,Add 4 for £2,Fresh & Chilled
041475,Essential Soft Cheese Strength 1,G,false,389,https://ecom-su-static-prod.wtrecom.com/images/products/3/LN_041475_BP_3.jpg,https://www.waitrose.com/ecom/products/essential-soft-cheese-strength-1/041475-20534-20535,Essential Soft Cheese Strength 1,250g,£1.25,£5/kg,,Fresh & Chilled
041421,Philadelphia Original Soft Cheese,G,true,390,https://ecom-su-static-prod.wtrecom.com/images/products/3/LN_041421_BP_3.jpg,https://www.waitrose.com/ecom/products/philadelphia-original-soft-cheese/041421-20508-20509,Philadelphia Original Soft Cheese,165g,£1.72,£10.43/kg,25% Off. Was £2.30,Fresh & Chilled
031923,Country Life Unsalted Butter,G,false,391,https://ecom-su-static-prod.wtrecom.com/images/products/3/LN_031923_BP_3.jpg,https://www.waitrose.com/ecom/products/country-life-unsalted-butter/031923-15555-15556,Country Life Unsalted Butter,250g,£2.65,£10.60/kg,,Fresh & Chilled
035988,Alpro Organic Soya Long Life No Sugar Dairy Free Milk Alternative,G,true,392,https://ecom-su-static-prod.wtrecom.com/images/products/3/LN_035988_BP_3.jpg,https://www.waitrose.com/ecom/products/alpro-organic-soya-long-life-no-sugar-dairy-free-milk-alternative/035988-18074-18075,Alpro Organic Soya Long Life No Sugar Dairy Free Milk Alternative,1litre,£1.50,£1.50/litre,save 50p. Was £2.00,Fresh & Chilled
400497,Waitrose Haddock Fillets MSC,G,true,393,https://ecom-su-static-prod.wtrecom.com/images/products/3/LN_400497_BP_3.jpg,https://www.waitrose.com/ecom/products/waitrose-haddock-fillets-msc/400497-459516-459517,Waitrose Haddock Fillets MSC,240g,£4.75,£19.80/kg,Add 3 for £12,Fresh & Chilled
412325,Essential Lemon Fruit Fool,G,false,394,https://ecom-su-static-prod.wtrecom.com/images/products/3/LN_412325_BP_3.jpg,https://www.waitrose.com/ecom/products/essential-lemon-fruit-fool/412325-151491-151492,Essential Lemon Fruit Fool,114g,95p,83.3p/100g,,Fresh & Chilled
096438,Waitrose Cheese & Onion Quiche,G,true,395,https://ecom-su-static-prod.wtrecom.com/images/products/3/LN_096438_BP_3.jpg,https://www.waitrose.com/ecom/products/waitrose-cheese-onion-quiche/096438-49336-49337,Waitrose Cheese & Onion Quiche,400g,£3.50,87.5p/100g,Add 2 for £5.50,Fresh & Chilled
708913,Waitrose Celery Sticks,G,false,396,https://ecom-su-static-prod.wtrecom.com/images/products/3/LN_708913_BP_3.jpg,https://www.waitrose.com/ecom/products/waitrose-celery-sticks/708913-459834-459835,Waitrose Celery Sticks,350g,£1.25,£3.58/kg,,Fresh & Chilled
461191,Waitrose Prepared Vegetable Trio,G,true,397,https://ecom-su-static-prod.wtrecom.com/images/products/3/LN_461191_BP_3.jpg,https://www.waitrose.com/ecom/products/waitrose-prepared-vegetable-trio/461191-349772-349773,Waitrose Prepared Vegetable Trio,80g,£1.20,£1.50/100g,Add 3 for £3,Fresh & Chilled
761775,Waitrose Frites,G,true,398,https://ecom-su-static-prod.wtrecom.com/images/products/3/LN_761775_BP_3.jpg,https://www.waitrose.com/ecom/products/waitrose-frites/761775-258075-258076,Waitrose Frites,300g,£2.60,£8.67/kg,£8 Chicken Dinner Meal Deal: Add 1 Main & 2 Extras,Fresh & Chilled
887538,Waitrose Cooked Flamegrilled Chicken Pieces,G,false,399,https://ecom-su-static-prod.wtrecom.com/images/products/3/LN_887538_BP_3.jpg,https://www.waitrose.com/ecom/products/waitrose-cooked-flamegrilled-chicken-pieces/887538-311500-311501,Waitrose Cooked Flamegrilled Chicken Pieces,200g,£4.25,£2.13/100g,,Fresh & Chilled
074555,Waitrose Extra Thick Double Cream,G,false,400,https://ecom-su-static-prod.wtrecom.com/images/products/3/LN_074555_BP_3.jpg,https://www.waitrose.com/ecom/products/waitrose-extra-thick-double-cream/074555-37838-37839,Waitrose Extra Thick Double Cream,300ml,£1.50,50p/100ml,,Fresh & Chilled
088911,Duchy Organic Lemons,G,false,401,https://ecom-su-static-prod.wtrecom.com/images/products/3/LN_088911_BP_3.jpg,https://www.waitrose.com/ecom/products/duchy-organic-lemons/088911-428558-45709,Duchy Organic Lemons,3s,£2.00,66.7p each,,Fresh & Chilled
418369,No.1 Green Vegetable Medley,G,true,402,https://ecom-su-static-prod.wtrecom.com/images/products/3/LN_418369_BP_3.jpg,https://www.waitrose.com/ecom/products/no1-green-vegetable-medley/418369-790885-790886,No.1 Green Vegetable Medley,225g,£3.50,£1.56/100g,£12 Our Very Best Dine In: Add Main + Side + Starter or Dessert,Fresh & Chilled
612134,Charlie Bigham's Lasagne for 2,G,false,403,https://ecom-su-static-prod.wtrecom.com/images/products/3/LN_612134_BP_3.jpg,https://www.waitrose.com/ecom/products/charlie-bighams-lasagne-for-2/612134-86845-86846,Charlie Bigham's Lasagne for 2,690g,£9.50,£13.77/kg,,Fresh & Chilled
085156,Waitrose Bunched Beetroot,G,false,404,https://ecom-su-static-prod.wtrecom.com/images/products/3/LN_085156_BP_3.jpg,https://www.waitrose.com/ecom/products/waitrose-bunched-beetroot/085156-43248-43249,Waitrose Bunched Beetroot,500g,£2.10,£4.20/kg,,Fresh & Chilled
085709,Waitrose Large Flat Mushrooms,G,false,405,https://ecom-su-static-prod.wtrecom.com/images/products/3/LN_085709_BP_3.jpg,https://www.waitrose.com/ecom/products/waitrose-large-flat-mushrooms/085709-43733-43733,Waitrose Large Flat Mushrooms,250g,£1.50,£6/kg,,Fresh & Chilled
611566,Waitrose Italian Milano Salami,G,false,406,https://ecom-su-static-prod.wtrecom.com/images/products/3/LN_611566_BP_3.jpg,https://www.waitrose.com/ecom/products/waitrose-italian-milano-salami/611566-486577-486578,Waitrose Italian Milano Salami,80g,£2.25,£2.82/100g,,Fresh & Chilled
041220,Galbani Italian Mozzarella Cheese,G,true,407,https://ecom-su-static-prod.wtrecom.com/images/products/3/LN_041220_BP_3.jpg,https://www.waitrose.com/ecom/products/galbani-italian-mozzarella-cheese/041220-20388-20389,Galbani Italian Mozzarella Cheese,drained 125g,£1.50,£12/kg,25% Off. Was £2.00,Fresh & Chilled
052470,Waitrose Italian Macaroni Cheese for 1,G,true,408,https://ecom-su-static-prod.wtrecom.com/images/products/3/LN_052470_BP_3.jpg,https://www.waitrose.com/ecom/products/waitrose-italian-macaroni-cheese-for-1/052470-26157-26158,Waitrose Italian Macaroni Cheese for 1,400g,£3.50,£8.75/kg,Add 2 for £6.50,Fresh & Chilled
095410,Essential 12 Smoked British Bacon Streaky Rashers,G,false,409,https://ecom-su-static-prod.wtrecom.com/images/products/3/LN_095410_BP_3.jpg,https://www.waitrose.com/ecom/products/essential-12-smoked-british-bacon-streaky-rashers/095410-48885-48886,Essential 12 Smoked British Bacon Streaky Rashers,250g,£2.60,£10.40/kg,,Fresh & Chilled
583967,Waitrose Grated Cheddar & Mozzarella Cheese Strength 2,G,false,410,https://ecom-su-static-prod.wtrecom.com/images/products/3/LN_583967_BP_3.jpg,https://www.waitrose.com/ecom/products/waitrose-grated-cheddar-mozzarella-cheese-strength-2/583967-129680-129681,Waitrose Grated Cheddar & Mozzarella Cheese Strength 2,250g,£2.90,£11.60/kg,,Fresh & Chilled
848533,Waitrose Lemongrass And Ginger Chicken Breast Kebab,G,true,411,https://ecom-su-static-prod.wtrecom.com/images/products/3/LN_848533_BP_3.jpg,https://www.waitrose.com/ecom/products/waitrose-lemongrass-and-ginger-chicken-breast-kebab/848533-175460-175461,Waitrose Lemongrass And Ginger Chicken Breast Kebab,248g,£4.25,£17.14/kg,Add 3 for £12,Fresh & Chilled
039527,Waitrose Wild Rocket,G,false,412,https://ecom-su-static-prod.wtrecom.com/images/products/3/LN_039527_BP_3.jpg,https://www.waitrose.com/ecom/products/waitrose-wild-rocket/039527-19581-19582,Waitrose Wild Rocket,150g,£2.55,£1.70/100g,,Fresh & Chilled
003011,No.1 Scottish Salmon Prime Fillet,G,false,413,https://ecom-su-static-prod.wtrecom.com/images/products/3/LN_003011_BP_3.jpg,https://www.waitrose.com/ecom/products/no1-scottish-salmon-prime-fillet/003011-1108-1109,No.1 Scottish Salmon Prime Fillet,500g,£12.95,£25.90/kg,,Fresh & Chilled
068328,Paysan Breton Creamy French Soft Cheese with Sea Salt,G,false,414,https://ecom-su-static-prod.wtrecom.com/images/products/3/LN_068328_BP_3.jpg,https://www.waitrose.com/ecom/products/paysan-breton-creamy-french-soft-cheese-with-sea-salt/068328-34685-34686,Paysan Breton Creamy French Soft Cheese with Sea Salt,150g,£2.65,£17.67/kg,,Fresh & Chilled
737731,Waitrose Guacamole,G,true,415,https://ecom-su-static-prod.wtrecom.com/images/products/3/LN_737731_BP_3.jpg,https://www.waitrose.com/ecom/products/waitrose-guacamole/737731-202407-202408,Waitrose Guacamole,170g,£1.75,£1.03/100g,Add 2 for £2.50,Fresh & Chilled
509364,Essential Mashed Potatoes,G,false,416,https://ecom-su-static-prod.wtrecom.com/images/products/3/LN_509364_BP_3.jpg,https://www.waitrose.com/ecom/products/essential-mashed-potatoes/509364-72013-72014,Essential Mashed Potatoes,400g,90p,£2.25/kg,,Fresh & Chilled
088050,No.1 Speciality Raspberries,G,true,417,https://ecom-su-static-prod.wtrecom.com/images/products/3/LN_088050_BP_3.jpg,https://www.waitrose.com/ecom/products/no1-speciality-raspberries/088050-415837-45026,No.1 Speciality Raspberries,200g,£3.50,£17.50/kg,Add 2 for £6,Fresh & Chilled
883399,Waitrose Lemon Curd Yogurt Single,G,false,418,https://ecom-su-static-prod.wtrecom.com/images/products/3/LN_883399_BP_3.jpg,https://www.waitrose.com/ecom/products/waitrose-lemon-curd-yogurt-single/883399-292278-292279,Waitrose Lemon Curd Yogurt Single,150g,£1.00,66.7p/100g,,Fresh & Chilled
037711,No.1 Free Range Corn Fed Chicken Breast Fillets 2,G,false,419,https://ecom-su-static-prod.wtrecom.com/images/products/3/LN_037711_BP_3.jpg,https://www.waitrose.com/ecom/products/no1-free-range-corn-fed-chicken-breast-fillets-2/037711-18825-18826,No.1 Free Range Corn Fed Chicken Breast Fillets 2,Typical weight 0.3kg,£5.99 each est.,£19.97/kg,,Fresh & Chilled
085209,Essential White Cabbage,G,false,420,https://ecom-su-static-prod.wtrecom.com/images/products/3/LN_085209_BP_3.jpg,https://www.waitrose.com/ecom/products/essential-white-cabbage/085209-415836-43278,Essential White Cabbage,Typical weight 0.82kg,95p each est.,£1.15/kg,,Fresh & Chilled
649466,No.1 Cauliflower & Broccoli Three Cheese Gratin,G,true,421,https://ecom-su-static-prod.wtrecom.com/images/products/3/LN_649466_BP_3.jpg,https://www.waitrose.com/ecom/products/no1-cauliflower-broccoli-three-cheese-gratin/649466-790929-790930,No.1 Cauliflower & Broccoli Three Cheese Gratin,420g,£3.95,94p/100g,£12 Our Very Best Dine In: Add Main + Side + Starter or Dessert,Fresh & Chilled
653341,Waitrose Extra Virgin Olive Oil & Roasted Garlic Flatbread,G,true,422,https://ecom-su-static-prod.wtrecom.com/images/products/3/LN_653341_BP_3.jpg,https://www.waitrose.com/ecom/products/waitrose-extra-virgin-olive-oil-roasted-garlic-flatbread/653341-586659-586660,Waitrose Extra Virgin Olive Oil & Roasted Garlic Flatbread,155g,£1.68,£1.09/100g,25% Off. Was £2.25,Fresh & Chilled
086414,Essential Orange Peppers,G,false,423,https://ecom-su-static-prod.wtrecom.com/images/products/3/LN_086414_BP_3.jpg,https://www.waitrose.com/ecom/products/essential-orange-peppers/086414-44124-44125,Essential Orange Peppers,Typical weight 0.16kg,60p each est.,£3.75/kg,,Fresh & Chilled
580280,Waitrose Davidstow Cornish Vintage Mature Cheddar Cheese Strength 7 Large,G,true,424,https://ecom-su-static-prod.wtrecom.com/images/products/3/LN_580280_BP_3.jpg,https://www.waitrose.com/ecom/products/waitrose-davidstow-cornish-vintage-mature-cheddar-cheese-strength-7-large/580280-550030-550031,Waitrose Davidstow Cornish Vintage Mature Cheddar Cheese Strength 7 Large,550g,£4.31,£7.84/kg,25% Off. Was £5.75,Fresh & Chilled
895677,Essential Small Whole Chicken,G,false,425,https://ecom-su-static-prod.wtrecom.com/images/products/3/LN_895677_BP_3.jpg,https://www.waitrose.com/ecom/products/essential-small-whole-chicken/895677-706845-706846,Essential Small Whole Chicken,1.2Kg,£3.70,£3.09/kg,,Fresh & Chilled
085223,Waitrose Cavolo Nero,G,false,426,https://ecom-su-static-prod.wtrecom.com/images/products/3/LN_085223_BP_3.jpg,https://www.waitrose.com/ecom/products/waitrose-cavolo-nero/085223-43297-43298,Waitrose Cavolo Nero,200g,£1.55,£7.75/kg,,Fresh & Chilled
061330,Waitrose Red Pepper Houmous,G,true,427,https://ecom-su-static-prod.wtrecom.com/images/products/3/LN_061330_BP_3.jpg,https://www.waitrose.com/ecom/products/waitrose-red-pepper-houmous/061330-31040-31041,Waitrose Red Pepper Houmous,200g,£1.75,87.5p/100g,Add 2 for £2.50,Fresh & Chilled
822269,Tims Dairy Natural Greek Style Yogurt,G,false,428,https://ecom-su-static-prod.wtrecom.com/images/products/3/LN_822269_BP_3.jpg,https://www.waitrose.com/ecom/products/tims-dairy-natural-greek-style-yogurt/822269-225882-225883,Tims Dairy Natural Greek Style Yogurt,500g,£2.30,46p/100g,,Fresh & Chilled
519153,Easy to Cook Cajun Chicken Breasts,G,true,429,https://ecom-su-static-prod.wtrecom.com/images/products/3/LN_519153_BP_3.jpg,https://www.waitrose.com/ecom/products/easy-to-cook-cajun-chicken-breasts/519153-288219-288220,Easy to Cook Cajun Chicken Breasts,270g,£5.00,£18.52/kg,Add 3 for £12,Fresh & Chilled
716810,Cooks' Ingredients Medium Basil Pot,G,false,430,https://ecom-su-static-prod.wtrecom.com/images/products/3/LN_716810_BP_3.jpg,https://www.waitrose.com/ecom/products/cooks-ingredients-medium-basil-pot/716810-160673-160674,Cooks' Ingredients Medium Basil Pot,Each,£1.70,£1.70 each,,Fresh & Chilled
069460,Waitrose Pineapple Fruit Juice,G,false,431,https://ecom-su-static-prod.wtrecom.com/images/products/3/LN_069460_BP_3.jpg,https://www.waitrose.com/ecom/products/waitrose-pineapple-fruit-juice/069460-35221-35222,Waitrose Pineapple Fruit Juice,1litre,£2.10,21p/100ml,,Fresh & Chilled
758627,Waitrose Lightly Dusted Cod,G,true,432,https://ecom-su-static-prod.wtrecom.com/images/products/3/LN_758627_BP_3.jpg,https://www.waitrose.com/ecom/products/waitrose-lightly-dusted-cod/758627-689506-689507,Waitrose Lightly Dusted Cod,270g,£5.95,£22.04/kg,Add 3 for £12,Fresh & Chilled
073335,Waitrose Baby Plum Tomatoes,G,false,433,https://ecom-su-static-prod.wtrecom.com/images/products/3/LN_073335_BP_3.jpg,https://www.waitrose.com/ecom/products/waitrose-baby-plum-tomatoes/073335-37216-37217,Waitrose Baby Plum Tomatoes,400g,£3.00,£7.50/kg,,Fresh & Chilled
676625,Duchy Organic Parmigiano Reggiano DOP Parmesan Cheese Strength 6,G,false,434,https://ecom-su-static-prod.wtrecom.com/images/products/3/LN_676625_BP_3.jpg,https://www.waitrose.com/ecom/products/duchy-organic-parmigiano-reggiano-dop-parmesan-cheese-strength-6/676625-688820-688821,Duchy Organic Parmigiano Reggiano DOP Parmesan Cheese Strength 6,150g,£3.85,£25.67/kg,,Fresh & Chilled
397667,Bonne Maman Crème Caramel,G,false,435,https://ecom-su-static-prod.wtrecom.com/images/products/3/LN_397667_BP_3.jpg,https://www.waitrose.com/ecom/products/bonne-maman-creme-caramel/397667-55908-55909,Bonne Maman Crème Caramel,4x100g,£3.35,83.8p/100g,,Fresh & Chilled
705663,Waitrose Jarlsberg Sliced Cheese Strength 3,G,false,436,https://ecom-su-static-prod.wtrecom.com/images/products/3/LN_705663_BP_3.jpg,https://www.waitrose.com/ecom/products/waitrose-jarlsberg-sliced-cheese-strength-3/705663-100205-100206,Waitrose Jarlsberg Sliced Cheese Strength 3,200g,£3.15,£15.75/kg,,Fresh & Chilled
821296,No.1 Potato Dauphinoise,G,true,437,https://ecom-su-static-prod.wtrecom.com/images/products/3/LN_821296_BP_3.jpg,https://www.waitrose.com/ecom/products/no1-potato-dauphinoise/821296-790959-790960,No.1 Potato Dauphinoise,420g,£3.95,94p/100g,£12 Our Very Best Dine In: Add Main + Side + Starter or Dessert,Fresh & Chilled
672168,Waitrose Water Chestnut & Bamboo Stir Fry,G,true,438,https://ecom-su-static-prod.wtrecom.com/images/products/3/LN_672168_BP_3.jpg,https://www.waitrose.com/ecom/products/waitrose-water-chestnut-bamboo-stir-fry/672168-683094-683095,Waitrose Water Chestnut & Bamboo Stir Fry,265g,£1.60,£6.04/kg,"£7 Stir Fry Meal Deal: Add protein, veg, sauce & rice or noodles",Fresh & Chilled
746556,Essential Cooked King Prawns ASC,G,false,439,https://ecom-su-static-prod.wtrecom.com/images/products/3/LN_746556_BP_3.jpg,https://www.waitrose.com/ecom/products/essential-cooked-king-prawns-asc/746556-153183-153184,Essential Cooked King Prawns ASC,150g,£3.50,£2.34/100g,,Fresh & Chilled
882279,Alpro Oat Milk No Sugar Dairy Free Milk Alternative,G,false,440,https://ecom-su-static-prod.wtrecom.com/images/products/3/LN_882279_BP_3.jpg,https://www.waitrose.com/ecom/products/alpro-oat-milk-no-sugar-dairy-free-milk-alternative/882279-677674-677675,Alpro Oat Milk No Sugar Dairy Free Milk Alternative,1litre,£2.10,£2.10/litre,,Fresh & Chilled
854928,Waitrose Italian Stone In Nocellara Olives,G,true,441,https://ecom-su-static-prod.wtrecom.com/images/products/3/LN_854928_BP_3.jpg,https://www.waitrose.com/ecom/products/waitrose-italian-stone-in-nocellara-olives/854928-420587-420588,Waitrose Italian Stone In Nocellara Olives,150g,£3.75,£2.50/100g,Add 2 for £5.50,Fresh & Chilled
022126,Easy to Cook Fruity Gammon Steaks,G,true,442,https://ecom-su-static-prod.wtrecom.com/images/products/3/LN_022126_BP_3.jpg,https://www.waitrose.com/ecom/products/easy-to-cook-fruity-gammon-steaks/022126-10778-10779,Easy to Cook Fruity Gammon Steaks,325g,£5.00,£15.39/kg,Add 3 for £12,Fresh & Chilled
043118,Lurpak Unsalted Butter,G,true,443,https://ecom-su-static-prod.wtrecom.com/images/products/3/LN_043118_BP_3.jpg,https://www.waitrose.com/ecom/products/lurpak-unsalted-butter/043118-21290-21291,Lurpak Unsalted Butter,200g,£1.70,£8.50/kg,save 55p. Was £2.25,Fresh & Chilled
011491,Waitrose Italian Antipasto Platter,G,false,444,https://ecom-su-static-prod.wtrecom.com/images/products/3/LN_011491_BP_3.jpg,https://www.waitrose.com/ecom/products/waitrose-italian-antipasto-platter/011491-5700-5700,Waitrose Italian Antipasto Platter,105g,£4.25,£4.05/100g,,Fresh & Chilled
039731,Waitrose 12 Dry Cured Smoked Streaky Bacon Rashers,G,true,445,https://ecom-su-static-prod.wtrecom.com/images/products/3/LN_039731_BP_3.jpg,https://www.waitrose.com/ecom/products/waitrose-12-dry-cured-smoked-streaky-bacon-rashers/039731-19672-19673,Waitrose 12 Dry Cured Smoked Streaky Bacon Rashers,250g,£4.00,£16/kg,Add 2 for £7,Fresh & Chilled
807434,Waitrose Chorizo Ring,G,false,446,https://ecom-su-static-prod.wtrecom.com/images/products/3/LN_807434_BP_3.jpg,https://www.waitrose.com/ecom/products/waitrose-chorizo-ring/807434-486727-486728,Waitrose Chorizo Ring,240g,£3.95,£1.65/100g,,Fresh & Chilled
836769,Arla Skyr Natural Icelandic High Protein Fat Free Yogurt,G,false,447,https://ecom-su-static-prod.wtrecom.com/images/products/3/LN_836769_BP_3.jpg,https://www.waitrose.com/ecom/products/arla-skyr-natural-icelandic-high-protein-fat-free-yogurt/836769-437896-437897,Arla Skyr Natural Icelandic High Protein Fat Free Yogurt,450g,£2.35,52.2p/100g,,Fresh & Chilled
779634,"Waitrose Broccoli, Spinach & Ricotta Quiche",G,true,448,https://ecom-su-static-prod.wtrecom.com/images/products/3/LN_779634_BP_3.jpg,https://www.waitrose.com/ecom/products/waitrose-broccoli-spinach-ricotta-quiche/779634-586832-586833,"Waitrose Broccoli, Spinach & Ricotta Quiche",400g,£3.50,87.5p/100g,Add 2 for £5.50,Fresh & Chilled
615396,Waitrose Cod Fillets MSC,G,false,449,https://ecom-su-static-prod.wtrecom.com/images/products/3/LN_615396_BP_3.jpg,https://www.waitrose.com/ecom/products/waitrose-cod-fillets-msc/615396-451710-451711,Waitrose Cod Fillets MSC,240g,£4.75,£19.80/kg,,Fresh & Chilled
086477,Waitrose Continental Salad Onions,G,false,450,https://ecom-su-static-prod.wtrecom.com/images/products/3/LN_086477_BP_3.jpg,https://www.waitrose.com/ecom/products/waitrose-continental-salad-onions/086477-44166-44167,Waitrose Continental Salad Onions,per bunch,£1.25,£1.25 each,,Fresh & Chilled
687735,Waitrose 2 Scottish Salmon Tail Fillets,G,true,451,https://ecom-su-static-prod.wtrecom.com/images/products/3/LN_687735_BP_3.jpg,https://www.waitrose.com/ecom/products/waitrose-2-scottish-salmon-tail-fillets/687735-590363-590364,Waitrose 2 Scottish Salmon Tail Fillets,220g,£4.95,£22.50/kg,Add 3 for £12,Fresh & Chilled
846419,Waitrose Chestnut Mushrooms 450g,G,false,452,https://ecom-su-static-prod.wtrecom.com/images/products/3/LN_846419_BP_3.jpg,https://www.waitrose.com/ecom/products/waitrose-chestnut-mushrooms-450g/846419-595278-595279,Waitrose Chestnut Mushrooms 450g,450g,£2.00,44.4p/100g,,Fresh & Chilled
720909,Arla B.O.B Filtered Tastes Like Semi Skimmed Skimmed Milk,G,true,453,https://ecom-su-static-prod.wtrecom.com/images/products/3/LN_720909_BP_3.jpg,https://www.waitrose.com/ecom/products/arla-bob-filtered-tastes-like-semi-skimmed-skimmed-milk/720909-486677-486678,Arla B.O.B Filtered Tastes Like Semi Skimmed Skimmed Milk,2litre,£2.40,£1.20/litre,Add 2 for £4,Fresh & Chilled
862378,Rachels Dairy Luscious Fruits Cherry & Strawberry Organic Yogurts,G,true,454,https://ecom-su-static-prod.wtrecom.com/images/products/3/LN_862378_BP_3.jpg,https://www.waitrose.com/ecom/products/rachels-dairy-luscious-fruits-cherry-strawberry-organic-yogurts/862378-405860-405861,Rachels Dairy Luscious Fruits Cherry & Strawberry Organic Yogurts,4x110g,£2.17,49.3p/100g,25% Off. Was £2.90,Fresh & Chilled
640564,No.1 Chestnut Scottish Smoked Salmon,G,false,455,https://ecom-su-static-prod.wtrecom.com/images/products/3/LN_640564_BP_3.jpg,https://www.waitrose.com/ecom/products/no1-chestnut-scottish-smoked-salmon/640564-634930-634931,No.1 Chestnut Scottish Smoked Salmon,100g,£6.95,£6.95/100g,,Fresh & Chilled
833098,Tims Dairy Vanilla Greek Style Yogurt,G,false,456,https://ecom-su-static-prod.wtrecom.com/images/products/3/LN_833098_BP_3.jpg,https://www.waitrose.com/ecom/products/tims-dairy-vanilla-greek-style-yogurt/833098-291498-291499,Tims Dairy Vanilla Greek Style Yogurt,450g,£2.50,55.6p/100g,,Fresh & Chilled
085422,Waitrose Stringless Helda Beans,G,false,457,https://ecom-su-static-prod.wtrecom.com/images/products/3/LN_085422_BP_3.jpg,https://www.waitrose.com/ecom/products/waitrose-stringless-helda-beans/085422-43460-43461,Waitrose Stringless Helda Beans,280g,£2.30,£8.22/kg,,Fresh & Chilled
443931,Waitrose Summer 4 New York Style Beef Burgers,G,true,458,https://ecom-su-static-prod.wtrecom.com/images/products/3/LN_443931_BP_3.jpg,https://www.waitrose.com/ecom/products/waitrose-summer-4-new-york-style-beef-burgers/443931-779238-779239,Waitrose Summer 4 New York Style Beef Burgers,454g,£4.25,£9.37/kg,Add 3 for £12,Fresh & Chilled
061721,Waitrose Italian Beef Lasagne for 1,G,true,459,https://ecom-su-static-prod.wtrecom.com/images/products/3/LN_061721_BP_3.jpg,https://www.waitrose.com/ecom/products/waitrose-italian-beef-lasagne-for-1/061721-31282-31283,Waitrose Italian Beef Lasagne for 1,400g,£3.50,£8.75/kg,Add 2 for £6.50,Fresh & Chilled
591566,Philadelphia Original Soft Cheese Large,G,false,460,https://ecom-su-static-prod.wtrecom.com/images/products/3/LN_591566_BP_3.jpg,https://www.waitrose.com/ecom/products/philadelphia-original-soft-cheese-large/591566-690802-690803,Philadelphia Original Soft Cheese Large,280g,£3.40,£12.15/kg,,Fresh & Chilled
569224,No. 1 Italian Burrata Cheese,G,false,461,https://ecom-su-static-prod.wtrecom.com/images/products/3/LN_569224_BP_3.jpg,https://www.waitrose.com/ecom/products/no-1-italian-burrata-cheese/569224-706373-706374,No. 1 Italian Burrata Cheese,drained 150g,£3.40,£22.67/kg,,Fresh & Chilled
058995,Easy to Cook Mini Butter-basted Chicken Breast Joint,G,true,462,https://ecom-su-static-prod.wtrecom.com/images/products/3/LN_058995_BP_3.jpg,https://www.waitrose.com/ecom/products/easy-to-cook-mini-butter-basted-chicken-breast-joint/058995-29698-29699,Easy to Cook Mini Butter-basted Chicken Breast Joint,350g,£5.00,£14.29/kg,Add 3 for £12,Fresh & Chilled
776082,Bonne Maman Apricot Yogurts,G,false,463,https://ecom-su-static-prod.wtrecom.com/images/products/3/LN_776082_BP_3.jpg,https://www.waitrose.com/ecom/products/bonne-maman-apricot-yogurts/776082-776828-776829,Bonne Maman Apricot Yogurts,4x125g,£2.95,59p/100g,,Fresh & Chilled
012673,Essential Salted Butter Large,G,false,464,https://ecom-su-static-prod.wtrecom.com/images/products/3/LN_012673_BP_3.jpg,https://www.waitrose.com/ecom/products/essential-salted-butter-large/012673-6212-6213,Essential Salted Butter Large,500g,£3.50,£7/kg,,Fresh & Chilled
792220,Bellaverde Sweet Stem Broccoli,G,false,465,https://ecom-su-static-prod.wtrecom.com/images/products/3/LN_792220_BP_3.jpg,https://www.waitrose.com/ecom/products/bellaverde-sweet-stem-broccoli/792220-112697-112698,Bellaverde Sweet Stem Broccoli,200g,£2.40,£12/kg,,Fresh & Chilled
882160,Waitrose Extra Large Pineapple,G,true,466,https://ecom-su-static-prod.wtrecom.com/images/products/3/LN_882160_BP_3.jpg,https://www.waitrose.com/ecom/products/waitrose-extra-large-pineapple/882160-428482-428483,Waitrose Extra Large Pineapple,Each,£2.25,£2.25 each,Add 2 for £4,Fresh & Chilled
716321,Oatly Oat Milk Dairy Free Semi Skimmed Milk Alternative,G,false,467,https://ecom-su-static-prod.wtrecom.com/images/products/3/LN_716321_BP_3.jpg,https://www.waitrose.com/ecom/products/oatly-oat-milk-dairy-free-semi-skimmed-milk-alternative/716321-677456-677457,Oatly Oat Milk Dairy Free Semi Skimmed Milk Alternative,1litre,£2.20,£2.20/litre,,Fresh & Chilled
043114,Country Life Salted Butter,G,false,468,https://ecom-su-static-prod.wtrecom.com/images/products/3/LN_043114_BP_3.jpg,https://www.waitrose.com/ecom/products/country-life-salted-butter/043114-21284-21285,Country Life Salted Butter,250g,£2.65,£10.60/kg,,Fresh & Chilled
826646,Waitrose Summer 6 Smokin' Hot Honey Pork Belly Slices,G,true,469,https://ecom-su-static-prod.wtrecom.com/images/products/3/LN_826646_BP_3.jpg,https://www.waitrose.com/ecom/products/waitrose-summer-6-smokin-hot-honey-pork-belly-slices/826646-824456-824457,Waitrose Summer 6 Smokin' Hot Honey Pork Belly Slices,390g,£4.25,£10.90/kg,Add 3 for £12,Fresh & Chilled
796466,Essential 10 Unsmoked British Bacon Rashers,G,false,470,https://ecom-su-static-prod.wtrecom.com/images/products/3/LN_796466_BP_3.jpg,https://www.waitrose.com/ecom/products/essential-10-unsmoked-british-bacon-rashers/796466-143216-143217,Essential 10 Unsmoked British Bacon Rashers,300g,£2.95,£9.84/kg,,Fresh & Chilled
494191,Waitrose Extra Thick Cut Unsmoked Dry Cured Back Bacon,G,true,471,https://ecom-su-static-prod.wtrecom.com/images/products/3/LN_494191_BP_3.jpg,https://www.waitrose.com/ecom/products/waitrose-extra-thick-cut-unsmoked-dry-cured-back-bacon/494191-645103-645104,Waitrose Extra Thick Cut Unsmoked Dry Cured Back Bacon,300g,£4.00,£13.34/kg,Add 2 for £7,Fresh & Chilled
038197,Yeo Valley Organic Fresh Whole Milk,G,true,472,https://ecom-su-static-prod.wtrecom.com/images/products/3/LN_038197_BP_3.jpg,https://www.waitrose.com/ecom/products/yeo-valley-organic-fresh-whole-milk/038197-19062-19063,Yeo Valley Organic Fresh Whole Milk,1litre,£1.35,£1.35/litre,save 35p. Was £1.70,Fresh & Chilled
752051,Waitrose Essential Pitted Green Olives,G,false,473,https://ecom-su-static-prod.wtrecom.com/images/products/3/LN_752051_BP_3.jpg,https://www.waitrose.com/ecom/products/waitrose-essential-pitted-green-olives/752051-202417-202418,Waitrose Essential Pitted Green Olives,120g,£2.00,£1.67/100g,,Fresh & Chilled
878575,Essential 30% Reduced Fat Cypriot Halloumi Grilling Cheese,G,false,474,https://ecom-su-static-prod.wtrecom.com/images/products/3/LN_878575_BP_3.jpg,https://www.waitrose.com/ecom/products/essential-30-reduced-fat-cypriot-halloumi-grilling-cheese/878575-229643-229644,Essential 30% Reduced Fat Cypriot Halloumi Grilling Cheese,250g,£2.50,£10/kg,,Fresh & Chilled
856360,Waitrose Shallots,G,false,475,https://ecom-su-static-prod.wtrecom.com/images/products/3/LN_856360_BP_3.jpg,https://www.waitrose.com/ecom/products/waitrose-shallots/856360-694024-694025,Waitrose Shallots,,£3.50,per kg,,Fresh & Chilled
085718,Waitrose Shiitake Mushrooms,G,false,476,https://ecom-su-static-prod.wtrecom.com/images/products/3/LN_085718_BP_3.jpg,https://www.waitrose.com/ecom/products/waitrose-shiitake-mushrooms/085718-43738-43739,Waitrose Shiitake Mushrooms,150g,£2.50,£16.67/kg,,Fresh & Chilled
836048,Waitrose Pork Cocktail Sausages,G,true,477,https://ecom-su-static-prod.wtrecom.com/images/products/3/LN_836048_BP_3.jpg,https://www.waitrose.com/ecom/products/waitrose-pork-cocktail-sausages/836048-420539-420540,Waitrose Pork Cocktail Sausages,260g,£3.25,£1.25/100g,Add 2 for £5.50,Fresh & Chilled
085315,Duchy Organic Ridge Cucumber,G,false,478,https://ecom-su-static-prod.wtrecom.com/images/products/3/LN_085315_BP_3.jpg,https://www.waitrose.com/ecom/products/duchy-organic-ridge-cucumber/085315-43394-43395,Duchy Organic Ridge Cucumber,Each,£1.65,£1.65 each,,Fresh & Chilled
444321,No.1 Wood-fired Spicy Calabrian Salami Sourdough Pizza,G,false,479,https://ecom-su-static-prod.wtrecom.com/images/products/3/LN_444321_BP_3.jpg,https://www.waitrose.com/ecom/products/no1-wood-fired-spicy-calabrian-salami-sourdough-pizza/444321-702493-702494,No.1 Wood-fired Spicy Calabrian Salami Sourdough Pizza,490g,£5.95,£12.15/kg,,Fresh & Chilled
006652,Waitrose British Wiltshire Cured Honey Roast,G,true,480,https://ecom-su-static-prod.wtrecom.com/images/products/3/LN_006652_BP_3.jpg,https://www.waitrose.com/ecom/products/waitrose-british-wiltshire-cured-honey-roast/006652-2955-2956,Waitrose British Wiltshire Cured Honey Roast,130g,£3.50,£2.70/100g,Add 2 for £6,Fresh & Chilled
571975,Waitrose Parmesan & Garlic Rustic Wheel,G,false,481,https://ecom-su-static-prod.wtrecom.com/images/products/3/LN_571975_BP_3.jpg,https://www.waitrose.com/ecom/products/waitrose-parmesan-garlic-rustic-wheel/571975-81031-81032,Waitrose Parmesan & Garlic Rustic Wheel,295g,£3.00,£1.02/100g,,Fresh & Chilled
746637,The Collective Banana Suckies Kids Yogurts,G,false,482,https://ecom-su-static-prod.wtrecom.com/images/products/3/LN_746637_BP_3.jpg,https://www.waitrose.com/ecom/products/the-collective-banana-suckies-kids-yogurts/746637-520179-520180,The Collective Banana Suckies Kids Yogurts,90g,£1.00,£1.12/100g,,Fresh & Chilled
085428,Essential Runner Beans,G,false,483,https://ecom-su-static-prod.wtrecom.com/images/products/3/LN_085428_BP_3.jpg,https://www.waitrose.com/ecom/products/essential-runner-beans/085428-43472-43473,Essential Runner Beans,280g,£2.20,£7.86/kg,,Fresh & Chilled
086513,No.1 Jack Hawkins Tomatoes,G,true,484,https://ecom-su-static-prod.wtrecom.com/images/products/3/LN_086513_BP_3.jpg,https://www.waitrose.com/ecom/products/no1-jack-hawkins-tomatoes/086513-44196-44197,No.1 Jack Hawkins Tomatoes,,£4.44,per kg,20% Off. Was £5.55,Fresh & Chilled
022524,Duchy Organic Spinach,G,false,485,https://ecom-su-static-prod.wtrecom.com/images/products/3/LN_022524_BP_3.jpg,https://www.waitrose.com/ecom/products/duchy-organic-spinach/022524-10989-10990,Duchy Organic Spinach,200g,£2.10,£10.50/kg,,Fresh & Chilled
012904,Waitrose Plums,G,true,486,https://ecom-su-static-prod.wtrecom.com/images/products/3/LN_012904_BP_3.jpg,https://www.waitrose.com/ecom/products/waitrose-plums/012904-6296-6297,Waitrose Plums,4s,£2.50,62.5p each,Add 2 for £4,Fresh & Chilled
065371,Waitrose Perfectly Ripe Mango,G,true,487,https://ecom-su-static-prod.wtrecom.com/images/products/3/LN_065371_BP_3.jpg,https://www.waitrose.com/ecom/products/waitrose-perfectly-ripe-mango/065371-33137-33138,Waitrose Perfectly Ripe Mango,2s,£2.75,£1.38 each,Add 2 for £4,Fresh & Chilled
044767,"Waitrose British Pork, Bramley Apple Sausages",G,true,488,https://ecom-su-static-prod.wtrecom.com/images/products/3/LN_044767_BP_3.jpg,https://www.waitrose.com/ecom/products/waitrose-british-pork-bramley-apple-sausages/044767-22100-22101,"Waitrose British Pork, Bramley Apple Sausages",400g,£3.95,£9.88/kg,Add 2 for £5.75,Fresh & Chilled
842383,Waitrose Summer 4 Chimichurri Beef Bavette Steaks,G,true,489,https://ecom-su-static-prod.wtrecom.com/images/products/3/LN_842383_BP_3.jpg,https://www.waitrose.com/ecom/products/waitrose-summer-4-chimichurri-beef-bavette-steaks/842383-661297-661298,Waitrose Summer 4 Chimichurri Beef Bavette Steaks,280g,£4.25,£15.18/kg,Add 3 for £12,Fresh & Chilled
869600,Essential Side Salad,G,false,490,https://ecom-su-static-prod.wtrecom.com/images/products/3/LN_869600_BP_3.jpg,https://www.waitrose.com/ecom/products/essential-side-salad/869600-177458-177459,Essential Side Salad,150g,£1.50,£1/100g,,Fresh & Chilled
521575,Waitrose Tenderstem Broccoli Spears,G,true,491,https://ecom-su-static-prod.wtrecom.com/images/products/3/LN_521575_BP_3.jpg,https://www.waitrose.com/ecom/products/waitrose-tenderstem-broccoli-spears/521575-549946-549947,Waitrose Tenderstem Broccoli Spears,300g,£1.95,£6.50/kg,25% Off. Was £2.60,Fresh & Chilled
465949,Yeo Valley Organic Natural Yogurts,G,false,492,https://ecom-su-static-prod.wtrecom.com/images/products/3/LN_465949_BP_3.jpg,https://www.waitrose.com/ecom/products/yeo-valley-organic-natural-yogurts/465949-65681-65682,Yeo Valley Organic Natural Yogurts,4x110g,£2.65,60.2p/100g,,Fresh & Chilled
021910,Waitrose Pink Grapefruit Fruit Juice,G,false,493,https://ecom-su-static-prod.wtrecom.com/images/products/3/LN_021910_BP_3.jpg,https://www.waitrose.com/ecom/products/waitrose-pink-grapefruit-fruit-juice/021910-10690-10691,Waitrose Pink Grapefruit Fruit Juice,1litre,£2.10,21p/100ml,,Fresh & Chilled
025811,Waitrose Whole Roast Chicken,G,false,494,https://ecom-su-static-prod.wtrecom.com/images/products/3/LN_025811_BP_3.jpg,https://www.waitrose.com/ecom/products/waitrose-whole-roast-chicken/025811-12584-12585,Waitrose Whole Roast Chicken,Typical weight 1kg,£6.50 each est.,£6.50/kg,,Fresh & Chilled
802382,Waitrose 2 Mediterranean Sea Bream Fillets,G,true,495,https://ecom-su-static-prod.wtrecom.com/images/products/3/LN_802382_BP_3.jpg,https://www.waitrose.com/ecom/products/waitrose-2-mediterranean-sea-bream-fillets/802382-443882-443883,Waitrose 2 Mediterranean Sea Bream Fillets,180g,£5.50,£30.56/kg,Add 3 for £12,Fresh & Chilled
088133,Essential Home Ripening Apricots,G,false,496,https://ecom-su-static-prod.wtrecom.com/images/products/3/LN_088133_BP_3.jpg,https://www.waitrose.com/ecom/products/essential-home-ripening-apricots/088133-45115-45116,Essential Home Ripening Apricots,320g,£2.80,£8.75/kg,,Fresh & Chilled
085446,Essential Butternut Squash,G,false,497,https://ecom-su-static-prod.wtrecom.com/images/products/3/LN_085446_BP_3.jpg,https://www.waitrose.com/ecom/products/essential-butternut-squash/085446-43498-43499,Essential Butternut Squash,Each,£1.60,£1.60 each,,Fresh & Chilled
716526,"Waitrose Orange, Mango & Passionfruit Fruit Juice",G,false,498,https://ecom-su-static-prod.wtrecom.com/images/products/3/LN_716526_BP_3.jpg,https://www.waitrose.com/ecom/products/waitrose-orange-mango-passionfruit-fruit-juice/716526-101800-101801,"Waitrose Orange, Mango & Passionfruit Fruit Juice",1litre,£2.10,21p/100ml,,Fresh & Chilled
078724,Essential Sliced Gouda Cheese Strength 2,G,false,499,https://ecom-su-static-prod.wtrecom.com/images/products/3/LN_078724_BP_3.jpg,https://www.waitrose.com/ecom/products/essential-sliced-gouda-cheese-strength-2/078724-40077-40078,Essential Sliced Gouda Cheese Strength 2,250g,£2.80,£11.20/kg,,Fresh & Chilled
411519,Duchy Organic English Salted Butter,G,false,500,https://ecom-su-static-prod.wtrecom.com/images/products/3/LN_411519_BP_3.jpg,https://www.waitrose.com/ecom/products/duchy-organic-english-salted-butter/411519-57914-57915,Duchy Organic English Salted Butter,250g,£3.25,£13/kg,,Fresh & Chilled
070805,Duchy Organic Skimmed Milk 2 Pints,G,false,501,https://ecom-su-static-prod.wtrecom.com/images/products/3/LN_070805_BP_3.jpg,https://www.waitrose.com/ecom/products/duchy-organic-skimmed-milk-2-pints/070805-35887-35888,Duchy Organic Skimmed Milk 2 Pints,1.136litre,£1.65,£1.46/litre,,Fresh & Chilled
022016,Rodda's Classic Cornish Clotted Cream,G,true,502,https://ecom-su-static-prod.wtrecom.com/images/products/3/LN_022016_BP_3.jpg,https://www.waitrose.com/ecom/products/roddas-classic-cornish-clotted-cream/022016-10736-10737,Rodda's Classic Cornish Clotted Cream,227g,£2.17,95.6p/100g,25% Off. Was £2.90,Fresh & Chilled
048779,Waitrose Taramasalata,G,true,503,https://ecom-su-static-prod.wtrecom.com/images/products/3/LN_048779_BP_3.jpg,https://www.waitrose.com/ecom/products/waitrose-taramasalata/048779-24270-24271,Waitrose Taramasalata,170g,£1.75,£1.03/100g,Add 2 for £2.50,Fresh & Chilled
655621,Waitrose Davidstow Cornish Vintage Mature Cheddar Cheese Strength 7,G,false,504,https://ecom-su-static-prod.wtrecom.com/images/products/3/LN_655621_BP_3.jpg,https://www.waitrose.com/ecom/products/waitrose-davidstow-cornish-vintage-mature-cheddar-cheese-strength-7/655621-451738-451739,Waitrose Davidstow Cornish Vintage Mature Cheddar Cheese Strength 7,350g,£4.25,£12.15/kg,,Fresh & Chilled
066444,Yeo Valley Organic Natural Greek Style Yogurt Large,G,false,505,https://ecom-su-static-prod.wtrecom.com/images/products/3/LN_066444_BP_3.jpg,https://www.waitrose.com/ecom/products/yeo-valley-organic-natural-greek-style-yogurt-large/066444-33646-33647,Yeo Valley Organic Natural Greek Style Yogurt Large,950g,£4.00,42.1p/100g,,Fresh & Chilled
799654,Activia Rhubarb Gut Health Yogurts,G,true,506,https://ecom-su-static-prod.wtrecom.com/images/products/3/LN_799654_BP_3.jpg,https://www.waitrose.com/ecom/products/activia-rhubarb-gut-health-yogurts/799654-690834-690835,Activia Rhubarb Gut Health Yogurts,4x115g,£1.75,38p/100g,save 90p. Was £2.65,Fresh & Chilled
010312,Yeo Valley Organic Greek Style Yogurts with Honey,G,true,507,https://ecom-su-static-prod.wtrecom.com/images/products/3/LN_010312_BP_3.jpg,https://www.waitrose.com/ecom/products/yeo-valley-organic-greek-style-yogurts-with-honey/010312-5142-5143,Yeo Valley Organic Greek Style Yogurts with Honey,4x100g,£2.65,66.3p/100g,Add 2 for £3.50,Fresh & Chilled
470267,Waitrose Chocolate Mousse,G,false,508,https://ecom-su-static-prod.wtrecom.com/images/products/3/LN_470267_BP_3.jpg,https://www.waitrose.com/ecom/products/waitrose-chocolate-mousse/470267-66305-66306,Waitrose Chocolate Mousse,100g,£1.15,£1.15/100g,,Fresh & Chilled
680613,Waitrose Easy Peelers Box,G,false,509,https://ecom-su-static-prod.wtrecom.com/images/products/3/LN_680613_BP_3.jpg,https://www.waitrose.com/ecom/products/waitrose-easy-peelers-box/680613-154673-154674,Waitrose Easy Peelers Box,1kg,£3.70,£3.70/kg,,Fresh & Chilled
042277,Essential Beansprouts,G,true,510,https://ecom-su-static-prod.wtrecom.com/images/products/3/LN_042277_BP_3.jpg,https://www.waitrose.com/ecom/products/essential-beansprouts/042277-20928-20929,Essential Beansprouts,250g,80p,32p/100g,"£7 Stir Fry Meal Deal: Add protein, veg, sauce & rice or noodles",Fresh & Chilled
030391,Waitrose Mediterranean Style Vegetables,G,false,511,https://ecom-su-static-prod.wtrecom.com/images/products/3/LN_030391_BP_3.jpg,https://www.waitrose.com/ecom/products/waitrose-mediterranean-style-vegetables/030391-14851-14852,Waitrose Mediterranean Style Vegetables,400g,£2.35,£5.88/kg,,Fresh & Chilled
088459,Essential Mini Easy Peelers,G,true,512,https://ecom-su-static-prod.wtrecom.com/images/products/3/LN_088459_BP_3.jpg,https://www.waitrose.com/ecom/products/essential-mini-easy-peelers/088459-45399-45400,Essential Mini Easy Peelers,600g,£1.50,£2.50/kg,Add 2 for £2.50,Fresh & Chilled
401104,Waitrose Yogurt Dressed Coleslaw,G,true,513,https://ecom-su-static-prod.wtrecom.com/images/products/3/LN_401104_BP_3.jpg,https://www.waitrose.com/ecom/products/waitrose-yogurt-dressed-coleslaw/401104-349719-349720,Waitrose Yogurt Dressed Coleslaw,300g,£2.25,75p/100g,£8 Chicken Dinner Meal Deal: Add 1 Main & 2 Extras,Fresh & Chilled
428265,Essential 10 Smoked British Bacon Rashers,G,false,514,https://ecom-su-static-prod.wtrecom.com/images/products/3/LN_428265_BP_3.jpg,https://www.waitrose.com/ecom/products/essential-10-smoked-british-bacon-rashers/428265-142206-142207,Essential 10 Smoked British Bacon Rashers,300g,£2.95,£9.84/kg,,Fresh & Chilled
546080,"Essential Chicken Legs, Skin-on & Bone-in",G,false,515,https://ecom-su-static-prod.wtrecom.com/images/products/3/LN_546080_BP_3.jpg,https://www.waitrose.com/ecom/products/essential-chicken-legs-skin-on-bone-in/546080-369382-369383,"Essential Chicken Legs, Skin-on & Bone-in",Typical weight 0.53kg,£1.59 each est.,£3.00/kg,,Fresh & Chilled
662398,"Innocent Kids Strawberries, Raspberries & Apples Fruit Smoothies",G,false,516,https://ecom-su-static-prod.wtrecom.com/images/products/3/LN_662398_BP_3.jpg,https://www.waitrose.com/ecom/products/innocent-kids-strawberries-raspberries-apples-fruit-smoothies/662398-722233-722234,"Innocent Kids Strawberries, Raspberries & Apples Fruit Smoothies",4x150ml,£3.80,63.3p/100ml,,Fresh & Chilled
041706,Babybel Original Mini Lunchbox Snack Cheese,G,false,517,https://ecom-su-static-prod.wtrecom.com/images/products/3/LN_041706_BP_3.jpg,https://www.waitrose.com/ecom/products/babybel-original-mini-lunchbox-snack-cheese/041706-20670-20671,Babybel Original Mini Lunchbox Snack Cheese,6x20g,£2.55,£21.25/kg,,Fresh & Chilled
680848,Waitrose 2 British Native Breed Rump Steak Beef Burgers,G,true,518,https://ecom-su-static-prod.wtrecom.com/images/products/3/LN_680848_BP_3.jpg,https://www.waitrose.com/ecom/products/waitrose-2-british-native-breed-rump-steak-beef-burgers/680848-691766-691767,Waitrose 2 British Native Breed Rump Steak Beef Burgers,300g,£4.40,£14.67/kg,Add 3 for £12,Fresh & Chilled
098219,Galbani Maxi Italian Mozzarella Cheese,G,false,519,https://ecom-su-static-prod.wtrecom.com/images/products/3/LN_098219_BP_3.jpg,https://www.waitrose.com/ecom/products/galbani-maxi-italian-mozzarella-cheese/098219-50079-50080,Galbani Maxi Italian Mozzarella Cheese,drained 250g,£3.10,£12.40/kg,,Fresh & Chilled
812801,Essential Sliced Cheese for Burgers Strength 2,G,false,520,https://ecom-su-static-prod.wtrecom.com/images/products/3/LN_812801_BP_3.jpg,https://www.waitrose.com/ecom/products/essential-sliced-cheese-for-burgers-strength-2/812801-268240-268241,Essential Sliced Cheese for Burgers Strength 2,200g,£1.50,£7.50/kg,,Fresh & Chilled
085205,Waitrose Red Cabbage,G,false,521,https://ecom-su-static-prod.wtrecom.com/images/products/3/LN_085205_BP_3.jpg,https://www.waitrose.com/ecom/products/waitrose-red-cabbage/085205-43272-43273,Waitrose Red Cabbage,Typical weight 0.54kg,62p each est.,£1.15/kg,,Fresh & Chilled
052941,Waitrose Green Pesto with Basil,G,false,522,https://ecom-su-static-prod.wtrecom.com/images/products/3/LN_052941_BP_3.jpg,https://www.waitrose.com/ecom/products/waitrose-green-pesto-with-basil/052941-26416-26417,Waitrose Green Pesto with Basil,145g,£2.75,£1.90/100g,,Fresh & Chilled
764597,"Steve's Leaves Baby Watercress, Little Leaves",G,true,523,https://ecom-su-static-prod.wtrecom.com/images/products/3/LN_764597_BP_3.jpg,https://www.waitrose.com/ecom/products/steves-leaves-baby-watercress-little-leaves/764597-177358-177359,"Steve's Leaves Baby Watercress, Little Leaves",60g,£1.28,£2.14/100g,20% Off. Was £1.60,Fresh & Chilled
055546,Waitrose Golden Blush Nectarines,G,false,524,https://ecom-su-static-prod.wtrecom.com/images/products/3/LN_055546_BP_3.jpg,https://www.waitrose.com/ecom/products/waitrose-golden-blush-nectarines/055546-27885-27886,Waitrose Golden Blush Nectarines,4s,£3.99,99.8p each,,Fresh & Chilled
884015,Yeo Valley Organic Greek Style Yogurt,G,false,525,https://ecom-su-static-prod.wtrecom.com/images/products/3/LN_884015_BP_3.jpg,https://www.waitrose.com/ecom/products/yeo-valley-organic-greek-style-yogurt/884015-460117-460118,Yeo Valley Organic Greek Style Yogurt,4x110g,£2.65,60.2p/100g,,Fresh & Chilled
553470,Essential Medium Cheddar Cheese Strength 3,G,false,526,https://ecom-su-static-prod.wtrecom.com/images/products/3/LN_553470_BP_3.jpg,https://www.waitrose.com/ecom/products/essential-medium-cheddar-cheese-strength-3/553470-451638-451639,Essential Medium Cheddar Cheese Strength 3,350g,£2.60,£7.43/kg,,Fresh & Chilled
012397,Waitrose Pitted Medjool Dates,G,false,527,https://ecom-su-static-prod.wtrecom.com/images/products/3/LN_012397_BP_3.jpg,https://www.waitrose.com/ecom/products/waitrose-pitted-medjool-dates/012397-6094-6095,Waitrose Pitted Medjool Dates,165g,£2.85,£17.28/kg,,Fresh & Chilled
678069,Essential Extra Mature Grated Cheddar Cheese Strength 6,G,false,528,https://ecom-su-static-prod.wtrecom.com/images/products/3/LN_678069_BP_3.jpg,https://www.waitrose.com/ecom/products/essential-extra-mature-grated-cheddar-cheese-strength-6/678069-96313-96314,Essential Extra Mature Grated Cheddar Cheese Strength 6,250g,£2.80,£11.20/kg,,Fresh & Chilled
086472,Waitrose Celery Hearts,G,false,529,https://ecom-su-static-prod.wtrecom.com/images/products/3/LN_086472_BP_3.jpg,https://www.waitrose.com/ecom/products/waitrose-celery-hearts/086472-44164-44165,Waitrose Celery Hearts,Each,£1.80,£1.80 each,,Fresh & Chilled
873276,No.1 2 Sicilian Lemon Tarts,G,true,530,https://ecom-su-static-prod.wtrecom.com/images/products/3/LN_873276_BP_3.jpg,https://www.waitrose.com/ecom/products/no1-2-sicilian-lemon-tarts/873276-719971-719972,No.1 2 Sicilian Lemon Tarts,2x75g,£4.50,£3/100g,£12 Our Very Best Dine In: Add Main + Side + Starter or Dessert,Fresh & Chilled
883778,Waitrose Fresh Beetroot Pouch,G,false,531,https://ecom-su-static-prod.wtrecom.com/images/products/3/LN_883778_BP_3.jpg,https://www.waitrose.com/ecom/products/waitrose-fresh-beetroot-pouch/883778-693581-693582,Waitrose Fresh Beetroot Pouch,330g,£1.65,£5/kg,,Fresh & Chilled
011120,Cathedral City Extra Mature Cheddar Cheese,G,false,532,https://ecom-su-static-prod.wtrecom.com/images/products/3/LN_011120_BP_3.jpg,https://www.waitrose.com/ecom/products/cathedral-city-extra-mature-cheddar-cheese/011120-5524-5525,Cathedral City Extra Mature Cheddar Cheese,350g,£4.25,£12.15/kg,,Fresh & Chilled
792362,Waitrose British Finely Sliced Honey Roast Ham,G,true,533,https://ecom-su-static-prod.wtrecom.com/images/products/3/LN_792362_BP_3.jpg,https://www.waitrose.com/ecom/products/waitrose-british-finely-sliced-honey-roast-ham/792362-311344-311345,Waitrose British Finely Sliced Honey Roast Ham,125g,£3.25,£26/kg,Add 2 for £5.50,Fresh & Chilled
890694,"Easy to Cook Ginger, Coriander & Lime Chicken Breasts",G,true,534,https://ecom-su-static-prod.wtrecom.com/images/products/3/LN_890694_BP_3.jpg,https://www.waitrose.com/ecom/products/easy-to-cook-ginger-coriander-lime-chicken-breasts/890694-288267-288268,"Easy to Cook Ginger, Coriander & Lime Chicken Breasts",285g,£5.00,£17.55/kg,Add 3 for £12,Fresh & Chilled
033687,Essential Slicing Tomatoes,G,false,535,https://ecom-su-static-prod.wtrecom.com/images/products/3/LN_033687_BP_3.jpg,https://www.waitrose.com/ecom/products/essential-slicing-tomatoes/033687-16887-16888,Essential Slicing Tomatoes,2s,£1.80,90p each,,Fresh & Chilled
792615,No.1 Prawn Cocktail,G,true,536,https://ecom-su-static-prod.wtrecom.com/images/products/3/LN_792615_BP_3.jpg,https://www.waitrose.com/ecom/products/no1-prawn-cocktail/792615-802278-802279,No.1 Prawn Cocktail,180g,£4.25,£23.62/kg,£12 Our Very Best Dine In: Add Main + Side + Starter or Dessert,Fresh & Chilled
759450,The Butterworks West Country Cornish Sea Salted Butter,G,false,537,https://ecom-su-static-prod.wtrecom.com/images/products/3/LN_759450_BP_3.jpg,https://www.waitrose.com/ecom/products/the-butterworks-west-country-cornish-sea-salted-butter/759450-690824-690825,The Butterworks West Country Cornish Sea Salted Butter,250g,£2.50,£10/kg,,Fresh & Chilled
848098,Yorkshire Provender Roast Chicken Soup,G,true,538,https://ecom-su-static-prod.wtrecom.com/images/products/3/LN_848098_BP_3.jpg,https://www.waitrose.com/ecom/products/yorkshire-provender-roast-chicken-soup/848098-382400-382401,Yorkshire Provender Roast Chicken Soup,560g,£2.65,47.3p/100g,save 55p. Was £3.20,Fresh & Chilled
491280,Waitrose 4 British Pork Loin Steaks,G,false,539,https://ecom-su-static-prod.wtrecom.com/images/products/3/LN_491280_BP_3.jpg,https://www.waitrose.com/ecom/products/waitrose-4-british-pork-loin-steaks/491280-753685-753686,Waitrose 4 British Pork Loin Steaks,480g,£5.40,£11.25/kg,,Fresh & Chilled
487443,Waitrose Passion Fruit,G,false,540,https://ecom-su-static-prod.wtrecom.com/images/products/3/LN_487443_BP_3.jpg,https://www.waitrose.com/ecom/products/waitrose-passion-fruit/487443-507834-507835,Waitrose Passion Fruit,3s,£1.50,50p each,,Fresh & Chilled
740318,Duchy Organic Leeks,G,false,541,https://ecom-su-static-prod.wtrecom.com/images/products/3/LN_740318_BP_3.jpg,https://www.waitrose.com/ecom/products/duchy-organic-leeks/740318-443842-443843,Duchy Organic Leeks,350g,£1.80,£5.15/kg,,Fresh & Chilled
060840,Essential Mushrooms,G,false,542,https://ecom-su-static-prod.wtrecom.com/images/products/3/LN_060840_BP_3.jpg,https://www.waitrose.com/ecom/products/essential-mushrooms/060840-30754-30755,Essential Mushrooms,500g,£1.65,£3.30/kg,,Fresh & Chilled
531387,Waitrose Gnocchi,G,false,543,https://ecom-su-static-prod.wtrecom.com/images/products/3/LN_531387_BP_3.jpg,https://www.waitrose.com/ecom/products/waitrose-gnocchi/531387-793228-793229,Waitrose Gnocchi,500g,£2.30,46p/100g,,Fresh & Chilled
757582,Waitrose Mango Chunks,G,false,544,https://ecom-su-static-prod.wtrecom.com/images/products/3/LN_757582_BP_3.jpg,https://www.waitrose.com/ecom/products/waitrose-mango-chunks/757582-698126-698127,Waitrose Mango Chunks,450g,£4.50,£10/kg,,Fresh & Chilled
561906,Waitrose Clementine Fruit Juice,G,false,545,https://ecom-su-static-prod.wtrecom.com/images/products/3/LN_561906_BP_3.jpg,https://www.waitrose.com/ecom/products/waitrose-clementine-fruit-juice/561906-373245-373246,Waitrose Clementine Fruit Juice,1litre,£2.10,21p/100ml,,Fresh & Chilled
088125,Waitrose Seedless Grape Selection,G,false,546,https://ecom-su-static-prod.wtrecom.com/images/products/3/LN_088125_BP_3.jpg,https://www.waitrose.com/ecom/products/waitrose-seedless-grape-selection/088125-45107-45108,Waitrose Seedless Grape Selection,800g,£4.00,£5/kg,,Fresh & Chilled
035308,Essential Long Life Whole Milk,G,false,547,https://ecom-su-static-prod.wtrecom.com/images/products/3/LN_035308_BP_3.jpg,https://www.waitrose.com/ecom/products/essential-long-life-whole-milk/035308-17783-17784,Essential Long Life Whole Milk,1litre,£1.00,£1/litre,,Fresh & Chilled
073134,Waitrose Classics Cottage Pie for 1,G,true,548,https://ecom-su-static-prod.wtrecom.com/images/products/3/LN_073134_BP_3.jpg,https://www.waitrose.com/ecom/products/waitrose-classics-cottage-pie-for-1/073134-37116-37117,Waitrose Classics Cottage Pie for 1,400g,£3.50,£8.75/kg,Add 2 for £6.50,Fresh & Chilled
053445,Essential British Free Range Skimmed Milk 1 Pint,G,false,549,https://ecom-su-static-prod.wtrecom.com/images/products/3/LN_053445_BP_3.jpg,https://www.waitrose.com/ecom/products/essential-british-free-range-skimmed-milk-1-pint/053445-26743-26744,Essential British Free Range Skimmed Milk 1 Pint,568ml,95p,£1.68/litre,,Fresh & Chilled
771714,Levantine Table Sweet Potato Falafels,G,false,550,https://ecom-su-static-prod.wtrecom.com/images/products/3/LN_771714_BP_3.jpg,https://www.waitrose.com/ecom/products/levantine-table-sweet-potato-falafels/771714-755673-755674,Levantine Table Sweet Potato Falafels,192g,£3.75,£1.96/100g,,Fresh & Chilled
784091,Duchy Organic Cooked King Prawns,G,false,551,https://ecom-su-static-prod.wtrecom.com/images/products/3/LN_784091_BP_3.jpg,https://www.waitrose.com/ecom/products/duchy-organic-cooked-king-prawns/784091-538917-538918,Duchy Organic Cooked King Prawns,150g,£5.35,£3.57/100g,,Fresh & Chilled
001754,Waitrose Prawn Cocktail,G,true,552,https://ecom-su-static-prod.wtrecom.com/images/products/3/LN_001754_BP_3.jpg,https://www.waitrose.com/ecom/products/waitrose-prawn-cocktail/001754-390-391,Waitrose Prawn Cocktail,170g,£3.75,£22.06/kg,Add 2 for £5.50,Fresh & Chilled
068408,Little Yeos Fruity Favourites Organic Kids Yogurts,G,false,553,https://ecom-su-static-prod.wtrecom.com/images/products/3/LN_068408_BP_3.jpg,https://www.waitrose.com/ecom/products/little-yeos-fruity-favourites-organic-kids-yogurts/068408-34727-34728,Little Yeos Fruity Favourites Organic Kids Yogurts,4x85g,£2.25,66.2p/100g,,Fresh & Chilled
387706,Waitrose Chicken Thighs With Pork Stuffing,G,true,554,https://ecom-su-static-prod.wtrecom.com/images/products/3/LN_387706_BP_3.jpg,https://www.waitrose.com/ecom/products/waitrose-chicken-thighs-with-pork-stuffing/387706-139960-139961,Waitrose Chicken Thighs With Pork Stuffing,501g,£4.75,£9.49/kg,Add 3 for £12,Fresh & Chilled
837532,Cooks' Ingredients Smoked Pancetta,G,true,555,https://ecom-su-static-prod.wtrecom.com/images/products/3/LN_837532_BP_3.jpg,https://www.waitrose.com/ecom/products/cooks-ingredients-smoked-pancetta/837532-280805-280806,Cooks' Ingredients Smoked Pancetta,2x77g,£2.40,£1.56/100g,20% Off. Was £3.00,Fresh & Chilled
528115,No.1 Free Range Wiltshire Cured Ham,G,false,556,https://ecom-su-static-prod.wtrecom.com/images/products/3/LN_528115_BP_3.jpg,https://www.waitrose.com/ecom/products/no1-free-range-wiltshire-cured-ham/528115-704971-704972,No.1 Free Range Wiltshire Cured Ham,100g,£4.00,£4/100g,,Fresh & Chilled
855493,No.1 Icelandic Cod Loin MSC,G,false,557,https://ecom-su-static-prod.wtrecom.com/images/products/3/LN_855493_BP_3.jpg,https://www.waitrose.com/ecom/products/no1-icelandic-cod-loin-msc/855493-502991-502992,No.1 Icelandic Cod Loin MSC,260g,£6.75,£25.97/kg,,Fresh & Chilled
075149,Duchy Organic Roast Turkey Breast,G,false,558,https://ecom-su-static-prod.wtrecom.com/images/products/3/LN_075149_BP_3.jpg,https://www.waitrose.com/ecom/products/duchy-organic-roast-turkey-breast/075149-38130-38131,Duchy Organic Roast Turkey Breast,80g,£4.00,£5/100g,,Fresh & Chilled
793096,Plenish Almond Long Life Organic Unsweetened Milk Alternative,G,false,559,https://ecom-su-static-prod.wtrecom.com/images/products/3/LN_793096_BP_3.jpg,https://www.waitrose.com/ecom/products/plenish-almond-long-life-organic-unsweetened-milk-alternative/793096-513076-513077,Plenish Almond Long Life Organic Unsweetened Milk Alternative,1litre,£2.35,£2.35/litre,,Fresh & Chilled
441375,The Collective Peach & Apricot Suckies Kids Yogurts,G,false,560,https://ecom-su-static-prod.wtrecom.com/images/products/3/LN_441375_BP_3.jpg,https://www.waitrose.com/ecom/products/the-collective-peach-apricot-suckies-kids-yogurts/441375-344006-344007,The Collective Peach & Apricot Suckies Kids Yogurts,90g,£1.00,£1.12/100g,,Fresh & Chilled
765662,Waitrose Buttermilk Chicken Breast Mini Fillets,G,true,561,https://ecom-su-static-prod.wtrecom.com/images/products/3/LN_765662_BP_3.jpg,https://www.waitrose.com/ecom/products/waitrose-buttermilk-chicken-breast-mini-fillets/765662-804942-804943,Waitrose Buttermilk Chicken Breast Mini Fillets,305g,£4.50,£14.76/kg,Add 3 for £12,Fresh & Chilled
607603,Essential Beetroot Salad,G,false,562,https://ecom-su-static-prod.wtrecom.com/images/products/3/LN_607603_BP_3.jpg,https://www.waitrose.com/ecom/products/essential-beetroot-salad/607603-801390-801391,Essential Beetroot Salad,300g,£1.85,61.7p/100g,,Fresh & Chilled
879058,"No.1 Wood-fired King Prawn, Garlic & Chilli Sourdough Pizza",G,false,563,https://ecom-su-static-prod.wtrecom.com/images/products/3/LN_879058_BP_3.jpg,https://www.waitrose.com/ecom/products/no1-wood-fired-king-prawn-garlic-chilli-sourdough-pizza/879058-703660-703661,"No.1 Wood-fired King Prawn, Garlic & Chilli Sourdough Pizza",464g,£5.95,£12.83/kg,,Fresh & Chilled
053136,Activia Fusion Prune Gut Health Yogurts,G,false,564,https://ecom-su-static-prod.wtrecom.com/images/products/3/LN_053136_BP_3.jpg,https://www.waitrose.com/ecom/products/activia-fusion-prune-gut-health-yogurts/053136-26525-26526,Activia Fusion Prune Gut Health Yogurts,4x120g,£3.00,62.5p/100g,,Fresh & Chilled
520941,Duchy Organic Courgettes,G,false,565,https://ecom-su-static-prod.wtrecom.com/images/products/3/LN_520941_BP_3.jpg,https://www.waitrose.com/ecom/products/duchy-organic-courgettes/520941-137985-137986,Duchy Organic Courgettes,300g,£2.50,£8.34/kg,,Fresh & Chilled
068324,Duchy Organic Romano Peppers,G,false,566,https://ecom-su-static-prod.wtrecom.com/images/products/3/LN_068324_BP_3.jpg,https://www.waitrose.com/ecom/products/duchy-organic-romano-peppers/068324-34683-34684,Duchy Organic Romano Peppers,180g,£2.30,£12.78/kg,,Fresh & Chilled
072376,Waitrose Perfectly Ripe Golden Kiwi,G,false,567,https://ecom-su-static-prod.wtrecom.com/images/products/3/LN_072376_BP_3.jpg,https://www.waitrose.com/ecom/products/waitrose-perfectly-ripe-golden-kiwi/072376-36733-36734,Waitrose Perfectly Ripe Golden Kiwi,4s,£3.50,87.5p each,,Fresh & Chilled
704985,Waitrose Vine Ripened Tomato Salsa,G,true,568,https://ecom-su-static-prod.wtrecom.com/images/products/3/LN_704985_BP_3.jpg,https://www.waitrose.com/ecom/products/waitrose-vine-ripened-tomato-salsa/704985-100105-100106,Waitrose Vine Ripened Tomato Salsa,200g,£1.75,87.5p/100g,Add 2 for £2.50,Fresh & Chilled
085558,Duchy Organic Peppers,G,false,569,https://ecom-su-static-prod.wtrecom.com/images/products/3/LN_085558_BP_3.jpg,https://www.waitrose.com/ecom/products/duchy-organic-peppers/085558-43652-43653,Duchy Organic Peppers,2s,£2.25,£1.13 each,,Fresh & Chilled
086594,John Hurd's Organic Watercress,G,false,570,https://ecom-su-static-prod.wtrecom.com/images/products/3/LN_086594_BP_3.jpg,https://www.waitrose.com/ecom/products/john-hurds-organic-watercress/086594-44249-44250,John Hurd's Organic Watercress,80g,£2.25,£28.13/kg,,Fresh & Chilled
069959,Waitrose Orange Juice with Bits Large,G,false,571,https://ecom-su-static-prod.wtrecom.com/images/products/3/LN_069959_BP_3.jpg,https://www.waitrose.com/ecom/products/waitrose-orange-juice-with-bits-large/069959-35448-35449,Waitrose Orange Juice with Bits Large,1.75litre,£3.10,17.7p/100ml,,Fresh & Chilled
868287,Charlie Bigham's Cottage Pie for 1,G,true,572,https://ecom-su-static-prod.wtrecom.com/images/products/3/LN_868287_BP_3.jpg,https://www.waitrose.com/ecom/products/charlie-bighams-cottage-pie-for-1/868287-526190-526191,Charlie Bigham's Cottage Pie for 1,325g,£6.00,£18.47/kg,Add 2 for £11,Fresh & Chilled
053238,Muller Fruit Corner Vanilla with Chocolate Balls Yogurt Single,G,true,573,https://ecom-su-static-prod.wtrecom.com/images/products/3/LN_053238_BP_3.jpg,https://www.waitrose.com/ecom/products/muller-fruit-corner-vanilla-with-chocolate-balls-yogurt-single/053238-26611-26612,Muller Fruit Corner Vanilla with Chocolate Balls Yogurt Single,124g,95p,76.6p/100g,Add 4 for £2,Fresh & Chilled
802376,Waitrose Classics Fish Pie for 1,G,true,574,https://ecom-su-static-prod.wtrecom.com/images/products/3/LN_802376_BP_3.jpg,https://www.waitrose.com/ecom/products/waitrose-classics-fish-pie-for-1/802376-759439-759440,Waitrose Classics Fish Pie for 1,400g,£3.50,£8.75/kg,Add 2 for £6.50,Fresh & Chilled
511580,Principe Prosciutto Cotto Italian Cooked Ham,G,true,575,https://ecom-su-static-prod.wtrecom.com/images/products/3/LN_511580_BP_3.jpg,https://www.waitrose.com/ecom/products/principe-prosciutto-cotto-italian-cooked-ham/511580-347740-347741,Principe Prosciutto Cotto Italian Cooked Ham,110g,£3.30,£3/100g,Add 2 for £6,Fresh & Chilled
053832,Waitrose Almonds,G,false,576,https://ecom-su-static-prod.wtrecom.com/images/products/3/LN_053832_BP_3.jpg,https://www.waitrose.com/ecom/products/waitrose-almonds/053832-26982-26983,Waitrose Almonds,150g,£2.25,£1.50/100g,,Fresh & Chilled
650101,Cooks' Ingredients Frozen Diced Onions,G,false,577,https://ecom-su-static-prod.wtrecom.com/images/products/3/LN_650101_BP_3.jpg,https://www.waitrose.com/ecom/products/cooks-ingredients-frozen-diced-onions/650101-154639-154640,Cooks' Ingredients Frozen Diced Onions,500g,£1.50,£3/kg,,Fresh & Chilled
013489,Anchor Spreadable Slightly Salted Spreadable Butter with Rapeseed Oil,G,true,578,https://ecom-su-static-prod.wtrecom.com/images/products/3/LN_013489_BP_3.jpg,https://www.waitrose.com/ecom/products/anchor-spreadable-slightly-salted-spreadable-butter-with-rapeseed-oil/013489-6565-6566,Anchor Spreadable Slightly Salted Spreadable Butter with Rapeseed Oil,400g,£2.75,£6.88/kg,save 75p. Was £3.50,Fresh & Chilled
088404,Waitrose Duchy Organic Oranges,G,false,579,https://ecom-su-static-prod.wtrecom.com/images/products/3/LN_088404_BP_3.jpg,https://www.waitrose.com/ecom/products/waitrose-duchy-organic-oranges/088404-428557-45350,Waitrose Duchy Organic Oranges,4s,£2.00,50p each,,Fresh & Chilled
091728,Yeo Valley Organic Spreadable Butter with Rapeseed Oil,G,false,580,https://ecom-su-static-prod.wtrecom.com/images/products/3/LN_091728_BP_3.jpg,https://www.waitrose.com/ecom/products/yeo-valley-organic-spreadable-butter-with-rapeseed-oil/091728-47232-47233,Yeo Valley Organic Spreadable Butter with Rapeseed Oil,400g,£3.25,81.3p/100g,,Fresh & Chilled
088250,Waitrose Extra Large Perfectly Ripe Avocado,G,false,581,https://ecom-su-static-prod.wtrecom.com/images/products/3/LN_088250_BP_3.jpg,https://www.waitrose.com/ecom/products/waitrose-extra-large-perfectly-ripe-avocado/088250-45224-45225,Waitrose Extra Large Perfectly Ripe Avocado,Each,£1.80,£1.80 each,,Fresh & Chilled
011269,Cooks' Ingredients Unwaxed Limes,G,true,582,https://ecom-su-static-prod.wtrecom.com/images/products/3/LN_011269_BP_3.jpg,https://www.waitrose.com/ecom/products/cooks-ingredients-unwaxed-limes/011269-5598-5599,Cooks' Ingredients Unwaxed Limes,4s,£1.44,36p each,20% Off. Was £1.80,Fresh & Chilled
801778,Waitrose Extra Large Potatoes,G,false,583,https://ecom-su-static-prod.wtrecom.com/images/products/3/LN_801778_BP_3.jpg,https://www.waitrose.com/ecom/products/waitrose-extra-large-potatoes/801778-691224-691225,Waitrose Extra Large Potatoes,4s,£1.80,45p each,,Fresh & Chilled
851786,Unearthed French Torchon Ham,G,true,584,https://ecom-su-static-prod.wtrecom.com/images/products/3/LN_851786_BP_3.jpg,https://www.waitrose.com/ecom/products/unearthed-french-torchon-ham/851786-303805-303806,Unearthed French Torchon Ham,160g,£3.15,£1.97/100g,25% Off. Was £4.20,Fresh & Chilled
890148,Easy To Cook Lemon & Pepper Chicken Breasts,G,true,585,https://ecom-su-static-prod.wtrecom.com/images/products/3/LN_890148_BP_3.jpg,https://www.waitrose.com/ecom/products/easy-to-cook-lemon-pepper-chicken-breasts/890148-210780-210781,Easy To Cook Lemon & Pepper Chicken Breasts,267g,£5.00,£18.73/kg,Add 3 for £12,Fresh & Chilled
752465,Benecol Original No Added Sugar Yogurt Drinks,G,true,586,https://ecom-su-static-prod.wtrecom.com/images/products/3/LN_752465_BP_3.jpg,https://www.waitrose.com/ecom/products/benecol-original-no-added-sugar-yogurt-drinks/752465-609640-609641,Benecol Original No Added Sugar Yogurt Drinks,6x67.5g,£4.50,£1.12/100g,Add 2 for £7.50,Fresh & Chilled
567778,Essential Breaded Chicken Pops,G,false,587,https://ecom-su-static-prod.wtrecom.com/images/products/3/LN_567778_BP_3.jpg,https://www.waitrose.com/ecom/products/essential-breaded-chicken-pops/567778-721260-721261,Essential Breaded Chicken Pops,250g,£2.75,£11/kg,,Fresh & Chilled
724789,Arla Lactofree Lactose Free Whole Milk Alternative,G,false,588,https://ecom-su-static-prod.wtrecom.com/images/products/3/LN_724789_BP_3.jpg,https://www.waitrose.com/ecom/products/arla-lactofree-lactose-free-whole-milk-alternative/724789-102966-102967,Arla Lactofree Lactose Free Whole Milk Alternative,1litre,£1.95,£1.95/litre,,Fresh & Chilled
053227,Fage Total 5% Fat Natural Greek Yogurt,G,true,589,https://ecom-su-static-prod.wtrecom.com/images/products/3/LN_053227_BP_3.jpg,https://www.waitrose.com/ecom/products/fage-total-5-fat-natural-greek-yogurt/053227-26599-26600,Fage Total 5% Fat Natural Greek Yogurt,450g,£3.00,66.7p/100g,save 70p. Was £3.70,Fresh & Chilled
025649,Waitrose Mixed Bean Salad,G,false,590,https://ecom-su-static-prod.wtrecom.com/images/products/3/LN_025649_BP_3.jpg,https://www.waitrose.com/ecom/products/waitrose-mixed-bean-salad/025649-12512-12513,Waitrose Mixed Bean Salad,240g,£2.50,£1.05/100g,,Fresh & Chilled
001249,"Waitrose Stonebaked Mushroom, Bacon & Mascarpone Pizza",G,false,591,https://ecom-su-static-prod.wtrecom.com/images/products/3/LN_001249_BP_3.jpg,https://www.waitrose.com/ecom/products/waitrose-stonebaked-mushroom-bacon-mascarpone-pizza/001249-176-177,"Waitrose Stonebaked Mushroom, Bacon & Mascarpone Pizza",440g,£4.95,£11.25/kg,,Fresh & Chilled
496432,Essential Italian Mozzarella Cheese Strength 1 Large,G,false,592,https://ecom-su-static-prod.wtrecom.com/images/products/3/LN_496432_BP_3.jpg,https://www.waitrose.com/ecom/products/essential-italian-mozzarella-cheese-strength-1-large/496432-229035-229036,Essential Italian Mozzarella Cheese Strength 1 Large,drained 250g,£2.20,£8.80/kg,,Fresh & Chilled
476326,Chavroux Soft Ripened Goats Cheese Log,G,true,593,https://ecom-su-static-prod.wtrecom.com/images/products/3/LN_476326_BP_3.jpg,https://www.waitrose.com/ecom/products/chavroux-soft-ripened-goats-cheese-log/476326-67214-67215,Chavroux Soft Ripened Goats Cheese Log,150g,£2.10,£14/kg,25% Off. Was £2.80,Fresh & Chilled
025030,Waitrose Chilli Beetroot,G,true,594,https://ecom-su-static-prod.wtrecom.com/images/products/3/LN_025030_BP_3.jpg,https://www.waitrose.com/ecom/products/waitrose-chilli-beetroot/025030-12120-12121,Waitrose Chilli Beetroot,180g,£1.32,73.3p/100g,20% Off. Was £1.65,Fresh & Chilled
063823,Waitrose Marinated Chargrilled Italian Artichokes,G,true,595,https://ecom-su-static-prod.wtrecom.com/images/products/3/LN_063823_BP_3.jpg,https://www.waitrose.com/ecom/products/waitrose-marinated-chargrilled-italian-artichokes/063823-32405-32406,Waitrose Marinated Chargrilled Italian Artichokes,160g,£4.00,£2.50/100g,Add 2 for £5.50,Fresh & Chilled
824605,Waitrose Fine Green Beans,G,false,596,https://ecom-su-static-prod.wtrecom.com/images/products/3/LN_824605_BP_3.jpg,https://www.waitrose.com/ecom/products/waitrose-fine-green-beans/824605-231191-231192,Waitrose Fine Green Beans,450g,£2.60,£5.78/kg,,Fresh & Chilled
786602,Activia Strawberry Gut Health Yogurts,G,true,597,https://ecom-su-static-prod.wtrecom.com/images/products/3/LN_786602_BP_3.jpg,https://www.waitrose.com/ecom/products/activia-strawberry-gut-health-yogurts/786602-690832-690833,Activia Strawberry Gut Health Yogurts,4x115g,£1.75,38p/100g,save 90p. Was £2.65,Fresh & Chilled
086673,Essential Single Cream Small,G,false,598,https://ecom-su-static-prod.wtrecom.com/images/products/3/LN_086673_BP_3.jpg,https://www.waitrose.com/ecom/products/essential-single-cream-small/086673-44301-44302,Essential Single Cream Small,150ml,80p,53.3p/100ml,,Fresh & Chilled
771220,Rachels Dairy Luscious Fruits Peach & Mango Organic Yogurts,G,true,599,https://ecom-su-static-prod.wtrecom.com/images/products/3/LN_771220_BP_3.jpg,https://www.waitrose.com/ecom/products/rachels-dairy-luscious-fruits-peach-mango-organic-yogurts/771220-405782-405783,Rachels Dairy Luscious Fruits Peach & Mango Organic Yogurts,4x110g,£2.17,49.3p/100g,25% Off. Was £2.90,Fresh & Chilled
041222,Port Salut French Soft Cheese,G,false,600,https://ecom-su-static-prod.wtrecom.com/images/products/3/LN_041222_BP_3.jpg,https://www.waitrose.com/ecom/products/port-salut-french-soft-cheese/041222-20392-20393,Port Salut French Soft Cheese,185g,£3.10,£16.76/kg,,Fresh & Chilled
576364,Charlie Bigham's Lasagne for 1,G,true,601,https://ecom-su-static-prod.wtrecom.com/images/products/3/LN_576364_BP_3.jpg,https://www.waitrose.com/ecom/products/charlie-bighams-lasagne-for-1/576364-425874-425875,Charlie Bigham's Lasagne for 1,355g,£6.00,£16.91/kg,Add 2 for £11,Fresh & Chilled
816686,Duchy Organic Double Cream,G,false,602,https://ecom-su-static-prod.wtrecom.com/images/products/3/LN_816686_BP_3.jpg,https://www.waitrose.com/ecom/products/duchy-organic-double-cream/816686-772834-772835,Duchy Organic Double Cream,220ml,£1.50,68.2p/100ml,,Fresh & Chilled
033981,No. 1 Freshly Squeezed Smooth Orange Juice,G,false,603,https://ecom-su-static-prod.wtrecom.com/images/products/3/LN_033981_BP_3.jpg,https://www.waitrose.com/ecom/products/no-1-freshly-squeezed-smooth-orange-juice/033981-17007-17008,No. 1 Freshly Squeezed Smooth Orange Juice,1litre,£3.40,34p/100ml,,Fresh & Chilled
621650,Crosta & Mollica Pizza Base with Tomato Sauce,G,false,604,https://ecom-su-static-prod.wtrecom.com/images/products/3/LN_621650_BP_3.jpg,https://www.waitrose.com/ecom/products/crosta-mollica-pizza-base-with-tomato-sauce/621650-200263-200264,Crosta & Mollica Pizza Base with Tomato Sauce,270g,£2.60,£9.63/kg,,Fresh & Chilled
732136,Essential Breaded Chicken Breast Steaks 4,G,true,605,https://ecom-su-static-prod.wtrecom.com/images/products/3/LN_732136_BP_3.jpg,https://www.waitrose.com/ecom/products/essential-breaded-chicken-breast-steaks-4/732136-104015-104016,Essential Breaded Chicken Breast Steaks 4,505g,£5.40,£10.70/kg,Add 3 for £12,Fresh & Chilled
405608,Innocent Pure Smooth Orange Fruit Juice,G,false,606,https://ecom-su-static-prod.wtrecom.com/images/products/3/LN_405608_BP_3.jpg,https://www.waitrose.com/ecom/products/innocent-pure-smooth-orange-fruit-juice/405608-124108-124109,Innocent Pure Smooth Orange Fruit Juice,900ml,£3.15,35p/100ml,,Fresh & Chilled
072682,Waitrose Perfectly Ripe Large Mango,G,true,607,https://ecom-su-static-prod.wtrecom.com/images/products/3/LN_072682_BP_3.jpg,https://www.waitrose.com/ecom/products/waitrose-perfectly-ripe-large-mango/072682-36888-36889,Waitrose Perfectly Ripe Large Mango,Each,£1.50,£1.50 each,25% Off. Was £2.00,Fresh & Chilled
421385,Waitrose Mango And Coconut Chicken Breast Steak,G,true,608,https://ecom-su-static-prod.wtrecom.com/images/products/3/LN_421385_BP_3.jpg,https://www.waitrose.com/ecom/products/waitrose-mango-and-coconut-chicken-breast-steak/421385-661221-661222,Waitrose Mango And Coconut Chicken Breast Steak,284g,£4.25,£14.97/kg,Add 3 for £12,Fresh & Chilled
048727,Ghillie & Glen Scottish Smoked Salmon,G,true,609,https://ecom-su-static-prod.wtrecom.com/images/products/3/LN_048727_BP_3.jpg,https://www.waitrose.com/ecom/products/ghillie-glen-scottish-smoked-salmon/048727-24225-24226,Ghillie & Glen Scottish Smoked Salmon,200g,£5.96,£2.98/100g,25% Off. Was £7.95,Fresh & Chilled
830135,Essential Raw King Prawns ASC,G,true,610,https://ecom-su-static-prod.wtrecom.com/images/products/3/LN_830135_BP_3.jpg,https://www.waitrose.com/ecom/products/essential-raw-king-prawns-asc/830135-498220-498221,Essential Raw King Prawns ASC,165g,£4.25,£25.76/kg,"£7 Stir Fry Meal Deal: Add protein, veg, sauce & rice or noodles",Fresh & Chilled
493922,Waitrose British Native Breed Thin Cut Rump Steak,G,true,611,https://ecom-su-static-prod.wtrecom.com/images/products/3/LN_493922_BP_3.jpg,https://www.waitrose.com/ecom/products/waitrose-british-native-breed-thin-cut-rump-steak/493922-69804-69805,Waitrose British Native Breed Thin Cut Rump Steak,200g,£4.55,£22.75/kg,Add 3 for £12,Fresh & Chilled
083527,Waitrose Extra Large Raw King Prawns ASC,G,true,612,https://ecom-su-static-prod.wtrecom.com/images/products/3/LN_083527_BP_3.jpg,https://www.waitrose.com/ecom/products/waitrose-extra-large-raw-king-prawns-asc/083527-42405-42406,Waitrose Extra Large Raw King Prawns ASC,165g,£3.71,£22.49/kg,25% Off. Was £4.95,Fresh & Chilled
897741,Waitrose Breaded Lemon Sole Goujons,G,true,613,https://ecom-su-static-prod.wtrecom.com/images/products/3/LN_897741_BP_3.jpg,https://www.waitrose.com/ecom/products/waitrose-breaded-lemon-sole-goujons/897741-689942-689943,Waitrose Breaded Lemon Sole Goujons,220g,£5.75,£26.14/kg,Add 3 for £12,Fresh & Chilled
746096,Waitrose 2 MSC Albacore Tuna Steaks,G,true,614,https://ecom-su-static-prod.wtrecom.com/images/products/3/LN_746096_BP_3.jpg,https://www.waitrose.com/ecom/products/waitrose-2-msc-albacore-tuna-steaks/746096-754603-754604,Waitrose 2 MSC Albacore Tuna Steaks,200g,£6.25,£31.25/kg,Add 3 for £12,Fresh & Chilled
394963,Charlie Bigham's Fish Pie for 2,G,false,615,https://ecom-su-static-prod.wtrecom.com/images/products/3/LN_394963_BP_3.jpg,https://www.waitrose.com/ecom/products/charlie-bighams-fish-pie-for-2/394963-55511-55512,Charlie Bigham's Fish Pie for 2,655g,£9.95,£15.20/kg,,Fresh & Chilled
711694,Waitrose Swede,G,false,616,https://ecom-su-static-prod.wtrecom.com/images/products/3/LN_711694_BP_3.jpg,https://www.waitrose.com/ecom/products/waitrose-swede/711694-759814-759815,Waitrose Swede,Each,70p,70p each,,Fresh & Chilled
055290,Duchy Organic Chicken Breast Fillets 2,G,false,617,https://ecom-su-static-prod.wtrecom.com/images/products/3/LN_055290_BP_3.jpg,https://www.waitrose.com/ecom/products/duchy-organic-chicken-breast-fillets-2/055290-27757-27758,Duchy Organic Chicken Breast Fillets 2,Typical weight 440g,£12.32 each est.,£2.80/100g,,Fresh & Chilled
021354,Waitrose Tomato Juice,G,false,618,https://ecom-su-static-prod.wtrecom.com/images/products/3/LN_021354_BP_3.jpg,https://www.waitrose.com/ecom/products/waitrose-tomato-juice/021354-10419-10420,Waitrose Tomato Juice,1litre,£2.10,21p/100ml,,Fresh & Chilled
897805,Essential British Beef Sirloin Steak,G,false,619,https://ecom-su-static-prod.wtrecom.com/images/products/3/LN_897805_BP_3.jpg,https://www.waitrose.com/ecom/products/essential-british-beef-sirloin-steak/897805-676948-676949,Essential British Beef Sirloin Steak,200g,£4.95,£24.75/kg,,Fresh & Chilled
895373,Clarence Court Burford Browns Very Large,G,false,620,https://ecom-su-static-prod.wtrecom.com/images/products/3/LN_895373_BP_3.jpg,https://www.waitrose.com/ecom/products/clarence-court-burford-browns-very-large/895373-679801-679802,Clarence Court Burford Browns Very Large,6s,£4.00,66.7p each,,Fresh & Chilled
053494,Waitrose French Half Fat Creme Fraiche,G,false,621,https://ecom-su-static-prod.wtrecom.com/images/products/3/LN_053494_BP_3.jpg,https://www.waitrose.com/ecom/products/waitrose-french-half-fat-creme-fraiche/053494-26777-26778,Waitrose French Half Fat Creme Fraiche,200ml,£1.65,82.5p/100ml,,Fresh & Chilled
567398,The Collective Raspberry Suckies Kids Yogurts,G,false,622,https://ecom-su-static-prod.wtrecom.com/images/products/3/LN_567398_BP_3.jpg,https://www.waitrose.com/ecom/products/the-collective-raspberry-suckies-kids-yogurts/567398-486537-486538,The Collective Raspberry Suckies Kids Yogurts,90g,£1.00,£1.12/100g,,Fresh & Chilled
023091,Waitrose Deli Style Coleslaw,G,false,623,https://ecom-su-static-prod.wtrecom.com/images/products/3/LN_023091_BP_3.jpg,https://www.waitrose.com/ecom/products/waitrose-deli-style-coleslaw/023091-11227-11228,Waitrose Deli Style Coleslaw,500g,£2.75,55p/100g,,Fresh & Chilled
526313,Waitrose Spreadable Butter,G,true,624,https://ecom-su-static-prod.wtrecom.com/images/products/3/LN_526313_BP_3.jpg,https://www.waitrose.com/ecom/products/waitrose-spreadable-butter/526313-761970-761971,Waitrose Spreadable Butter,500g,£2.00,£4/kg,save 40p. Was £2.40,Fresh & Chilled
609928,Waitrose Pineapple,G,false,625,https://ecom-su-static-prod.wtrecom.com/images/products/3/LN_609928_BP_3.jpg,https://www.waitrose.com/ecom/products/waitrose-pineapple/609928-698050-698051,Waitrose Pineapple,275g,£2.70,£9.82/kg,,Fresh & Chilled
725454,Albert Bartlett Potatoes,G,false,626,https://ecom-su-static-prod.wtrecom.com/images/products/3/LN_725454_BP_3.jpg,https://www.waitrose.com/ecom/products/albert-bartlett-potatoes/725454-103059-103060,Albert Bartlett Potatoes,2kg,£2.50,£1.25/kg,,Fresh & Chilled
533008,Waitrose British Pastrami 10 Slices,G,true,627,https://ecom-su-static-prod.wtrecom.com/images/products/3/LN_533008_BP_3.jpg,https://www.waitrose.com/ecom/products/waitrose-british-pastrami-10-slices/533008-724867-724868,Waitrose British Pastrami 10 Slices,100g,£3.50,£3.50/100g,Add 2 for £6,Fresh & Chilled
806339,Waitrose Mediterranean Olives with Herbes De Provence,G,true,628,https://ecom-su-static-prod.wtrecom.com/images/products/3/LN_806339_BP_3.jpg,https://www.waitrose.com/ecom/products/waitrose-mediterranean-olives-with-herbes-de-provence/806339-676368-676369,Waitrose Mediterranean Olives with Herbes De Provence,145g,£3.75,£2.59/100g,Add 2 for £5.50,Fresh & Chilled
088220,Waitrose Perfectly Ripe Large Solo Papaya,G,true,629,https://ecom-su-static-prod.wtrecom.com/images/products/3/LN_088220_BP_3.jpg,https://www.waitrose.com/ecom/products/waitrose-perfectly-ripe-large-solo-papaya/088220-45186-45187,Waitrose Perfectly Ripe Large Solo Papaya,Each,£2.72,£2.72 each,20% Off. Was £3.40,Fresh & Chilled
024418,Waitrose Baby Sugar Snaps,G,false,630,https://ecom-su-static-prod.wtrecom.com/images/products/3/LN_024418_BP_3.jpg,https://www.waitrose.com/ecom/products/waitrose-baby-sugar-snaps/024418-11836-11837,Waitrose Baby Sugar Snaps,160g,£2.00,£12.50/kg,,Fresh & Chilled
053432,Elmlea Vegetarian Double Cream Alternative,G,false,631,https://ecom-su-static-prod.wtrecom.com/images/products/3/LN_053432_BP_3.jpg,https://www.waitrose.com/ecom/products/elmlea-vegetarian-double-cream-alternative/053432-26729-26730,Elmlea Vegetarian Double Cream Alternative,270ml,£1.75,64.8p/100ml,,Fresh & Chilled
487049,Tims Dairy Honey Greek Style Yogurt,G,false,632,https://ecom-su-static-prod.wtrecom.com/images/products/3/LN_487049_BP_3.jpg,https://www.waitrose.com/ecom/products/tims-dairy-honey-greek-style-yogurt/487049-222872-222873,Tims Dairy Honey Greek Style Yogurt,450g,£2.50,55.6p/100g,,Fresh & Chilled
894969,Essential 12 British Pork Sausages,G,false,633,https://ecom-su-static-prod.wtrecom.com/images/products/3/LN_894969_BP_3.jpg,https://www.waitrose.com/ecom/products/essential-12-british-pork-sausages/894969-409672-409673,Essential 12 British Pork Sausages,681g,£2.25,£3.31/kg,,Fresh & Chilled
081286,Essential Plum Tomatoes,G,false,634,https://ecom-su-static-prod.wtrecom.com/images/products/3/LN_081286_BP_3.jpg,https://www.waitrose.com/ecom/products/essential-plum-tomatoes/081286-41343-41344,Essential Plum Tomatoes,500g,£1.70,£3.40/kg,,Fresh & Chilled
582379,Waitrose 2 Scotch Eggs,G,true,635,https://ecom-su-static-prod.wtrecom.com/images/products/3/LN_582379_BP_3.jpg,https://www.waitrose.com/ecom/products/waitrose-2-scotch-eggs/582379-804672-804673,Waitrose 2 Scotch Eggs,280g,£3.50,£1.25/100g,Add 2 for £5.50,Fresh & Chilled
623293,Duchy Organic Smoked Salmon,G,false,636,https://ecom-su-static-prod.wtrecom.com/images/products/3/LN_623293_BP_3.jpg,https://www.waitrose.com/ecom/products/duchy-organic-smoked-salmon/623293-157017-157018,Duchy Organic Smoked Salmon,120g,£8.50,£7.09/100g,,Fresh & Chilled
810359,No. 1 Sicilian Blood Orange Juice,G,false,637,https://ecom-su-static-prod.wtrecom.com/images/products/3/LN_810359_BP_3.jpg,https://www.waitrose.com/ecom/products/no-1-sicilian-blood-orange-juice/810359-337196-337197,No. 1 Sicilian Blood Orange Juice,1litre,£3.50,35p/100ml,,Fresh & Chilled
610378,No. 1 Barrel Aged Greek Feta Cheese PDO Strength 4,G,false,638,https://ecom-su-static-prod.wtrecom.com/images/products/3/LN_610378_BP_3.jpg,https://www.waitrose.com/ecom/products/no-1-barrel-aged-greek-feta-cheese-pdo-strength-4/610378-493044-493045,No. 1 Barrel Aged Greek Feta Cheese PDO Strength 4,drained 2x100g,£3.55,£17.75/kg,,Fresh & Chilled
061131,Essential Carrot Batons,G,false,639,https://ecom-su-static-prod.wtrecom.com/images/products/3/LN_061131_BP_3.jpg,https://www.waitrose.com/ecom/products/essential-carrot-batons/061131-30914-30915,Essential Carrot Batons,400g,£1.35,33.8p/100g,,Fresh & Chilled
652906,Waitrose Barbecue Chicken Stonebaked Pizza,G,false,640,https://ecom-su-static-prod.wtrecom.com/images/products/3/LN_652906_BP_3.jpg,https://www.waitrose.com/ecom/products/waitrose-barbecue-chicken-stonebaked-pizza/652906-661823-661824,Waitrose Barbecue Chicken Stonebaked Pizza,405g,£4.95,£12.23/kg,,Fresh & Chilled
817127,Waitrose Pressed Apple Juice Large,G,false,641,https://ecom-su-static-prod.wtrecom.com/images/products/3/LN_817127_BP_3.jpg,https://www.waitrose.com/ecom/products/waitrose-pressed-apple-juice-large/817127-166781-166782,Waitrose Pressed Apple Juice Large,1.75litre,£3.10,17.7p/100ml,,Fresh & Chilled
512720,Waitrose Summer 4 Beef Smash Burgers with Bone Marrow,G,true,642,https://ecom-su-static-prod.wtrecom.com/images/products/3/LN_512720_BP_3.jpg,https://www.waitrose.com/ecom/products/waitrose-summer-4-beef-smash-burgers-with-bone-marrow/512720-824444-824445,Waitrose Summer 4 Beef Smash Burgers with Bone Marrow,454g,£4.25,£9.37/kg,Add 3 for £12,Fresh & Chilled
016139,Essential Low Fat Cottage Cheese Strength 1,G,false,643,https://ecom-su-static-prod.wtrecom.com/images/products/3/LN_016139_BP_3.jpg,https://www.waitrose.com/ecom/products/essential-low-fat-cottage-cheese-strength-1/016139-7724-7725,Essential Low Fat Cottage Cheese Strength 1,300g,£1.40,£4.67/kg,,Fresh & Chilled
563021,Duchy Organic Soft Cheese Strength 1,G,false,644,https://ecom-su-static-prod.wtrecom.com/images/products/3/LN_563021_BP_3.jpg,https://www.waitrose.com/ecom/products/duchy-organic-soft-cheese-strength-1/563021-319582-319583,Duchy Organic Soft Cheese Strength 1,250g,£2.30,£9.20/kg,,Fresh & Chilled
052224,Waitrose Melton Mowbray Pork Pie,G,true,645,https://ecom-su-static-prod.wtrecom.com/images/products/3/LN_052224_BP_3.jpg,https://www.waitrose.com/ecom/products/waitrose-melton-mowbray-pork-pie/052224-26025-26026,Waitrose Melton Mowbray Pork Pie,273g,£3.00,£1.10/100g,Add 2 for £5.50,Fresh & Chilled
053428,Essential Soured Cream,G,false,646,https://ecom-su-static-prod.wtrecom.com/images/products/3/LN_053428_BP_3.jpg,https://www.waitrose.com/ecom/products/essential-soured-cream/053428-26727-26728,Essential Soured Cream,300ml,£1.10,36.7p/100ml,,Fresh & Chilled
085249,Waitrose Trimmed Cauliflower,G,false,647,https://ecom-su-static-prod.wtrecom.com/images/products/3/LN_085249_BP_3.jpg,https://www.waitrose.com/ecom/products/waitrose-trimmed-cauliflower/085249-43331-43332,Waitrose Trimmed Cauliflower,Each,£1.90,£1.90 each,,Fresh & Chilled
758256,Galbani Italian Burrata Cheese,G,false,648,https://ecom-su-static-prod.wtrecom.com/images/products/3/LN_758256_BP_3.jpg,https://www.waitrose.com/ecom/products/galbani-italian-burrata-cheese/758256-723584-723585,Galbani Italian Burrata Cheese,drained 150g,£3.35,£22.34/kg,,Fresh & Chilled
088632,Waitrose Royal Gala Apples,G,false,649,https://ecom-su-static-prod.wtrecom.com/images/products/3/LN_088632_BP_3.jpg,https://www.waitrose.com/ecom/products/waitrose-royal-gala-apples/088632-45517-45518,Waitrose Royal Gala Apples,4s,£1.90,47.5p each,,Fresh & Chilled
037011,No.1 Free Range Corn Fed Whole Chicken,G,false,650,https://ecom-su-static-prod.wtrecom.com/images/products/3/LN_037011_BP_3.jpg,https://www.waitrose.com/ecom/products/no1-free-range-corn-fed-whole-chicken/037011-18529-18530,No.1 Free Range Corn Fed Whole Chicken,Typical weight 1.58kg,£14.22 each est.,£9/kg,,Fresh & Chilled
012901,Essential Smooth Orange Juice,G,false,651,https://ecom-su-static-prod.wtrecom.com/images/products/3/LN_012901_BP_3.jpg,https://www.waitrose.com/ecom/products/essential-smooth-orange-juice/012901-6292-6293,Essential Smooth Orange Juice,1litre,£1.50,15p/100ml,,Fresh & Chilled
368453,Waitrose British Breaded Ham 6 Slices,G,false,652,https://ecom-su-static-prod.wtrecom.com/images/products/3/LN_368453_BP_3.jpg,https://www.waitrose.com/ecom/products/waitrose-british-breaded-ham-6-slices/368453-156471-156472,Waitrose British Breaded Ham 6 Slices,115g,£2.75,£2.40/100g,,Fresh & Chilled
087584,Rachel's Organic Divine Rice Pudding,G,false,653,https://ecom-su-static-prod.wtrecom.com/images/products/3/LN_087584_BP_3.jpg,https://www.waitrose.com/ecom/products/rachels-organic-divine-rice-pudding/087584-44782-44783,Rachel's Organic Divine Rice Pudding,2x150g,£2.35,78.3p/100g,,Fresh & Chilled
849274,Waitrose Greek Style Side Salad,G,false,654,https://ecom-su-static-prod.wtrecom.com/images/products/3/LN_849274_BP_3.jpg,https://www.waitrose.com/ecom/products/waitrose-greek-style-side-salad/849274-420581-420582,Waitrose Greek Style Side Salad,230g,£2.95,£1.29/100g,,Fresh & Chilled
052554,Duchy Organic Kale,G,false,655,https://ecom-su-static-prod.wtrecom.com/images/products/3/LN_052554_BP_3.jpg,https://www.waitrose.com/ecom/products/duchy-organic-kale/052554-26201-26202,Duchy Organic Kale,180g,£1.90,£10.56/kg,,Fresh & Chilled
093070,Waitrose Pesto Pasta,G,false,656,https://ecom-su-static-prod.wtrecom.com/images/products/3/LN_093070_BP_3.jpg,https://www.waitrose.com/ecom/products/waitrose-pesto-pasta/093070-47815-47816,Waitrose Pesto Pasta,180g,£2.50,£1.39/100g,,Fresh & Chilled
862833,Waitrose British Native Breed Beef Rump Steak Stir Fry Strips,G,true,657,https://ecom-su-static-prod.wtrecom.com/images/products/3/LN_862833_BP_3.jpg,https://www.waitrose.com/ecom/products/waitrose-british-native-breed-beef-rump-steak-stir-fry-strips/862833-645336-645337,Waitrose British Native Breed Beef Rump Steak Stir Fry Strips,250g,£4.50,£18/kg,Add 3 for £12,Fresh & Chilled
024492,Waitrose Moroccan Spiced Fruity Couscous,G,false,658,https://ecom-su-static-prod.wtrecom.com/images/products/3/LN_024492_BP_3.jpg,https://www.waitrose.com/ecom/products/waitrose-moroccan-spiced-fruity-couscous/024492-11868-11869,Waitrose Moroccan Spiced Fruity Couscous,235g,£2.50,£1.07/100g,,Fresh & Chilled
605642,Charlie Bigham's Salmon en Croute For 2,G,false,659,https://ecom-su-static-prod.wtrecom.com/images/products/3/LN_605642_BP_3.jpg,https://www.waitrose.com/ecom/products/charlie-bighams-salmon-en-croute-for-2/605642-692419-692420,Charlie Bigham's Salmon en Croute For 2,440g,£9.50,£21.60/kg,,Fresh & Chilled
780828,No.1 Cheddar & Shallot Tarts,G,true,660,https://ecom-su-static-prod.wtrecom.com/images/products/3/LN_780828_BP_3.jpg,https://www.waitrose.com/ecom/products/no1-cheddar-shallot-tarts/780828-805673-805674,No.1 Cheddar & Shallot Tarts,2x120g,£5.00,£2.09/100g,£12 Our Very Best Dine In: Add Main + Side + Starter or Dessert,Fresh & Chilled
633760,Sabra Houmous Extra,G,false,661,https://ecom-su-static-prod.wtrecom.com/images/products/3/LN_633760_BP_3.jpg,https://www.waitrose.com/ecom/products/sabra-houmous-extra/633760-653550-653551,Sabra Houmous Extra,200g,£2.65,£1.33/100g,,Fresh & Chilled
089547,Essential Medium Sliced Cheddar Cheese Strength 3,G,false,662,https://ecom-su-static-prod.wtrecom.com/images/products/3/LN_089547_BP_3.jpg,https://www.waitrose.com/ecom/products/essential-medium-sliced-cheddar-cheese-strength-3/089547-46158-46159,Essential Medium Sliced Cheddar Cheese Strength 3,250g,£2.80,£11.20/kg,,Fresh & Chilled
725457,Essential 8 British Pork Sausages,G,false,663,https://ecom-su-static-prod.wtrecom.com/images/products/3/LN_725457_BP_3.jpg,https://www.waitrose.com/ecom/products/essential-8-british-pork-sausages/725457-409460-409461,Essential 8 British Pork Sausages,454g,£1.75,£3.86/kg,,Fresh & Chilled
044137,Clover Dairy Spread,G,false,664,https://ecom-su-static-prod.wtrecom.com/images/products/3/LN_044137_BP_3.jpg,https://www.waitrose.com/ecom/products/clover-dairy-spread/044137-21735-21736,Clover Dairy Spread,500g,£2.50,£5/kg,,Fresh & Chilled
541230,Essential Spinach & Ricotta Tortelloni,G,false,665,https://ecom-su-static-prod.wtrecom.com/images/products/3/LN_541230_BP_3.jpg,https://www.waitrose.com/ecom/products/essential-spinach-ricotta-tortelloni/541230-793230-793231,Essential Spinach & Ricotta Tortelloni,300g,£2.20,73.3p/100g,,Fresh & Chilled
030689,Waitrose Mushroom Stir Fry,G,true,666,https://ecom-su-static-prod.wtrecom.com/images/products/3/LN_030689_BP_3.jpg,https://www.waitrose.com/ecom/products/waitrose-mushroom-stir-fry/030689-14985-14986,Waitrose Mushroom Stir Fry,350g,£1.60,£4.58/kg,"£7 Stir Fry Meal Deal: Add protein, veg, sauce & rice or noodles",Fresh & Chilled
016264,Essential Cottage Cheese Strength 1,G,false,667,https://ecom-su-static-prod.wtrecom.com/images/products/3/LN_016264_BP_3.jpg,https://www.waitrose.com/ecom/products/essential-cottage-cheese-strength-1/016264-7790-7791,Essential Cottage Cheese Strength 1,300g,£1.40,£4.67/kg,,Fresh & Chilled
603206,Waitrose 4 Harissa Halloumi Kebabs,G,true,668,https://ecom-su-static-prod.wtrecom.com/images/products/3/LN_603206_BP_3.jpg,https://www.waitrose.com/ecom/products/waitrose-4-harissa-halloumi-kebabs/603206-756275-756276,Waitrose 4 Harissa Halloumi Kebabs,240g,£4.25,£1.78/100g,Add 3 for £12,Fresh & Chilled
742748,Waitrose Essential Pitted Black Olives,G,false,669,https://ecom-su-static-prod.wtrecom.com/images/products/3/LN_742748_BP_3.jpg,https://www.waitrose.com/ecom/products/waitrose-essential-pitted-black-olives/742748-202413-202414,Waitrose Essential Pitted Black Olives,120g,£2.00,£1.67/100g,,Fresh & Chilled
090636,Essential 2 Scotch Eggs,G,false,670,https://ecom-su-static-prod.wtrecom.com/images/products/3/LN_090636_BP_3.jpg,https://www.waitrose.com/ecom/products/essential-2-scotch-eggs/090636-46691-46692,Essential 2 Scotch Eggs,246g,£1.50,61p/100g,,Fresh & Chilled
085124,Waitrose Chantenay Carrots,G,false,671,https://ecom-su-static-prod.wtrecom.com/images/products/3/LN_085124_BP_3.jpg,https://www.waitrose.com/ecom/products/waitrose-chantenay-carrots/085124-43219-43220,Waitrose Chantenay Carrots,500g,£1.30,£2.60/kg,,Fresh & Chilled
096217,Yeo Valley Bio Live Organic Natural Yogurt,G,false,672,https://ecom-su-static-prod.wtrecom.com/images/products/3/LN_096217_BP_3.jpg,https://www.waitrose.com/ecom/products/yeo-valley-bio-live-organic-natural-yogurt/096217-49242-49243,Yeo Valley Bio Live Organic Natural Yogurt,150g,90p,60p/100g,,Fresh & Chilled
448576,Essential Almond Unsweetened Milk Alternative,G,false,673,https://ecom-su-static-prod.wtrecom.com/images/products/3/LN_448576_BP_3.jpg,https://www.waitrose.com/ecom/products/essential-almond-unsweetened-milk-alternative/448576-759539-759540,Essential Almond Unsweetened Milk Alternative,1litre,£1.10,£1.10/litre,,Fresh & Chilled
888848,Rebel Kitchen 100% Organic Coconut Water,G,false,674,https://ecom-su-static-prod.wtrecom.com/images/products/3/LN_888848_BP_3.jpg,https://www.waitrose.com/ecom/products/rebel-kitchen-100-organic-coconut-water/888848-575950-575951,Rebel Kitchen 100% Organic Coconut Water,750ml,£5.25,70p/100ml,,Fresh & Chilled
085532,Duchy Organic Asparagus,G,false,675,https://ecom-su-static-prod.wtrecom.com/images/products/3/LN_085532_BP_3.jpg,https://www.waitrose.com/ecom/products/duchy-organic-asparagus/085532-43618-43619,Duchy Organic Asparagus,200g,£2.75,£13.75/kg,,Fresh & Chilled
091545,Essential Tomato & Basil Sauce,G,false,676,https://ecom-su-static-prod.wtrecom.com/images/products/3/LN_091545_BP_3.jpg,https://www.waitrose.com/ecom/products/essential-tomato-basil-sauce/091545-47146-47147,Essential Tomato & Basil Sauce,350g,£1.95,55.7p/100g,,Fresh & Chilled
542076,Tims Dairy Kefir Greek Style Yogurt,G,false,677,https://ecom-su-static-prod.wtrecom.com/images/products/3/LN_542076_BP_3.jpg,https://www.waitrose.com/ecom/products/tims-dairy-kefir-greek-style-yogurt/542076-743766-743767,Tims Dairy Kefir Greek Style Yogurt,450g,£2.65,58.9p/100g,,Fresh & Chilled
566322,Waitrose Crispy Potato Slices,G,false,678,https://ecom-su-static-prod.wtrecom.com/images/products/3/LN_566322_BP_3.jpg,https://www.waitrose.com/ecom/products/waitrose-crispy-potato-slices/566322-756366-756367,Waitrose Crispy Potato Slices,350g,£2.00,£5.72/kg,,Fresh & Chilled
711884,Waitrose Cauliflower Cheese,G,false,679,https://ecom-su-static-prod.wtrecom.com/images/products/3/LN_711884_BP_3.jpg,https://www.waitrose.com/ecom/products/waitrose-cauliflower-cheese/711884-704573-704574,Waitrose Cauliflower Cheese,450g,£3.35,£7.45/kg,,Fresh & Chilled
861180,British Baby Chestnut Mushrooms,G,false,680,https://ecom-su-static-prod.wtrecom.com/images/products/3/LN_861180_BP_3.jpg,https://www.waitrose.com/ecom/products/british-baby-chestnut-mushrooms/861180-595292-595293,British Baby Chestnut Mushrooms,200g,£1.70,£8.50/kg,,Fresh & Chilled
091364,Waitrose New York Vanilla Cheesecake,G,false,681,https://ecom-su-static-prod.wtrecom.com/images/products/3/LN_091364_BP_3.jpg,https://www.waitrose.com/ecom/products/waitrose-new-york-vanilla-cheesecake/091364-47077-47078,Waitrose New York Vanilla Cheesecake,540g,£5.25,97.2p/100g,,Fresh & Chilled
088261,Waitrose Supersweet Medium Pineapple,G,false,682,https://ecom-su-static-prod.wtrecom.com/images/products/3/LN_088261_BP_3.jpg,https://www.waitrose.com/ecom/products/waitrose-supersweet-medium-pineapple/088261-45238-45239,Waitrose Supersweet Medium Pineapple,Each,£1.50,£1.50 each,,Fresh & Chilled
014600,Waitrose Quiche Lorraine,G,false,683,https://ecom-su-static-prod.wtrecom.com/images/products/3/LN_014600_BP_3.jpg,https://www.waitrose.com/ecom/products/waitrose-quiche-lorraine/014600-7012-7013,Waitrose Quiche Lorraine,155g,£1.95,£1.26/100g,,Fresh & Chilled
085542,Duchy Organic Green Beans,G,false,684,https://ecom-su-static-prod.wtrecom.com/images/products/3/LN_085542_BP_3.jpg,https://www.waitrose.com/ecom/products/duchy-organic-green-beans/085542-43632-43633,Duchy Organic Green Beans,225g,£2.15,£9.56/kg,,Fresh & Chilled
053451,Waitrose French Creme Fraiche,G,false,685,https://ecom-su-static-prod.wtrecom.com/images/products/3/LN_053451_BP_3.jpg,https://www.waitrose.com/ecom/products/waitrose-french-creme-fraiche/053451-26753-26754,Waitrose French Creme Fraiche,200ml,£1.65,82.5p/100ml,,Fresh & Chilled
886249,No.1 Wood-fired Chargrilled Vegetable & Pesto Sourdough Pizza,G,false,686,https://ecom-su-static-prod.wtrecom.com/images/products/3/LN_886249_BP_3.jpg,https://www.waitrose.com/ecom/products/no1-wood-fired-chargrilled-vegetable-pesto-sourdough-pizza/886249-703688-703689,No.1 Wood-fired Chargrilled Vegetable & Pesto Sourdough Pizza,499g,£5.95,£11.93/kg,,Fresh & Chilled
769701,Essential Beef Stir Fry Strips,G,true,687,https://ecom-su-static-prod.wtrecom.com/images/products/3/LN_769701_BP_3.jpg,https://www.waitrose.com/ecom/products/essential-beef-stir-fry-strips/769701-795532-795533,Essential Beef Stir Fry Strips,250g,£4.50,£18/kg,"£7 Stir Fry Meal Deal: Add protein, veg, sauce & rice or noodles",Fresh & Chilled
767250,Waitrose Hearty Chicken & Vegetable Broth,G,false,688,https://ecom-su-static-prod.wtrecom.com/images/products/3/LN_767250_BP_3.jpg,https://www.waitrose.com/ecom/products/waitrose-hearty-chicken-vegetable-broth/767250-109105-109106,Waitrose Hearty Chicken & Vegetable Broth,600g,£3.00,50p/100g,,Fresh & Chilled
862388,Waitrose Sour Cream & Chive Dip,G,true,689,https://ecom-su-static-prod.wtrecom.com/images/products/3/LN_862388_BP_3.jpg,https://www.waitrose.com/ecom/products/waitrose-sour-cream-chive-dip/862388-824618-824619,Waitrose Sour Cream & Chive Dip,200g,£1.75,87.5p/100g,Add 2 for £2.50,Fresh & Chilled
715073,"Innocent Kids Oranges, Mangoes & Pineapples Fruit Smoothies",G,false,690,https://ecom-su-static-prod.wtrecom.com/images/products/3/LN_715073_BP_3.jpg,https://www.waitrose.com/ecom/products/innocent-kids-oranges-mangoes-pineapples-fruit-smoothies/715073-722325-722326,"Innocent Kids Oranges, Mangoes & Pineapples Fruit Smoothies",4x150ml,£3.80,63.3p/100ml,,Fresh & Chilled
838859,Bio-tiful Dairy Organic Natural Kefir Drink,G,false,691,https://ecom-su-static-prod.wtrecom.com/images/products/3/LN_838859_BP_3.jpg,https://www.waitrose.com/ecom/products/bio-tiful-dairy-organic-natural-kefir-drink/838859-668780-668781,Bio-tiful Dairy Organic Natural Kefir Drink,500ml,£2.95,59p/100ml,,Fresh & Chilled
088285,Waitrose Speciality Figs,G,false,692,https://ecom-su-static-prod.wtrecom.com/images/products/3/LN_088285_BP_3.jpg,https://www.waitrose.com/ecom/products/waitrose-speciality-figs/088285-45260-45261,Waitrose Speciality Figs,140g,£2.95,£21.08/kg,,Fresh & Chilled
835276,Waitrose Snack Sausage Rolls 12pk,G,true,693,https://ecom-su-static-prod.wtrecom.com/images/products/3/LN_835276_BP_3.jpg,https://www.waitrose.com/ecom/products/waitrose-snack-sausage-rolls-12pk/835276-824606-824607,Waitrose Snack Sausage Rolls 12pk,360g,£3.50,97.2p/100g,Add 2 for £5.50,Fresh & Chilled
033997,No. 1 Madagascan Vanilla Custard,G,false,694,https://ecom-su-static-prod.wtrecom.com/images/products/3/LN_033997_BP_3.jpg,https://www.waitrose.com/ecom/products/no-1-madagascan-vanilla-custard/033997-17025-17026,No. 1 Madagascan Vanilla Custard,500g,£3.00,60p/100g,,Fresh & Chilled
544050,Alpro Almond Long Life No Sugar Dairy Free Milk Alternative,G,true,695,https://ecom-su-static-prod.wtrecom.com/images/products/3/LN_544050_BP_3.jpg,https://www.waitrose.com/ecom/products/alpro-almond-long-life-no-sugar-dairy-free-milk-alternative/544050-260026-260027,Alpro Almond Long Life No Sugar Dairy Free Milk Alternative,1litre,£1.50,£1.50/litre,save 70p. Was £2.20,Fresh & Chilled
605600,Essential Grana Padano DOP Parmesan Cheese Strength 4,G,false,696,https://ecom-su-static-prod.wtrecom.com/images/products/3/LN_605600_BP_3.jpg,https://www.waitrose.com/ecom/products/essential-grana-padano-dop-parmesan-cheese-strength-4/605600-688808-688809,Essential Grana Padano DOP Parmesan Cheese Strength 4,175g,£2.75,£15.72/kg,,Fresh & Chilled
542516,Waitrose Garlic Butter Filled Doughballs,G,false,697,https://ecom-su-static-prod.wtrecom.com/images/products/3/LN_542516_BP_3.jpg,https://www.waitrose.com/ecom/products/waitrose-garlic-butter-filled-doughballs/542516-166918-166919,Waitrose Garlic Butter Filled Doughballs,250g,£3.25,£1.30/100g,,Fresh & Chilled
850106,Gressingham Duck Breasts,G,false,698,https://ecom-su-static-prod.wtrecom.com/images/products/3/LN_850106_BP_3.jpg,https://www.waitrose.com/ecom/products/gressingham-duck-breasts/850106-400317-400318,Gressingham Duck Breasts,340g,£10.00,£29.42/kg,,Fresh & Chilled
013276,President Slighlty Salted Butter,G,false,699,https://ecom-su-static-prod.wtrecom.com/images/products/3/LN_013276_BP_3.jpg,https://www.waitrose.com/ecom/products/president-slighlty-salted-butter/013276-6449-6450,President Slighlty Salted Butter,250g,£2.75,£11/kg,,Fresh & Chilled
019482,Waitrose 2 Scottish Loch Trout Fillets,G,false,700,https://ecom-su-static-prod.wtrecom.com/images/products/3/LN_019482_BP_3.jpg,https://www.waitrose.com/ecom/products/waitrose-2-scottish-loch-trout-fillets/019482-9419-9420,Waitrose 2 Scottish Loch Trout Fillets,265g,£6.75,£25.48/kg,,Fresh & Chilled
887019,Essential Salad Bowl,G,false,701,https://ecom-su-static-prod.wtrecom.com/images/products/3/LN_887019_BP_3.jpg,https://www.waitrose.com/ecom/products/essential-salad-bowl/887019-420651-420652,Essential Salad Bowl,330g,£2.80,84.8p/100g,,Fresh & Chilled
682867,Waitrose Fresh Fusilli,G,false,702,https://ecom-su-static-prod.wtrecom.com/images/products/3/LN_682867_BP_3.jpg,https://www.waitrose.com/ecom/products/waitrose-fresh-fusilli/682867-793254-793255,Waitrose Fresh Fusilli,500g,£2.30,46p/100g,,Fresh & Chilled
814726,Waitrose Celeriac Remoulade,G,false,703,https://ecom-su-static-prod.wtrecom.com/images/products/3/LN_814726_BP_3.jpg,https://www.waitrose.com/ecom/products/waitrose-celeriac-remoulade/814726-498166-498167,Waitrose Celeriac Remoulade,220g,£2.25,£1.03/100g,,Fresh & Chilled
870882,Waitrose British Finely Sliced Chicken Breast,G,true,704,https://ecom-su-static-prod.wtrecom.com/images/products/3/LN_870882_BP_3.jpg,https://www.waitrose.com/ecom/products/waitrose-british-finely-sliced-chicken-breast/870882-311476-311477,Waitrose British Finely Sliced Chicken Breast,125g,£3.25,£2.60/100g,Add 2 for £5.50,Fresh & Chilled
822077,No.1 Parmigiano Reggiano & Truffle Chicken Kyiv,G,true,705,https://ecom-su-static-prod.wtrecom.com/images/products/3/LN_822077_BP_3.jpg,https://www.waitrose.com/ecom/products/no1-parmigiano-reggiano-truffle-chicken-kyiv/822077-790961-790962,No.1 Parmigiano Reggiano & Truffle Chicken Kyiv,530g,£9.00,£16.99/kg,£12 Our Very Best Dine In: Add Main + Side + Starter or Dessert,Fresh & Chilled
680219,Waitrose Moroccan Style Houmous,G,true,706,https://ecom-su-static-prod.wtrecom.com/images/products/3/LN_680219_BP_3.jpg,https://www.waitrose.com/ecom/products/waitrose-moroccan-style-houmous/680219-96605-96606,Waitrose Moroccan Style Houmous,200g,£1.75,87.5p/100g,Add 2 for £2.50,Fresh & Chilled
566835,Babybel Original Mini Lunchbox Snack Cheese Big Pack,G,false,707,https://ecom-su-static-prod.wtrecom.com/images/products/3/LN_566835_BP_3.jpg,https://www.waitrose.com/ecom/products/babybel-original-mini-lunchbox-snack-cheese-big-pack/566835-803324-803325,Babybel Original Mini Lunchbox Snack Cheese Big Pack,12x20g,£3.75,£15.63/kg,,Fresh & Chilled
819396,Waitrose Italian Spaghetti Bolognese for 1,G,true,708,https://ecom-su-static-prod.wtrecom.com/images/products/3/LN_819396_BP_3.jpg,https://www.waitrose.com/ecom/products/waitrose-italian-spaghetti-bolognese-for-1/819396-759556-759557,Waitrose Italian Spaghetti Bolognese for 1,400g,£3.50,£8.75/kg,Add 2 for £6.50,Fresh & Chilled
041237,Waitrose Wild Rocket Salad,G,false,709,https://ecom-su-static-prod.wtrecom.com/images/products/3/LN_041237_BP_3.jpg,https://www.waitrose.com/ecom/products/waitrose-wild-rocket-salad/041237-20404-20405,Waitrose Wild Rocket Salad,110g,£2.00,£1.82/100g,,Fresh & Chilled
882722,Waitrose Garlic & Jalapeño Greek Halikidiki Olives,G,true,710,https://ecom-su-static-prod.wtrecom.com/images/products/3/LN_882722_BP_3.jpg,https://www.waitrose.com/ecom/products/waitrose-garlic-jalapeno-greek-halikidiki-olives/882722-202537-202538,Waitrose Garlic & Jalapeño Greek Halikidiki Olives,150g,£3.75,£2.50/100g,Add 2 for £5.50,Fresh & Chilled
478074,"Waitrose Brown Rice, Green Vegetable Stir Fry",G,true,711,https://ecom-su-static-prod.wtrecom.com/images/products/3/LN_478074_BP_3.jpg,https://www.waitrose.com/ecom/products/waitrose-brown-rice-green-vegetable-stir-fry/478074-549871-549872,"Waitrose Brown Rice, Green Vegetable Stir Fry",300g,£2.30,76.7p/100g,"£7 Stir Fry Meal Deal: Add protein, veg, sauce & rice or noodles",Fresh & Chilled
064441,Cooks' Ingredients Mint,G,false,712,https://ecom-su-static-prod.wtrecom.com/images/products/3/LN_064441_BP_3.jpg,https://www.waitrose.com/ecom/products/cooks-ingredients-mint/064441-32706-32707,Cooks' Ingredients Mint,100g,£1.65,16.5p/10g,,Fresh & Chilled
563566,Benecol Raspberry No Added Sugar Yogurt Drinks,G,true,713,https://ecom-su-static-prod.wtrecom.com/images/products/3/LN_563566_BP_3.jpg,https://www.waitrose.com/ecom/products/benecol-raspberry-no-added-sugar-yogurt-drinks/563566-609621-609622,Benecol Raspberry No Added Sugar Yogurt Drinks,6x67.5g,£4.50,£1.12/100g,Add 2 for £7.50,Fresh & Chilled
023549,Trimmed Salad Onions,G,false,714,https://ecom-su-static-prod.wtrecom.com/images/products/3/LN_023549_BP_3.jpg,https://www.waitrose.com/ecom/products/trimmed-salad-onions/023549-11426-11427,Trimmed Salad Onions,125g,£1.20,£9.60/kg,,Fresh & Chilled
008900,Muller Corner Vanilla Chocolate Balls & Banana Chocolate Flakes Yogurts,G,false,715,https://ecom-su-static-prod.wtrecom.com/images/products/3/LN_008900_BP_3.jpg,https://www.waitrose.com/ecom/products/muller-corner-vanilla-chocolate-balls-banana-chocolate-flakes-yogurts/008900-4229-4229,Muller Corner Vanilla Chocolate Balls & Banana Chocolate Flakes Yogurts,6x124Each,£4.20,56.5p/100g,,Fresh & Chilled
427124,Waitrose Raspberry Trifle,G,false,716,https://ecom-su-static-prod.wtrecom.com/images/products/3/LN_427124_BP_3.jpg,https://www.waitrose.com/ecom/products/waitrose-raspberry-trifle/427124-788844-788845,Waitrose Raspberry Trifle,135g,£1.75,£1.30/100g,,Fresh & Chilled
471287,Tropicana Pure Smooth Orange Juice,G,true,717,https://ecom-su-static-prod.wtrecom.com/images/products/3/LN_471287_BP_3.jpg,https://www.waitrose.com/ecom/products/tropicana-pure-smooth-orange-juice/471287-565144-565145,Tropicana Pure Smooth Orange Juice,900ml,£2.10,23.3p/100ml,Save 1/3. Was £3.15,Fresh & Chilled
537568,No.1 Wood-fired Mushroom & Truffle Sourdough Pizza,G,false,718,https://ecom-su-static-prod.wtrecom.com/images/products/3/LN_537568_BP_3.jpg,https://www.waitrose.com/ecom/products/no1-wood-fired-mushroom-truffle-sourdough-pizza/537568-702719-702720,No.1 Wood-fired Mushroom & Truffle Sourdough Pizza,440g,£5.95,£13.53/kg,,Fresh & Chilled
054073,Waitrose Cherries,G,false,719,https://ecom-su-static-prod.wtrecom.com/images/products/3/LN_054073_BP_3.jpg,https://www.waitrose.com/ecom/products/waitrose-cherries/054073-27123-27124,Waitrose Cherries,600g,£5.00,£8.34/kg,,Fresh & Chilled
655081,Essential Low Fat Natural Greek Style Yogurt,G,false,720,https://ecom-su-static-prod.wtrecom.com/images/products/3/LN_655081_BP_3.jpg,https://www.waitrose.com/ecom/products/essential-low-fat-natural-greek-style-yogurt/655081-138559-138560,Essential Low Fat Natural Greek Style Yogurt,500g,£1.10,22p/100g,,Fresh & Chilled
053135,Essential Low Fat Natural Yogurt,G,false,721,https://ecom-su-static-prod.wtrecom.com/images/products/3/LN_053135_BP_3.jpg,https://www.waitrose.com/ecom/products/essential-low-fat-natural-yogurt/053135-26523-26524,Essential Low Fat Natural Yogurt,500g,90p,18p/100g,,Fresh & Chilled
072502,Waitrose Edamame Bean salad,G,false,722,https://ecom-su-static-prod.wtrecom.com/images/products/3/LN_072502_BP_3.jpg,https://www.waitrose.com/ecom/products/waitrose-edamame-bean-salad/072502-36798-36799,Waitrose Edamame Bean salad,190g,£2.50,£1.32/100g,,Fresh & Chilled
088113,Essential Home Ripening Plums,G,false,723,https://ecom-su-static-prod.wtrecom.com/images/products/3/LN_088113_BP_3.jpg,https://www.waitrose.com/ecom/products/essential-home-ripening-plums/088113-45099-45100,Essential Home Ripening Plums,400g,£1.40,£3.50/kg,,Fresh & Chilled
048440,Tenderstem Broccoli Tips,G,false,724,https://ecom-su-static-prod.wtrecom.com/images/products/3/LN_048440_BP_3.jpg,https://www.waitrose.com/ecom/products/tenderstem-broccoli-tips/048440-24030-24031,Tenderstem Broccoli Tips,125g,£1.25,£10/kg,,Fresh & Chilled
489645,Waitrose Lemon Tart,G,false,725,https://ecom-su-static-prod.wtrecom.com/images/products/3/LN_489645_BP_3.jpg,https://www.waitrose.com/ecom/products/waitrose-lemon-tart/489645-209366-209367,Waitrose Lemon Tart,300g,£3.75,£1.25/100g,,Fresh & Chilled
062460,Saint Agur Blue Cheese,G,true,726,https://ecom-su-static-prod.wtrecom.com/images/products/3/LN_062460_BP_3.jpg,https://www.waitrose.com/ecom/products/saint-agur-blue-cheese/062460-31723-31724,Saint Agur Blue Cheese,150g,£2.32,£15.47/kg,25% Off. Was £3.10,Fresh & Chilled
002370,Waitrose Biscuits For Cheese,G,false,727,https://ecom-su-static-prod.wtrecom.com/images/products/3/LN_002370_BP_3.jpg,https://www.waitrose.com/ecom/products/waitrose-biscuits-for-cheese/002370-774-775,Waitrose Biscuits For Cheese,300g,£2.25,75p/100g,,Fresh & Chilled
088414,essential Waitrose Loose Clementines/Mandarins,G,false,728,https://ecom-su-static-prod.wtrecom.com/images/products/3/LN_088414_BP_3.jpg,https://www.waitrose.com/ecom/products/essential-waitrose-loose-clementines-mandarins/088414-45365-45366,essential Waitrose Loose Clementines/Mandarins,Typical weight 0.11kg,32p each est.,£2.97/kg,,Fresh & Chilled
898043,Waitrose Parmigiano Reggiano DOP Parmesan Cheese Strength 6,G,false,729,https://ecom-su-static-prod.wtrecom.com/images/products/3/LN_898043_BP_3.jpg,https://www.waitrose.com/ecom/products/waitrose-parmigiano-reggiano-dop-parmesan-cheese-strength-6/898043-688838-688839,Waitrose Parmigiano Reggiano DOP Parmesan Cheese Strength 6,250g,£5.30,£21.20/kg,,Fresh & Chilled
040262,Essential Mature Grated Cheddar Cheese Strength 4,G,false,730,https://ecom-su-static-prod.wtrecom.com/images/products/3/LN_040262_BP_3.jpg,https://www.waitrose.com/ecom/products/essential-mature-grated-cheddar-cheese-strength-4/040262-19921-19922,Essential Mature Grated Cheddar Cheese Strength 4,250g,£2.80,£11.20/kg,,Fresh & Chilled
831533,Waitrose Greek Conservolia & Kalamata Olives with Feta,G,true,731,https://ecom-su-static-prod.wtrecom.com/images/products/3/LN_831533_BP_3.jpg,https://www.waitrose.com/ecom/products/waitrose-greek-conservolia-kalamata-olives-with-feta/831533-202483-202484,Waitrose Greek Conservolia & Kalamata Olives with Feta,145g,£3.75,£2.59/100g,Add 2 for £5.50,Fresh & Chilled
085478,Waitrose Mixed Vegetables Selection,G,true,732,https://ecom-su-static-prod.wtrecom.com/images/products/3/LN_085478_BP_3.jpg,https://www.waitrose.com/ecom/products/waitrose-mixed-vegetables-selection/085478-43544-43545,Waitrose Mixed Vegetables Selection,190g,£2.20,£11.58/kg,Add 2 for £3.50,Fresh & Chilled
413911,Clarence Court Old Cotswold Legbar Large,G,false,733,https://ecom-su-static-prod.wtrecom.com/images/products/3/LN_413911_BP_3.jpg,https://www.waitrose.com/ecom/products/clarence-court-old-cotswold-legbar-large/413911-726218-726219,Clarence Court Old Cotswold Legbar Large,6s,£3.50,58.3p each,,Fresh & Chilled
754693,Essential Extra Large Whole Chicken,G,false,734,https://ecom-su-static-prod.wtrecom.com/images/products/3/LN_754693_BP_3.jpg,https://www.waitrose.com/ecom/products/essential-extra-large-whole-chicken/754693-507938-507939,Essential Extra Large Whole Chicken,Typical weight 2.3kg,£6.79 each est.,£2.95/kg,,Fresh & Chilled
478057,No.1 Ultimate Mash,G,true,735,https://ecom-su-static-prod.wtrecom.com/images/products/3/LN_478057_BP_3.jpg,https://www.waitrose.com/ecom/products/no1-ultimate-mash/478057-790895-790896,No.1 Ultimate Mash,450g,£3.50,77.8p/100g,£12 Our Very Best Dine In: Add Main + Side + Starter or Dessert,Fresh & Chilled
890094,Biotiful Gut Health Original Kefir Yogurt,G,false,736,https://ecom-su-static-prod.wtrecom.com/images/products/3/LN_890094_BP_3.jpg,https://www.waitrose.com/ecom/products/biotiful-gut-health-original-kefir-yogurt/890094-811076-811077,Biotiful Gut Health Original Kefir Yogurt,350g,£2.00,57.1p/100g,,Fresh & Chilled
077513,Cooks' Ingredients Unwaxed Lemons,G,true,737,https://ecom-su-static-prod.wtrecom.com/images/products/3/LN_077513_BP_3.jpg,https://www.waitrose.com/ecom/products/cooks-ingredients-unwaxed-lemons/077513-39428-39429,Cooks' Ingredients Unwaxed Lemons,8s,£2.56,32p each,20% Off. Was £3.20,Fresh & Chilled
804043,Waitrose Cheddar Courgette & Pea Crustless Quiche,G,true,738,https://ecom-su-static-prod.wtrecom.com/images/products/3/LN_804043_BP_3.jpg,https://www.waitrose.com/ecom/products/waitrose-cheddar-courgette-pea-crustless-quiche/804043-824600-824601,Waitrose Cheddar Courgette & Pea Crustless Quiche,340g,£3.50,£1.03/100g,Add 2 for £5.50,Fresh & Chilled
059869,Waitrose Walnuts,G,false,739,https://ecom-su-static-prod.wtrecom.com/images/products/3/LN_059869_BP_3.jpg,https://www.waitrose.com/ecom/products/waitrose-walnuts/059869-30231-30232,Waitrose Walnuts,400g,£5.95,£14.88/kg,,Fresh & Chilled
085562,Duchy Organic Cooked Beetroot,G,false,740,https://ecom-su-static-prod.wtrecom.com/images/products/3/LN_085562_BP_3.jpg,https://www.waitrose.com/ecom/products/duchy-organic-cooked-beetroot/085562-43657-43658,Duchy Organic Cooked Beetroot,250g,£1.25,£5/kg,,Fresh & Chilled
884659,Waitrose Pâté de Campagne,G,false,741,https://ecom-su-static-prod.wtrecom.com/images/products/3/LN_884659_BP_3.jpg,https://www.waitrose.com/ecom/products/waitrose-pate-de-campagne/884659-229665-229666,Waitrose Pâté de Campagne,160g,£3.00,£1.88/100g,,Fresh & Chilled
054593,Waitrose Classics Shepherd's Pie for 1,G,true,742,https://ecom-su-static-prod.wtrecom.com/images/products/3/LN_054593_BP_3.jpg,https://www.waitrose.com/ecom/products/waitrose-classics-shepherds-pie-for-1/054593-27451-27452,Waitrose Classics Shepherd's Pie for 1,400g,£3.50,£8.75/kg,Add 2 for £6.50,Fresh & Chilled
053625,Petits Filous Strawberry & Raspberry Kids Yogurts Big Pots,G,false,743,https://ecom-su-static-prod.wtrecom.com/images/products/3/LN_053625_BP_3.jpg,https://www.waitrose.com/ecom/products/petits-filous-strawberry-raspberry-kids-yogurts-big-pots/053625-26870-26870,Petits Filous Strawberry & Raspberry Kids Yogurts Big Pots,4x85g,£2.00,58.8p/100g,,Fresh & Chilled
766458,Essential Italian Mascarpone Cheese Strength 1,G,false,744,https://ecom-su-static-prod.wtrecom.com/images/products/3/LN_766458_BP_3.jpg,https://www.waitrose.com/ecom/products/essential-italian-mascarpone-cheese-strength-1/766458-129802-129803,Essential Italian Mascarpone Cheese Strength 1,250g,£1.90,£7.60/kg,,Fresh & Chilled
085413,Waitrose Baby Courgettes,G,false,745,https://ecom-su-static-prod.wtrecom.com/images/products/3/LN_085413_BP_3.jpg,https://www.waitrose.com/ecom/products/waitrose-baby-courgettes/085413-43450-43451,Waitrose Baby Courgettes,200g,£2.00,£10/kg,,Fresh & Chilled
006206,Waitrose Stonebaked Ham & Pineapple Pizza,G,false,746,https://ecom-su-static-prod.wtrecom.com/images/products/3/LN_006206_BP_3.jpg,https://www.waitrose.com/ecom/products/waitrose-stonebaked-ham-pineapple-pizza/006206-2720-2721,Waitrose Stonebaked Ham & Pineapple Pizza,410g,£4.95,£12.08/kg,,Fresh & Chilled
728453,Duchy Organic Honey Roast Ham,G,false,747,https://ecom-su-static-prod.wtrecom.com/images/products/3/LN_728453_BP_3.jpg,https://www.waitrose.com/ecom/products/duchy-organic-honey-roast-ham/728453-103481-103482,Duchy Organic Honey Roast Ham,90g,£3.75,£4.17/100g,,Fresh & Chilled
092137,Denhay Dry Cured Back Smoked Bacon,G,false,748,https://ecom-su-static-prod.wtrecom.com/images/products/3/LN_092137_BP_3.jpg,https://www.waitrose.com/ecom/products/denhay-dry-cured-back-smoked-bacon/092137-47416-47417,Denhay Dry Cured Back Smoked Bacon,200g,£3.75,£18.75/kg,,Fresh & Chilled
381809,Essential Extra Mature Sliced Cheddar Cheese Strength 6,G,false,749,https://ecom-su-static-prod.wtrecom.com/images/products/3/LN_381809_BP_3.jpg,https://www.waitrose.com/ecom/products/essential-extra-mature-sliced-cheddar-cheese-strength-6/381809-53704-53705,Essential Extra Mature Sliced Cheddar Cheese Strength 6,250g,£2.80,£11.20/kg,,Fresh & Chilled
086104,Cooks' Ingredients Chives,G,false,750,https://ecom-su-static-prod.wtrecom.com/images/products/3/LN_086104_BP_3.jpg,https://www.waitrose.com/ecom/products/cooks-ingredients-chives/086104-43927-43928,Cooks' Ingredients Chives,20g,80p,40p/10g,,Fresh & Chilled
754411,Waitrose Mixed Berries,G,false,751,https://ecom-su-static-prod.wtrecom.com/images/products/3/LN_754411_BP_3.jpg,https://www.waitrose.com/ecom/products/waitrose-mixed-berries/754411-661985-661986,Waitrose Mixed Berries,190g,£3.10,£16.32/kg,,Fresh & Chilled
833000,Waitrose Steak & Ale Pie,G,false,752,https://ecom-su-static-prod.wtrecom.com/images/products/3/LN_833000_BP_3.jpg,https://www.waitrose.com/ecom/products/waitrose-steak-ale-pie/833000-234349-234350,Waitrose Steak & Ale Pie,200g,£2.75,£1.38/100g,,Fresh & Chilled
414961,Bio-tiful Dairy Original Kefir Drink,G,false,753,https://ecom-su-static-prod.wtrecom.com/images/products/3/LN_414961_BP_3.jpg,https://www.waitrose.com/ecom/products/bio-tiful-dairy-original-kefir-drink/414961-743636-743637,Bio-tiful Dairy Original Kefir Drink,1litre,£3.70,37p/100ml,,Fresh & Chilled
763716,Waitrose Hot Smoked Salmon Fillets with Sweet Chilli,G,false,754,https://ecom-su-static-prod.wtrecom.com/images/products/3/LN_763716_BP_3.jpg,https://www.waitrose.com/ecom/products/waitrose-hot-smoked-salmon-fillets-with-sweet-chilli/763716-538901-538902,Waitrose Hot Smoked Salmon Fillets with Sweet Chilli,160g,£6.95,£4.35/100g,,Fresh & Chilled
057284,New Covent Garden Classic Chicken Soup,G,false,755,https://ecom-su-static-prod.wtrecom.com/images/products/3/LN_057284_BP_3.jpg,https://www.waitrose.com/ecom/products/new-covent-garden-classic-chicken-soup/057284-28823-28824,New Covent Garden Classic Chicken Soup,560g,£2.35,42p/100g,,Fresh & Chilled
661559,No.1 British Woodland Mushrooms,G,false,756,https://ecom-su-static-prod.wtrecom.com/images/products/3/LN_661559_BP_3.jpg,https://www.waitrose.com/ecom/products/no1-british-woodland-mushrooms/661559-281807-281808,No.1 British Woodland Mushrooms,200g,£2.65,£13.25/kg,,Fresh & Chilled
665293,No.1 Free Range Applewood Smoked Turkey,G,false,757,https://ecom-su-static-prod.wtrecom.com/images/products/3/LN_665293_BP_3.jpg,https://www.waitrose.com/ecom/products/no1-free-range-applewood-smoked-turkey/665293-575690-575691,No.1 Free Range Applewood Smoked Turkey,80g,£4.00,£5/100g,,Fresh & Chilled
041849,Waitrose Yorkshire Wensleydale Cheese with Cranberry Strength 2,G,true,758,https://ecom-su-static-prod.wtrecom.com/images/products/3/LN_041849_BP_3.jpg,https://www.waitrose.com/ecom/products/waitrose-yorkshire-wensleydale-cheese-with-cranberry-strength-2/041849-20742-20743,Waitrose Yorkshire Wensleydale Cheese with Cranberry Strength 2,200g,£2.90,£14.50/kg,Add 2 for £5,Fresh & Chilled
587102,Cravendale Filtered Fresher for Longer Whole Milk,G,false,759,https://ecom-su-static-prod.wtrecom.com/images/products/3/LN_587102_BP_3.jpg,https://www.waitrose.com/ecom/products/cravendale-filtered-fresher-for-longer-whole-milk/587102-83225-83226,Cravendale Filtered Fresher for Longer Whole Milk,1litre,£1.60,£1.60/litre,,Fresh & Chilled
075894,Waitrose MSC Cantabrian Anchovies,G,true,760,https://ecom-su-static-prod.wtrecom.com/images/products/3/LN_075894_BP_3.jpg,https://www.waitrose.com/ecom/products/waitrose-msc-cantabrian-anchovies/075894-38516-38517,Waitrose MSC Cantabrian Anchovies,145g,£4.00,£2.76/100g,Add 2 for £5.50,Fresh & Chilled
522872,Waitrose Baby Potatoes,G,true,761,https://ecom-su-static-prod.wtrecom.com/images/products/3/LN_522872_BP_3.jpg,https://www.waitrose.com/ecom/products/waitrose-baby-potatoes/522872-131307-131308,Waitrose Baby Potatoes,200g,£1.20,£6/kg,Add 3 for £3,Fresh & Chilled
041810,Le Rustique le Bon Brie Cheese,G,false,762,https://ecom-su-static-prod.wtrecom.com/images/products/3/LN_041810_BP_3.jpg,https://www.waitrose.com/ecom/products/le-rustique-le-bon-brie-cheese/041810-20718-20719,Le Rustique le Bon Brie Cheese,200g,£2.75,£13.75/kg,,Fresh & Chilled
490314,Waitrose Kiwi Fruit,G,true,763,https://ecom-su-static-prod.wtrecom.com/images/products/3/LN_490314_BP_3.jpg,https://www.waitrose.com/ecom/products/waitrose-kiwi-fruit/490314-586468-586469,Waitrose Kiwi Fruit,4s,£2.20,55p each,Add 2 for £4,Fresh & Chilled
017390,Waitrose Green Basil Pesto,G,false,764,https://ecom-su-static-prod.wtrecom.com/images/products/3/LN_017390_BP_3.jpg,https://www.waitrose.com/ecom/products/waitrose-green-basil-pesto/017390-8408-8409,Waitrose Green Basil Pesto,190g,£1.90,£1/100g,,Fresh & Chilled
009152,Essential Mixed Salad,G,false,765,https://ecom-su-static-prod.wtrecom.com/images/products/3/LN_009152_BP_3.jpg,https://www.waitrose.com/ecom/products/essential-mixed-salad/009152-4409-4410,Essential Mixed Salad,265g,£2.65,£1/100g,,Fresh & Chilled
500270,Waitrose Large Onions,G,false,766,https://ecom-su-static-prod.wtrecom.com/images/products/3/LN_500270_BP_3.jpg,https://www.waitrose.com/ecom/products/waitrose-large-onions/500270-575514-575515,Waitrose Large Onions,2s,£1.40,70p each,,Fresh & Chilled
865503,No.1 Aberdeen Angus Beef Topside,G,false,767,https://ecom-su-static-prod.wtrecom.com/images/products/3/LN_865503_BP_3.jpg,https://www.waitrose.com/ecom/products/no1-aberdeen-angus-beef-topside/865503-575906-575907,No.1 Aberdeen Angus Beef Topside,80g,£4.00,£5/100g,,Fresh & Chilled
073661,Fage Total 0% Fat Free Natural Greek Yogurt Small,G,false,768,https://ecom-su-static-prod.wtrecom.com/images/products/3/LN_073661_BP_3.jpg,https://www.waitrose.com/ecom/products/fage-total-0-fat-free-natural-greek-yogurt-small/073661-37368-37369,Fage Total 0% Fat Free Natural Greek Yogurt Small,150g,£1.60,£1.07/100g,,Fresh & Chilled
759849,No.1 Ultimate Beer Battered Haddock,G,true,769,https://ecom-su-static-prod.wtrecom.com/images/products/3/LN_759849_BP_3.jpg,https://www.waitrose.com/ecom/products/no1-ultimate-beer-battered-haddock/759849-810995-810996,No.1 Ultimate Beer Battered Haddock,614g,£9.75,£15.88/kg,£12 Our Very Best Dine In: Add Main + Side + Starter or Dessert,Fresh & Chilled
859446,Waitrose Pork & Egg Gala Slices,G,true,770,https://ecom-su-static-prod.wtrecom.com/images/products/3/LN_859446_BP_3.jpg,https://www.waitrose.com/ecom/products/waitrose-pork-egg-gala-slices/859446-824616-824617,Waitrose Pork & Egg Gala Slices,250g,£3.50,£1.40/100g,Add 2 for £5.50,Fresh & Chilled
570402,Waitrose French Saucisson Sec,G,true,771,https://ecom-su-static-prod.wtrecom.com/images/products/3/LN_570402_BP_3.jpg,https://www.waitrose.com/ecom/products/waitrose-french-saucisson-sec/570402-486543-486544,Waitrose French Saucisson Sec,70g,£3.75,£5.36/100g,Add 2 for £5.50,Fresh & Chilled
035886,Waitrose Perfectly Ripe Green Williams Pears,G,false,772,https://ecom-su-static-prod.wtrecom.com/images/products/3/LN_035886_BP_3.jpg,https://www.waitrose.com/ecom/products/waitrose-perfectly-ripe-green-williams-pears/035886-18030-18031,Waitrose Perfectly Ripe Green Williams Pears,4s,£3.55,88.8p each,,Fresh & Chilled
592293,Waitrose 3 Strawberry Trifles,G,false,773,https://ecom-su-static-prod.wtrecom.com/images/products/3/LN_592293_BP_3.jpg,https://www.waitrose.com/ecom/products/waitrose-3-strawberry-trifles/592293-825113-825114,Waitrose 3 Strawberry Trifles,3x135g,£3.00,74.1p/100g,,Fresh & Chilled
892260,Yakult Original Fat Free Yogurt Drinks,G,false,774,https://ecom-su-static-prod.wtrecom.com/images/products/3/LN_892260_BP_3.jpg,https://www.waitrose.com/ecom/products/yakult-original-fat-free-yogurt-drinks/892260-805168-805169,Yakult Original Fat Free Yogurt Drinks,8x65ml,£3.95,76p/100ml,,Fresh & Chilled
014968,Country Life Spreadable Butter Dairy Spread,G,true,775,https://ecom-su-static-prod.wtrecom.com/images/products/3/LN_014968_BP_3.jpg,https://www.waitrose.com/ecom/products/country-life-spreadable-butter-dairy-spread/014968-7183-7184,Country Life Spreadable Butter Dairy Spread,500g,£3.00,£6/kg,save 75p. Was £3.75,Fresh & Chilled
095955,"Muller Corner Strawberry, Peach & Apricot Yogurts",G,false,776,https://ecom-su-static-prod.wtrecom.com/images/products/3/LN_095955_BP_3.jpg,https://www.waitrose.com/ecom/products/muller-corner-strawberry-peach-apricot-yogurts/095955-49142-49142,"Muller Corner Strawberry, Peach & Apricot Yogurts",6x136Each,£4.20,51.5p/100g,,Fresh & Chilled
044948,Cooks' Ingredients Basil,G,false,777,https://ecom-su-static-prod.wtrecom.com/images/products/3/LN_044948_BP_3.jpg,https://www.waitrose.com/ecom/products/cooks-ingredients-basil/044948-22178-22179,Cooks' Ingredients Basil,100g,£1.65,16.5p/10g,,Fresh & Chilled
089853,Muller Corner Milk Chocolate Digestives Yogurt Single,G,true,778,https://ecom-su-static-prod.wtrecom.com/images/products/3/LN_089853_BP_3.jpg,https://www.waitrose.com/ecom/products/muller-corner-milk-chocolate-digestives-yogurt-single/089853-46332-46333,Muller Corner Milk Chocolate Digestives Yogurt Single,124g,95p,76.6p/100g,Add 4 for £2,Fresh & Chilled
086113,Cooks' Ingredients Thyme,G,false,779,https://ecom-su-static-prod.wtrecom.com/images/products/3/LN_086113_BP_3.jpg,https://www.waitrose.com/ecom/products/cooks-ingredients-thyme/086113-43941-43942,Cooks' Ingredients Thyme,20g,80p,40p/10g,,Fresh & Chilled
457622,Waitrose Ricotta Stuffed Cherry Peppers,G,true,780,https://ecom-su-static-prod.wtrecom.com/images/products/3/LN_457622_BP_3.jpg,https://www.waitrose.com/ecom/products/waitrose-ricotta-stuffed-cherry-peppers/457622-274741-274742,Waitrose Ricotta Stuffed Cherry Peppers,135g,£4.00,£2.97/100g,Add 2 for £5.50,Fresh & Chilled
545873,Alpro Soya Chilled No Sugar Dairy Free Milk Alternative,G,false,781,https://ecom-su-static-prod.wtrecom.com/images/products/3/LN_545873_BP_3.jpg,https://www.waitrose.com/ecom/products/alpro-soya-chilled-no-sugar-dairy-free-milk-alternative/545873-77163-77164,Alpro Soya Chilled No Sugar Dairy Free Milk Alternative,1litre,£2.10,£2.10/litre,,Fresh & Chilled
402717,Essential Fat Free Cottage Cheese,G,false,782,https://ecom-su-static-prod.wtrecom.com/images/products/3/LN_402717_BP_3.jpg,https://www.waitrose.com/ecom/products/essential-fat-free-cottage-cheese/402717-324728-324729,Essential Fat Free Cottage Cheese,300g,£1.40,£4.67/kg,,Fresh & Chilled
086459,Waitrose French Breakfast Radish,G,false,783,https://ecom-su-static-prod.wtrecom.com/images/products/3/LN_086459_BP_3.jpg,https://www.waitrose.com/ecom/products/waitrose-french-breakfast-radish/086459-44156-44157,Waitrose French Breakfast Radish,150g,£1.40,£9.34/kg,,Fresh & Chilled
894508,Essential British Turkey Thigh Mince,G,true,784,https://ecom-su-static-prod.wtrecom.com/images/products/3/LN_894508_BP_3.jpg,https://www.waitrose.com/ecom/products/essential-british-turkey-thigh-mince/894508-587088-587089,Essential British Turkey Thigh Mince,500g,£4.50,£9/kg,Add 3 for £12,Fresh & Chilled
011005,Fage Total 0% Fat Free Natural Greek Yogurt,G,true,785,https://ecom-su-static-prod.wtrecom.com/images/products/3/LN_011005_BP_3.jpg,https://www.waitrose.com/ecom/products/fage-total-0-fat-free-natural-greek-yogurt/011005-5448-5449,Fage Total 0% Fat Free Natural Greek Yogurt,450g,£3.00,66.7p/100g,save 70p. Was £3.70,Fresh & Chilled
086224,Cooks' Ingredients Mixed Thai Chillies,G,false,786,https://ecom-su-static-prod.wtrecom.com/images/products/3/LN_086224_BP_3.jpg,https://www.waitrose.com/ecom/products/cooks-ingredients-mixed-thai-chillies/086224-44050-44051,Cooks' Ingredients Mixed Thai Chillies,30g,£1.00,£33.34/kg,,Fresh & Chilled
721720,No.1 Miniature Jersey Potatoes,G,false,787,https://ecom-su-static-prod.wtrecom.com/images/products/3/LN_721720_BP_3.jpg,https://www.waitrose.com/ecom/products/no1-miniature-jersey-potatoes/721720-661937-661938,No.1 Miniature Jersey Potatoes,400g,£2.10,£5.25/kg,,Fresh & Chilled
514486,Waitrose Classics Sausage & Mash for 1,G,true,788,https://ecom-su-static-prod.wtrecom.com/images/products/3/LN_514486_BP_3.jpg,https://www.waitrose.com/ecom/products/waitrose-classics-sausage-mash-for-1/514486-759300-759301,Waitrose Classics Sausage & Mash for 1,430g,£3.50,£8.14/kg,Add 2 for £6.50,Fresh & Chilled
879739,No.1 Chicken And Prawn Paella for 2,G,true,789,https://ecom-su-static-prod.wtrecom.com/images/products/3/LN_879739_BP_3.jpg,https://www.waitrose.com/ecom/products/no1-chicken-and-prawn-paella-for-2/879739-496800-496801,No.1 Chicken And Prawn Paella for 2,800g,£9.95,£12.44/kg,£12 Our Very Best Dine In: Add Main + Side + Starter or Dessert,Fresh & Chilled
001841,Duchy Organic British Beef 4 Burgers,G,false,790,https://ecom-su-static-prod.wtrecom.com/images/products/3/LN_001841_BP_3.jpg,https://www.waitrose.com/ecom/products/duchy-organic-british-beef-4-burgers/001841-434-435,Duchy Organic British Beef 4 Burgers,0.34Kg,£4.95,£14.56/kg,,Fresh & Chilled
067210,Lurpak Spreadable Unsalted Spreadable Butter with Rapeseed Oil,G,false,791,https://ecom-su-static-prod.wtrecom.com/images/products/3/LN_067210_BP_3.jpg,https://www.waitrose.com/ecom/products/lurpak-spreadable-unsalted-spreadable-butter-with-rapeseed-oil/067210-34070-34071,Lurpak Spreadable Unsalted Spreadable Butter with Rapeseed Oil,400g,£3.95,£9.88/kg,,Fresh & Chilled
085305,Duchy Organic Garlic,G,false,792,https://ecom-su-static-prod.wtrecom.com/images/products/3/LN_085305_BP_3.jpg,https://www.waitrose.com/ecom/products/duchy-organic-garlic/085305-43382-43383,Duchy Organic Garlic,3s,£1.15,38.3p each,,Fresh & Chilled
554922,Waitrose 6 Pork Sausages with Pepper & Nutmeg,G,true,793,https://ecom-su-static-prod.wtrecom.com/images/products/3/LN_554922_BP_3.jpg,https://www.waitrose.com/ecom/products/waitrose-6-pork-sausages-with-pepper-nutmeg/554922-78442-78443,Waitrose 6 Pork Sausages with Pepper & Nutmeg,400g,£3.95,£9.88/kg,Add 2 for £5.75,Fresh & Chilled
519316,Essential Reduced Fat Creme Fraiche,G,false,794,https://ecom-su-static-prod.wtrecom.com/images/products/3/LN_519316_BP_3.jpg,https://www.waitrose.com/ecom/products/essential-reduced-fat-creme-fraiche/519316-73433-73434,Essential Reduced Fat Creme Fraiche,300ml,£1.00,33.3p/100ml,,Fresh & Chilled
488937,No.1 2 Morello Cherry & Almond Tarts,G,true,795,https://ecom-su-static-prod.wtrecom.com/images/products/3/LN_488937_BP_3.jpg,https://www.waitrose.com/ecom/products/no1-2-morello-cherry-almond-tarts/488937-810522-810523,No.1 2 Morello Cherry & Almond Tarts,160g,£4.50,£2.82/100g,£12 Our Very Best Dine In: Add Main + Side + Starter or Dessert,Fresh & Chilled
695304,Waitrose Tiramisu,G,true,796,https://ecom-su-static-prod.wtrecom.com/images/products/3/LN_695304_BP_3.jpg,https://www.waitrose.com/ecom/products/waitrose-tiramisu/695304-788958-788959,Waitrose Tiramisu,2x90g,£2.15,£1.20/100g,£8 Chicken Dinner Meal Deal: Add 1 Main & 2 Extras,Fresh & Chilled
058188,Muller Light Smooth Toffee Yogurt Single,G,true,797,https://ecom-su-static-prod.wtrecom.com/images/products/3/LN_058188_BP_3.jpg,https://www.waitrose.com/ecom/products/muller-light-smooth-toffee-yogurt-single/058188-29237-29238,Muller Light Smooth Toffee Yogurt Single,160g,95p,59.4p/100g,Add 4 for £2,Fresh & Chilled
434840,Essential 7 British Roast Ham Slices,G,false,798,https://ecom-su-static-prod.wtrecom.com/images/products/3/LN_434840_BP_3.jpg,https://www.waitrose.com/ecom/products/essential-7-british-roast-ham-slices/434840-724839-724840,Essential 7 British Roast Ham Slices,80g,£1.10,£1.38/100g,,Fresh & Chilled
610264,Waitrose Smoked Haddock Fillets MSC,G,false,799,https://ecom-su-static-prod.wtrecom.com/images/products/3/LN_610264_BP_3.jpg,https://www.waitrose.com/ecom/products/waitrose-smoked-haddock-fillets-msc/610264-525688-525689,Waitrose Smoked Haddock Fillets MSC,240g,£5.75,£23.96/kg,,Fresh & Chilled
474748,No. 1 Strained Natural Greek Yogurt,G,false,800,https://ecom-su-static-prod.wtrecom.com/images/products/3/LN_474748_BP_3.jpg,https://www.waitrose.com/ecom/products/no-1-strained-natural-greek-yogurt/474748-289308-289309,No. 1 Strained Natural Greek Yogurt,200g,£1.40,70p/100g,,Fresh & Chilled
816013,"Essential British Chicken Drumsticks, Skin-on & Bone-in",G,true,801,https://ecom-su-static-prod.wtrecom.com/images/products/3/LN_816013_BP_3.jpg,https://www.waitrose.com/ecom/products/essential-british-chicken-drumsticks-skin-on-bone-in/816013-767772-767773,"Essential British Chicken Drumsticks, Skin-on & Bone-in",1600g,£4.60,£2.88/kg,Add 3 for £12,Fresh & Chilled
449022,Waitrose Mixed Seeds,G,false,802,https://ecom-su-static-prod.wtrecom.com/images/products/3/LN_449022_BP_3.jpg,https://www.waitrose.com/ecom/products/waitrose-mixed-seeds/449022-491915-491916,Waitrose Mixed Seeds,250g,£2.75,£1.10/100g,,Fresh & Chilled
472120,Waitrose Belton Red Leicester Cheese Strength 3,G,true,803,https://ecom-su-static-prod.wtrecom.com/images/products/3/LN_472120_BP_3.jpg,https://www.waitrose.com/ecom/products/waitrose-belton-red-leicester-cheese-strength-3/472120-66575-66576,Waitrose Belton Red Leicester Cheese Strength 3,250g,£2.02,£8.08/kg,25% Off. Was £2.70,Fresh & Chilled
895455,Duchy Organic Natural Greek Style Yogurt,G,false,804,https://ecom-su-static-prod.wtrecom.com/images/products/3/LN_895455_BP_3.jpg,https://www.waitrose.com/ecom/products/duchy-organic-natural-greek-style-yogurt/895455-756255-756256,Duchy Organic Natural Greek Style Yogurt,450g,£1.75,38.9p/100g,,Fresh & Chilled
535449,Waitrose Italian Macaroni Cheese with Bacon for 1,G,true,805,https://ecom-su-static-prod.wtrecom.com/images/products/3/LN_535449_BP_3.jpg,https://www.waitrose.com/ecom/products/waitrose-italian-macaroni-cheese-with-bacon-for-1/535449-661645-661646,Waitrose Italian Macaroni Cheese with Bacon for 1,400g,£3.50,£8.75/kg,Add 2 for £6.50,Fresh & Chilled
044145,Bertolli Olivio Spreadable Butter with Olive Oil,G,true,806,https://ecom-su-static-prod.wtrecom.com/images/products/3/LN_044145_BP_3.jpg,https://www.waitrose.com/ecom/products/bertolli-olivio-spreadable-butter-with-olive-oil/044145-21745-21746,Bertolli Olivio Spreadable Butter with Olive Oil,450g,£2.35,£5.23/kg,save 60p. Was £2.95,Fresh & Chilled
041232,Capricorn Somerset Goats Cheese,G,false,807,https://ecom-su-static-prod.wtrecom.com/images/products/3/LN_041232_BP_3.jpg,https://www.waitrose.com/ecom/products/capricorn-somerset-goats-cheese/041232-20400-20401,Capricorn Somerset Goats Cheese,100g,£2.50,£25/kg,,Fresh & Chilled
096999,Actimel Immunity Blueberry Live Yogurt Drinks,G,false,808,https://ecom-su-static-prod.wtrecom.com/images/products/3/LN_096999_BP_3.jpg,https://www.waitrose.com/ecom/products/actimel-immunity-blueberry-live-yogurt-drinks/096999-49545-49546,Actimel Immunity Blueberry Live Yogurt Drinks,8x100g,£3.95,49.4p/100g,,Fresh & Chilled
508304,Arla Lactofree Lactose Free Skimmed Milk Alternative,G,false,809,https://ecom-su-static-prod.wtrecom.com/images/products/3/LN_508304_BP_3.jpg,https://www.waitrose.com/ecom/products/arla-lactofree-lactose-free-skimmed-milk-alternative/508304-274763-274764,Arla Lactofree Lactose Free Skimmed Milk Alternative,1litre,£1.95,£1.95/litre,,Fresh & Chilled
495822,Duchy Organic Coconut Milk,G,false,810,https://ecom-su-static-prod.wtrecom.com/images/products/3/LN_495822_BP_3.jpg,https://www.waitrose.com/ecom/products/duchy-organic-coconut-milk/495822-747390-747391,Duchy Organic Coconut Milk,400ml,£2.00,£5/litre,,Fresh & Chilled
501386,The Coconut Collab Natural Coconut Yogurt Alternative,G,true,811,https://ecom-su-static-prod.wtrecom.com/images/products/3/LN_501386_BP_3.jpg,https://www.waitrose.com/ecom/products/the-coconut-collab-natural-coconut-yogurt-alternative/501386-405600-405601,The Coconut Collab Natural Coconut Yogurt Alternative,350g,£2.00,57.1p/100g,save 65p. Was £2.65,Fresh & Chilled
882928,Biomel Belgian Dark Chocolate Milk Alternative Shot,G,false,812,https://ecom-su-static-prod.wtrecom.com/images/products/3/LN_882928_BP_3.jpg,https://www.waitrose.com/ecom/products/biomel-belgian-dark-chocolate-milk-alternative-shot/882928-668669-668670,Biomel Belgian Dark Chocolate Milk Alternative Shot,125ml,£1.25,£1/100ml,,Fresh & Chilled
721660,Essential Mature Cheddar Cheese Strength 4 Extra Large,G,false,813,https://ecom-su-static-prod.wtrecom.com/images/products/3/LN_721660_BP_3.jpg,https://www.waitrose.com/ecom/products/essential-mature-cheddar-cheese-strength-4-extra-large/721660-102547-102548,Essential Mature Cheddar Cheese Strength 4 Extra Large,750g,£4.95,£6.60/kg,,Fresh & Chilled
744645,Tropicana Original Orange Juice with Bits Large,G,false,814,https://ecom-su-static-prod.wtrecom.com/images/products/3/LN_744645_BP_3.jpg,https://www.waitrose.com/ecom/products/tropicana-original-orange-juice-with-bits-large/744645-752513-752514,Tropicana Original Orange Juice with Bits Large,1.5litre,£4.20,28p/100ml,,Fresh & Chilled
021518,Waitrose Medjool Dates,G,false,815,https://ecom-su-static-prod.wtrecom.com/images/products/3/LN_021518_BP_3.jpg,https://www.waitrose.com/ecom/products/waitrose-medjool-dates/021518-10512-10513,Waitrose Medjool Dates,400g,£4.60,£11.50/kg,,Fresh & Chilled
426024,Waitrose 2 Chocolate Eclairs,G,false,816,https://ecom-su-static-prod.wtrecom.com/images/products/3/LN_426024_BP_3.jpg,https://www.waitrose.com/ecom/products/waitrose-2-chocolate-eclairs/426024-724955-724956,Waitrose 2 Chocolate Eclairs,2s,£2.00,£1 each,,Fresh & Chilled
481904,Duchy Organic Cypriot Halloumi Cheese Strength 1,G,false,817,https://ecom-su-static-prod.wtrecom.com/images/products/3/LN_481904_BP_3.jpg,https://www.waitrose.com/ecom/products/duchy-organic-cypriot-halloumi-cheese-strength-1/481904-624394-624395,Duchy Organic Cypriot Halloumi Cheese Strength 1,225g,£3.75,£16.67/kg,,Fresh & Chilled
502226,Waitrose Wiltshire Cured Oak Smoked Ham,G,true,818,https://ecom-su-static-prod.wtrecom.com/images/products/3/LN_502226_BP_3.jpg,https://www.waitrose.com/ecom/products/waitrose-wiltshire-cured-oak-smoked-ham/502226-319562-319563,Waitrose Wiltshire Cured Oak Smoked Ham,130g,£3.50,£2.70/100g,Add 2 for £6,Fresh & Chilled
003358,Cooks' Ingredients Diced Pancetta,G,true,819,https://ecom-su-static-prod.wtrecom.com/images/products/3/LN_003358_BP_3.jpg,https://www.waitrose.com/ecom/products/cooks-ingredients-diced-pancetta/003358-1309-1310,Cooks' Ingredients Diced Pancetta,2x77g,£2.56,£1.67/100g,20% Off. Was £3.20,Fresh & Chilled
882435,Kri Kri 10% Fat Authentic Greek Yogurt Large,G,false,820,https://ecom-su-static-prod.wtrecom.com/images/products/3/LN_882435_BP_3.jpg,https://www.waitrose.com/ecom/products/kri-kri-10-fat-authentic-greek-yogurt-large/882435-719987-719988,Kri Kri 10% Fat Authentic Greek Yogurt Large,1kg,£4.40,44p/100g,,Fresh & Chilled
850787,Waitrose British Lamb Mince 20% Fat,G,false,821,https://ecom-su-static-prod.wtrecom.com/images/products/3/LN_850787_BP_3.jpg,https://www.waitrose.com/ecom/products/waitrose-british-lamb-mince-20-fat/850787-806750-806751,Waitrose British Lamb Mince 20% Fat,500g,£6.50,£13/kg,,Fresh & Chilled
863604,No. 1 Cornish Quartz Extra Mature Cheddar Cheese Strength 6,G,false,822,https://ecom-su-static-prod.wtrecom.com/images/products/3/LN_863604_BP_3.jpg,https://www.waitrose.com/ecom/products/no-1-cornish-quartz-extra-mature-cheddar-cheese-strength-6/863604-744115-744116,No. 1 Cornish Quartz Extra Mature Cheddar Cheese Strength 6,200g,£3.35,£16.75/kg,,Fresh & Chilled
024381,Oatly Oat Milk Long Life Organic Original Milk Alternative,G,true,823,https://ecom-su-static-prod.wtrecom.com/images/products/3/LN_024381_BP_3.jpg,https://www.waitrose.com/ecom/products/oatly-oat-milk-long-life-organic-original-milk-alternative/024381-11826-11827,Oatly Oat Milk Long Life Organic Original Milk Alternative,1litre,£1.50,£1.50/litre,save 75p. Was £2.25,Fresh & Chilled
733520,"Essential Carrot, Swede & Potato Mash",G,false,824,https://ecom-su-static-prod.wtrecom.com/images/products/3/LN_733520_BP_3.jpg,https://www.waitrose.com/ecom/products/essential-carrot-swede-potato-mash/733520-677470-677471,"Essential Carrot, Swede & Potato Mash",400g,£1.50,£3.75/kg,,Fresh & Chilled
033310,Essential French Brie Cheese Strength 2,G,false,825,https://ecom-su-static-prod.wtrecom.com/images/products/3/LN_033310_BP_3.jpg,https://www.waitrose.com/ecom/products/essential-french-brie-cheese-strength-2/033310-16543-16544,Essential French Brie Cheese Strength 2,200g,£1.80,£9/kg,,Fresh & Chilled
085714,Duchy Organic White Cup Mushrooms,G,false,826,https://ecom-su-static-prod.wtrecom.com/images/products/3/LN_085714_BP_3.jpg,https://www.waitrose.com/ecom/products/duchy-organic-white-cup-mushrooms/085714-43734-43735,Duchy Organic White Cup Mushrooms,250g,£1.30,£5.20/kg,,Fresh & Chilled
603075,Lancashire Farm Authentic Paneer Soft Cheese,G,false,827,https://ecom-su-static-prod.wtrecom.com/images/products/3/LN_603075_BP_3.jpg,https://www.waitrose.com/ecom/products/lancashire-farm-authentic-paneer-soft-cheese/603075-319592-319593,Lancashire Farm Authentic Paneer Soft Cheese,226g,£2.10,£9.30/kg,,Fresh & Chilled
566149,G's Beetroot,G,false,828,https://ecom-su-static-prod.wtrecom.com/images/products/3/LN_566149_BP_3.jpg,https://www.waitrose.com/ecom/products/gs-beetroot/566149-80208-80209,G's Beetroot,300g,£1.20,£4/kg,,Fresh & Chilled
438276,Alpro Soya Blueberry & Cherry Dairy Free Yogurt Alternative,G,false,829,https://ecom-su-static-prod.wtrecom.com/images/products/3/LN_438276_BP_3.jpg,https://www.waitrose.com/ecom/products/alpro-soya-blueberry-cherry-dairy-free-yogurt-alternative/438276-61684-61684,Alpro Soya Blueberry & Cherry Dairy Free Yogurt Alternative,4x125g,£2.65,53p/100g,,Fresh & Chilled
898318,Waitrose Indian Chicken Tikka Masala & Pilau Rice for 1,G,false,830,https://ecom-su-static-prod.wtrecom.com/images/products/3/LN_898318_BP_3.jpg,https://www.waitrose.com/ecom/products/waitrose-indian-chicken-tikka-masala-pilau-rice-for-1/898318-273596-273597,Waitrose Indian Chicken Tikka Masala & Pilau Rice for 1,400g,£3.95,£9.88/kg,,Fresh & Chilled
870348,Waitrose Long Clawson Stilton Cheese Strength 4 Large,G,true,831,https://ecom-su-static-prod.wtrecom.com/images/products/3/LN_870348_BP_3.jpg,https://www.waitrose.com/ecom/products/waitrose-long-clawson-stilton-cheese-strength-4-large/870348-215267-215268,Waitrose Long Clawson Stilton Cheese Strength 4 Large,227g,£2.43,£10.71/kg,25% Off. Was £3.25,Fresh & Chilled
021355,Waitrose Pressed Apple & Mango Juice,G,false,832,https://ecom-su-static-prod.wtrecom.com/images/products/3/LN_021355_BP_3.jpg,https://www.waitrose.com/ecom/products/waitrose-pressed-apple-mango-juice/021355-10421-10422,Waitrose Pressed Apple & Mango Juice,1litre,£2.10,21p/100ml,,Fresh & Chilled
040260,Essential Medium Grated Cheddar Cheese Strength 3,G,false,833,https://ecom-su-static-prod.wtrecom.com/images/products/3/LN_040260_BP_3.jpg,https://www.waitrose.com/ecom/products/essential-medium-grated-cheddar-cheese-strength-3/040260-19917-19918,Essential Medium Grated Cheddar Cheese Strength 3,250g,£2.80,£11.20/kg,,Fresh & Chilled
029888,Waitrose Roast Chicken Thighs,G,false,834,https://ecom-su-static-prod.wtrecom.com/images/products/3/LN_029888_BP_3.jpg,https://www.waitrose.com/ecom/products/waitrose-roast-chicken-thighs/029888-14577-14578,Waitrose Roast Chicken Thighs,435g,£4.00,92p/100g,,Fresh & Chilled
470010,Waitrose Lentil Noodles,G,true,835,https://ecom-su-static-prod.wtrecom.com/images/products/3/LN_470010_BP_3.jpg,https://www.waitrose.com/ecom/products/waitrose-lentil-noodles/470010-713194-713195,Waitrose Lentil Noodles,275g,£1.50,£5.46/kg,"£7 Stir Fry Meal Deal: Add protein, veg, sauce & rice or noodles",Fresh & Chilled
630359,Essential Medium Cheddar Cheese Strength 3 Large,G,false,836,https://ecom-su-static-prod.wtrecom.com/images/products/3/LN_630359_BP_3.jpg,https://www.waitrose.com/ecom/products/essential-medium-cheddar-cheese-strength-3-large/630359-443786-443787,Essential Medium Cheddar Cheese Strength 3 Large,550g,£3.95,£7.19/kg,,Fresh & Chilled
040926,Cathedral City Mature Mini Lunchbox Snack Cheese,G,true,837,https://ecom-su-static-prod.wtrecom.com/images/products/3/LN_040926_BP_3.jpg,https://www.waitrose.com/ecom/products/cathedral-city-mature-mini-lunchbox-snack-cheese/040926-20218-20219,Cathedral City Mature Mini Lunchbox Snack Cheese,6x20g,£2.20,£18.34/kg,Add 2 for £3.50,Fresh & Chilled
783167,Activia Cherry No Added Sugar Gut Health Yogurt Multipack,G,true,838,https://ecom-su-static-prod.wtrecom.com/images/products/3/LN_783167_BP_3.jpg,https://www.waitrose.com/ecom/products/activia-cherry-no-added-sugar-gut-health-yogurt-multipack/783167-690830-690831,Activia Cherry No Added Sugar Gut Health Yogurt Multipack,4x115g,£1.75,38p/100g,save 90p. Was £2.65,Fresh & Chilled
734328,No.1 Prosciutto di Parma,G,false,839,https://ecom-su-static-prod.wtrecom.com/images/products/3/LN_734328_BP_3.jpg,https://www.waitrose.com/ecom/products/no1-prosciutto-di-parma/734328-166755-166756,No.1 Prosciutto di Parma,90g,£6.45,£7.17/100g,,Fresh & Chilled
049495,President Slightly Salted Spreadable Butter,G,true,840,https://ecom-su-static-prod.wtrecom.com/images/products/3/LN_049495_BP_3.jpg,https://www.waitrose.com/ecom/products/president-slightly-salted-spreadable-butter/049495-24654-24655,President Slightly Salted Spreadable Butter,250g,£2.25,£9/kg,save 50p. Was £2.75,Fresh & Chilled
480213,"Waitrose Classics Chicken, Leek & Spinach Hotpot for 1",G,true,841,https://ecom-su-static-prod.wtrecom.com/images/products/3/LN_480213_BP_3.jpg,https://www.waitrose.com/ecom/products/waitrose-classics-chicken-leek-spinach-hotpot-for-1/480213-759022-759023,"Waitrose Classics Chicken, Leek & Spinach Hotpot for 1",375g,£3.50,£9.34/kg,Add 2 for £6.50,Fresh & Chilled
811697,No.1 Dry Aged Britsh Beef 2 Steak Burgers,G,false,842,https://ecom-su-static-prod.wtrecom.com/images/products/3/LN_811697_BP_3.jpg,https://www.waitrose.com/ecom/products/no1-dry-aged-britsh-beef-2-steak-burgers/811697-691972-691973,No.1 Dry Aged Britsh Beef 2 Steak Burgers,340g,£5.50,£16.18/kg,,Fresh & Chilled
056470,Waitrose Classics Cumberland Pie for 1,G,true,843,https://ecom-su-static-prod.wtrecom.com/images/products/3/LN_056470_BP_3.jpg,https://www.waitrose.com/ecom/products/waitrose-classics-cumberland-pie-for-1/056470-28353-28354,Waitrose Classics Cumberland Pie for 1,400g,£3.50,£8.75/kg,Add 2 for £6.50,Fresh & Chilled
850245,Unearthed Oven Roasted Ham,G,true,844,https://ecom-su-static-prod.wtrecom.com/images/products/3/LN_850245_BP_3.jpg,https://www.waitrose.com/ecom/products/unearthed-oven-roasted-ham/850245-804368-804369,Unearthed Oven Roasted Ham,120g,£3.35,£2.80/100g,Add 2 for £5,Fresh & Chilled
079646,Mixed Romano Peppers,G,false,845,https://ecom-su-static-prod.wtrecom.com/images/products/3/LN_079646_BP_3.jpg,https://www.waitrose.com/ecom/products/mixed-romano-peppers/079646-40527-40528,Mixed Romano Peppers,200g,£2.75,£13.75/kg,,Fresh & Chilled
477443,Essential Extra Mature Cheddar Cheese Strength 6 Large,G,false,846,https://ecom-su-static-prod.wtrecom.com/images/products/3/LN_477443_BP_3.jpg,https://www.waitrose.com/ecom/products/essential-extra-mature-cheddar-cheese-strength-6-large/477443-443702-443703,Essential Extra Mature Cheddar Cheese Strength 6 Large,550g,£3.95,£7.19/kg,,Fresh & Chilled
818636,No.1 Beef Lasagne for 2,G,true,847,https://ecom-su-static-prod.wtrecom.com/images/products/3/LN_818636_BP_3.jpg,https://www.waitrose.com/ecom/products/no1-beef-lasagne-for-2/818636-759206-759207,No.1 Beef Lasagne for 2,800g,£9.50,£11.88/kg,£12 Our Very Best Dine In: Add Main + Side + Starter or Dessert,Fresh & Chilled
612711,No.1 Free Range Corn Fed Chicken Breast Fillets 4,G,false,848,https://ecom-su-static-prod.wtrecom.com/images/products/3/LN_612711_BP_3.jpg,https://www.waitrose.com/ecom/products/no1-free-range-corn-fed-chicken-breast-fillets-4/612711-661767-661768,No.1 Free Range Corn Fed Chicken Breast Fillets 4,Typical weight 0.6kg,£11.97 each est.,£19.95/kg,,Fresh & Chilled
868914,Easy To Cook Salmon en Croutes & Watercress,G,false,849,https://ecom-su-static-prod.wtrecom.com/images/products/3/LN_868914_BP_3.jpg,https://www.waitrose.com/ecom/products/easy-to-cook-salmon-en-croutes-watercress/868914-542380-542381,Easy To Cook Salmon en Croutes & Watercress,350g,£6.50,£18.58/kg,,Fresh & Chilled
044128,Stork Baking Alternative to Butter Dairy Spread,G,false,850,https://ecom-su-static-prod.wtrecom.com/images/products/3/LN_044128_BP_3.jpg,https://www.waitrose.com/ecom/products/stork-baking-alternative-to-butter-dairy-spread/044128-21729-21730,Stork Baking Alternative to Butter Dairy Spread,500g,£1.75,£3.50/kg,,Fresh & Chilled
063388,"Duchy Organic Chicken Thighs, Skin-on & Bone-in",G,false,851,https://ecom-su-static-prod.wtrecom.com/images/products/3/LN_063388_BP_3.jpg,https://www.waitrose.com/ecom/products/duchy-organic-chicken-thighs-skin-on-bone-in/063388-32185-32186,"Duchy Organic Chicken Thighs, Skin-on & Bone-in",Typical weight 0.61kg,£7.17 each est.,£11.75/kg,,Fresh & Chilled
652224,Waitrose Blush Pears,G,false,852,https://ecom-su-static-prod.wtrecom.com/images/products/3/LN_652224_BP_3.jpg,https://www.waitrose.com/ecom/products/waitrose-blush-pears/652224-459790-459791,Waitrose Blush Pears,4s,£2.25,56.3p each,,Fresh & Chilled
041215,Galbani Italian Mini Mozzarella Cheese,G,false,853,https://ecom-su-static-prod.wtrecom.com/images/products/3/LN_041215_BP_3.jpg,https://www.waitrose.com/ecom/products/galbani-italian-mini-mozzarella-cheese/041215-20382-20383,Galbani Italian Mini Mozzarella Cheese,drained 150g,£2.80,£18.67/kg,,Fresh & Chilled
521800,Duchy Organic Tenderstem Broccoli,G,false,854,https://ecom-su-static-prod.wtrecom.com/images/products/3/LN_521800_BP_3.jpg,https://www.waitrose.com/ecom/products/duchy-organic-tenderstem-broccoli/521800-73782-73783,Duchy Organic Tenderstem Broccoli,200g,£2.65,£13.25/kg,,Fresh & Chilled
750282,Duchy Organic Finely Sliced Roast Ham,G,false,855,https://ecom-su-static-prod.wtrecom.com/images/products/3/LN_750282_BP_3.jpg,https://www.waitrose.com/ecom/products/duchy-organic-finely-sliced-roast-ham/750282-752515-752516,Duchy Organic Finely Sliced Roast Ham,90g,£3.75,£4.17/100g,,Fresh & Chilled
855506,Jus-Rol All Butter Puff Pastry Sheet,G,false,856,https://ecom-su-static-prod.wtrecom.com/images/products/3/LN_855506_BP_3.jpg,https://www.waitrose.com/ecom/products/jus-rol-all-butter-puff-pastry-sheet/855506-151997-151998,Jus-Rol All Butter Puff Pastry Sheet,320g,£2.50,£7.82/kg,,Fresh & Chilled
487205,Activia Peach No Added Sugar Gut Health Yogurt Multipack,G,true,857,https://ecom-su-static-prod.wtrecom.com/images/products/3/LN_487205_BP_3.jpg,https://www.waitrose.com/ecom/products/activia-peach-no-added-sugar-gut-health-yogurt-multipack/487205-690782-690783,Activia Peach No Added Sugar Gut Health Yogurt Multipack,4x115g,£1.75,38p/100g,save 90p. Was £2.65,Fresh & Chilled
652858,Essential Lighter Italian Mozzarella Cheese Strength 1,G,false,858,https://ecom-su-static-prod.wtrecom.com/images/products/3/LN_652858_BP_3.jpg,https://www.waitrose.com/ecom/products/essential-lighter-italian-mozzarella-cheese-strength-1/652858-129728-129729,Essential Lighter Italian Mozzarella Cheese Strength 1,drained 125g,90p,£7.20/kg,,Fresh & Chilled
063194,Waitrose Mashed Potato,G,false,859,https://ecom-su-static-prod.wtrecom.com/images/products/3/LN_063194_BP_3.jpg,https://www.waitrose.com/ecom/products/waitrose-mashed-potato/063194-32091-32092,Waitrose Mashed Potato,450g,£2.60,£5.78/kg,,Fresh & Chilled
802374,Essential Tomato and Mascarpone Sauce,G,false,860,https://ecom-su-static-prod.wtrecom.com/images/products/3/LN_802374_BP_3.jpg,https://www.waitrose.com/ecom/products/essential-tomato-and-mascarpone-sauce/802374-211776-211777,Essential Tomato and Mascarpone Sauce,350g,£1.95,55.7p/100g,,Fresh & Chilled
893300,"Deliciously Ella Gluten Free & Vegan Apple, Raisin Oat Bars",G,false,861,https://ecom-su-static-prod.wtrecom.com/images/products/3/LN_893300_BP_3.jpg,https://www.waitrose.com/ecom/products/deliciously-ella-gluten-free-vegan-apple-raisin-oat-bars/893300-695286-695287,"Deliciously Ella Gluten Free & Vegan Apple, Raisin Oat Bars",3x50g,£2.80,£1.87/100g,,Fresh & Chilled
757112,Waitrose Mixed Pepper Stir Fry,G,true,862,https://ecom-su-static-prod.wtrecom.com/images/products/3/LN_757112_BP_3.jpg,https://www.waitrose.com/ecom/products/waitrose-mixed-pepper-stir-fry/757112-107711-107712,Waitrose Mixed Pepper Stir Fry,300g,£1.60,£5.34/kg,"£7 Stir Fry Meal Deal: Add protein, veg, sauce & rice or noodles",Fresh & Chilled
592076,Copella Cloudy Apple Juice Large,G,false,863,https://ecom-su-static-prod.wtrecom.com/images/products/3/LN_592076_BP_3.jpg,https://www.waitrose.com/ecom/products/copella-cloudy-apple-juice-large/592076-668631-668632,Copella Cloudy Apple Juice Large,1.35litre,£3.65,27p/100ml,,Fresh & Chilled
552505,Waitrose Classics Chilli Con Carne for 1,G,true,864,https://ecom-su-static-prod.wtrecom.com/images/products/3/LN_552505_BP_3.jpg,https://www.waitrose.com/ecom/products/waitrose-classics-chilli-con-carne-for-1/552505-759367-759368,Waitrose Classics Chilli Con Carne for 1,450g,£3.50,£7.78/kg,Add 2 for £6.50,Fresh & Chilled
611491,Waitrose 6 Chunky Haddock Fish Fingers,G,true,865,https://ecom-su-static-prod.wtrecom.com/images/products/3/LN_611491_BP_3.jpg,https://www.waitrose.com/ecom/products/waitrose-6-chunky-haddock-fish-fingers/611491-757111-757112,Waitrose 6 Chunky Haddock Fish Fingers,340g,£5.75,£16.92/kg,Add 3 for £12,Fresh & Chilled
720515,Waitrose Vegetarian Halloumi Fries,G,false,866,https://ecom-su-static-prod.wtrecom.com/images/products/3/LN_720515_BP_3.jpg,https://www.waitrose.com/ecom/products/waitrose-vegetarian-halloumi-fries/720515-823152-823153,Waitrose Vegetarian Halloumi Fries,200g,£4.00,£20/kg,,Fresh & Chilled
078030,Cooks' Ingredients Green Chillies,G,false,867,https://ecom-su-static-prod.wtrecom.com/images/products/3/LN_078030_BP_3.jpg,https://www.waitrose.com/ecom/products/cooks-ingredients-green-chillies/078030-39701-39702,Cooks' Ingredients Green Chillies,50g,65p,£1.30/100g,,Fresh & Chilled
010343,Duchy Organic Skimmed Milk 4 pints,G,false,868,https://ecom-su-static-prod.wtrecom.com/images/products/3/LN_010343_BP_3.jpg,https://www.waitrose.com/ecom/products/duchy-organic-skimmed-milk-4-pints/010343-5164-5165,Duchy Organic Skimmed Milk 4 pints,2.272litre,£2.25,99p/litre,,Fresh & Chilled
048879,Essential Reduced Fat Houmous,G,false,869,https://ecom-su-static-prod.wtrecom.com/images/products/3/LN_048879_BP_3.jpg,https://www.waitrose.com/ecom/products/essential-reduced-fat-houmous/048879-24324-24325,Essential Reduced Fat Houmous,200g,£1.45,72.5p/100g,,Fresh & Chilled
024905,Flora ProActiv Light Spreadable Butter,G,false,870,https://ecom-su-static-prod.wtrecom.com/images/products/3/LN_024905_BP_3.jpg,https://www.waitrose.com/ecom/products/flora-proactiv-light-spreadable-butter/024905-12068-12069,Flora ProActiv Light Spreadable Butter,450g,£4.75,£10.56/kg,,Fresh & Chilled
567131,Yeo Valley Mango & Passionfruit Organic Kefir Yogurt,G,false,871,https://ecom-su-static-prod.wtrecom.com/images/products/3/LN_567131_BP_3.jpg,https://www.waitrose.com/ecom/products/yeo-valley-mango-passionfruit-organic-kefir-yogurt/567131-673601-673602,Yeo Valley Mango & Passionfruit Organic Kefir Yogurt,350g,£2.10,60p/100g,,Fresh & Chilled
062241,Waitrose Mixed Nuts,G,false,872,https://ecom-su-static-prod.wtrecom.com/images/products/3/LN_062241_BP_3.jpg,https://www.waitrose.com/ecom/products/waitrose-mixed-nuts/062241-31581-31582,Waitrose Mixed Nuts,400g,£6.00,£15/kg,,Fresh & Chilled
007937,Maldon Sea Salt Flakes,G,false,873,https://ecom-su-static-prod.wtrecom.com/images/products/3/LN_007937_BP_3.jpg,https://www.waitrose.com/ecom/products/maldon-sea-salt-flakes/007937-3779-3780,Maldon Sea Salt Flakes,250g,£2.65,£10.60/kg,,Fresh & Chilled
660733,Waitrose Italian Spaghetti Carbonara for 1,G,true,874,https://ecom-su-static-prod.wtrecom.com/images/products/3/LN_660733_BP_3.jpg,https://www.waitrose.com/ecom/products/waitrose-italian-spaghetti-carbonara-for-1/660733-93818-93819,Waitrose Italian Spaghetti Carbonara for 1,400g,£3.50,£8.75/kg,Add 2 for £6.50,Fresh & Chilled
068436,Waitrose Semi Skimmed Goats Milk,G,false,875,https://ecom-su-static-prod.wtrecom.com/images/products/3/LN_068436_BP_3.jpg,https://www.waitrose.com/ecom/products/waitrose-semi-skimmed-goats-milk/068436-34739-34740,Waitrose Semi Skimmed Goats Milk,1litre,£2.25,£2.25/litre,,Fresh & Chilled
770922,Waitrose Singapore Rice Noodles,G,true,876,https://ecom-su-static-prod.wtrecom.com/images/products/3/LN_770922_BP_3.jpg,https://www.waitrose.com/ecom/products/waitrose-singapore-rice-noodles/770922-745854-745855,Waitrose Singapore Rice Noodles,275g,£1.50,£5.46/kg,"£7 Stir Fry Meal Deal: Add protein, veg, sauce & rice or noodles",Fresh & Chilled
041422,Philadelphia Light Soft Cheese,G,true,877,https://ecom-su-static-prod.wtrecom.com/images/products/3/LN_041422_BP_3.jpg,https://www.waitrose.com/ecom/products/philadelphia-light-soft-cheese/041422-20510-20511,Philadelphia Light Soft Cheese,165g,£1.72,£10.43/kg,25% Off. Was £2.30,Fresh & Chilled
578962,Waitrose Stonebaked Vegetable Antipasti Pizza,G,false,878,https://ecom-su-static-prod.wtrecom.com/images/products/3/LN_578962_BP_3.jpg,https://www.waitrose.com/ecom/products/waitrose-stonebaked-vegetable-antipasti-pizza/578962-745093-745094,Waitrose Stonebaked Vegetable Antipasti Pizza,406g,£4.95,£12.20/kg,,Fresh & Chilled
067332,Waitrose Cooked Tikka Chicken Pieces,G,true,879,https://ecom-su-static-prod.wtrecom.com/images/products/3/LN_067332_BP_3.jpg,https://www.waitrose.com/ecom/products/waitrose-cooked-tikka-chicken-pieces/067332-34153-34154,Waitrose Cooked Tikka Chicken Pieces,120g,£3.25,£2.71/100g,Add 2 for £5.50,Fresh & Chilled
834832,Higgidy Smoked Bacon & Mature Cheddar Quiche,G,false,880,https://ecom-su-static-prod.wtrecom.com/images/products/3/LN_834832_BP_3.jpg,https://www.waitrose.com/ecom/products/higgidy-smoked-bacon-mature-cheddar-quiche/834832-687533-687534,Higgidy Smoked Bacon & Mature Cheddar Quiche,400g,£4.85,£1.22/100g,,Fresh & Chilled
417863,Waitrose Brussels Pate,G,false,881,https://ecom-su-static-prod.wtrecom.com/images/products/3/LN_417863_BP_3.jpg,https://www.waitrose.com/ecom/products/waitrose-brussels-pate/417863-815478-815479,Waitrose Brussels Pate,170g,£2.20,£1.30/100g,,Fresh & Chilled
068091,Essential Chicken Breast Fillets,G,false,882,https://ecom-su-static-prod.wtrecom.com/images/products/3/LN_068091_BP_3.jpg,https://www.waitrose.com/ecom/products/essential-chicken-breast-fillets/068091-34551-34552,Essential Chicken Breast Fillets,1Kg,£9.50,£9.50/kg,,Fresh & Chilled
562913,Waitrose Pomegranate,G,false,883,https://ecom-su-static-prod.wtrecom.com/images/products/3/LN_562913_BP_3.jpg,https://www.waitrose.com/ecom/products/waitrose-pomegranate/562913-698024-698025,Waitrose Pomegranate,350g,£3.95,£1.13/100g,,Fresh & Chilled
090630,Essential British Pork Mince 8% Fat,G,false,884,https://ecom-su-static-prod.wtrecom.com/images/products/3/LN_090630_BP_3.jpg,https://www.waitrose.com/ecom/products/essential-british-pork-mince-8-fat/090630-46685-46686,Essential British Pork Mince 8% Fat,500g,£2.75,£5.50/kg,,Fresh & Chilled
093238,"No.1 Free Range Corn Fed Chicken Thighs, Skin-on & Bone-in",G,false,885,https://ecom-su-static-prod.wtrecom.com/images/products/3/LN_093238_BP_3.jpg,https://www.waitrose.com/ecom/products/no1-free-range-corn-fed-chicken-thighs-skin-on-bone-in/093238-47898-47899,"No.1 Free Range Corn Fed Chicken Thighs, Skin-on & Bone-in",Typical weight 0.58kg,£4.50 each est.,£7.75/kg,,Fresh & Chilled
034533,Hellmann's Real Mayonnaise,G,false,886,https://ecom-su-static-prod.wtrecom.com/images/products/3/LN_034533_BP_3.jpg,https://www.waitrose.com/ecom/products/hellmanns-real-mayonnaise/034533-17339-17340,Hellmann's Real Mayonnaise,400g,£3.00,75p/100g,,Fresh & Chilled
797956,Waitrose Coleslaw & Potato Salad Twin Pot,G,false,887,https://ecom-su-static-prod.wtrecom.com/images/products/3/LN_797956_BP_3.jpg,https://www.waitrose.com/ecom/products/waitrose-coleslaw-potato-salad-twin-pot/797956-581505-581505,Waitrose Coleslaw & Potato Salad Twin Pot,445g,£2.50,56.2p/100g,,Fresh & Chilled
658308,Waitrose Roast Chicken Breast Fillets 4,G,false,888,https://ecom-su-static-prod.wtrecom.com/images/products/3/LN_658308_BP_3.jpg,https://www.waitrose.com/ecom/products/waitrose-roast-chicken-breast-fillets-4/658308-93481-93482,Waitrose Roast Chicken Breast Fillets 4,Typical weight 440g,£7.81 each est.,£1.78/100g,,Fresh & Chilled
662944,No.1 Beef Bourguignon,G,true,889,https://ecom-su-static-prod.wtrecom.com/images/products/3/LN_662944_BP_3.jpg,https://www.waitrose.com/ecom/products/no1-beef-bourguignon/662944-759120-759121,No.1 Beef Bourguignon,650g,£9.95,£15.31/kg,£12 Our Very Best Dine In: Add Main + Side + Starter or Dessert,Fresh & Chilled
847785,No. 1 Mozzarella Di Bufala Campana DOP Italian Mozzarella Cheese Strength 2,G,false,890,https://ecom-su-static-prod.wtrecom.com/images/products/3/LN_847785_BP_3.jpg,https://www.waitrose.com/ecom/products/no-1-mozzarella-di-bufala-campana-dop-italian-mozzarella-cheese-strength-2/847785-769274-769275,No. 1 Mozzarella Di Bufala Campana DOP Italian Mozzarella Cheese Strength 2,drained 125g,£3.00,£24/kg,,Fresh & Chilled
848526,Waitrose Greek Kalamata Olives,G,true,891,https://ecom-su-static-prod.wtrecom.com/images/products/3/LN_848526_BP_3.jpg,https://www.waitrose.com/ecom/products/waitrose-greek-kalamata-olives/848526-676376-676377,Waitrose Greek Kalamata Olives,145g,£3.75,£2.59/100g,Add 2 for £5.50,Fresh & Chilled
542940,Waitrose Garlic & Chilli King Prawns,G,true,892,https://ecom-su-static-prod.wtrecom.com/images/products/3/LN_542940_BP_3.jpg,https://www.waitrose.com/ecom/products/waitrose-garlic-chilli-king-prawns/542940-724869-724870,Waitrose Garlic & Chilli King Prawns,130g,£4.00,£3.08/100g,Add 2 for £5.50,Fresh & Chilled
898437,Waitrose Ardennes Pate,G,false,893,https://ecom-su-static-prod.wtrecom.com/images/products/3/LN_898437_BP_3.jpg,https://www.waitrose.com/ecom/products/waitrose-ardennes-pate/898437-815594-815595,Waitrose Ardennes Pate,170g,£2.20,£1.30/100g,,Fresh & Chilled
053715,"Yoplait Frubes Strawberry, Red Berry & Peach Kids Yogurts",G,true,894,https://ecom-su-static-prod.wtrecom.com/images/products/3/LN_053715_BP_3.jpg,https://www.waitrose.com/ecom/products/yoplait-frubes-strawberry-red-berry-peach-kids-yogurts/053715-26935-26936,"Yoplait Frubes Strawberry, Red Berry & Peach Kids Yogurts",9x37g,£2.35,70.6p/100g,Add 2 for £4,Fresh & Chilled
764664,Waitrose Sweet & Tender Stir Fry,G,true,895,https://ecom-su-static-prod.wtrecom.com/images/products/3/LN_764664_BP_3.jpg,https://www.waitrose.com/ecom/products/waitrose-sweet-tender-stir-fry/764664-746395-746396,Waitrose Sweet & Tender Stir Fry,210g,£2.50,£1.20/100g,"£7 Stir Fry Meal Deal: Add protein, veg, sauce & rice or noodles",Fresh & Chilled
519928,Essential Breaded Chicken Breast Goujons,G,false,896,https://ecom-su-static-prod.wtrecom.com/images/products/3/LN_519928_BP_3.jpg,https://www.waitrose.com/ecom/products/essential-breaded-chicken-breast-goujons/519928-451610-451611,Essential Breaded Chicken Breast Goujons,270g,£2.50,£9.26/kg,,Fresh & Chilled
039425,Waitrose Full Cream Goats Milk,G,false,897,https://ecom-su-static-prod.wtrecom.com/images/products/3/LN_039425_BP_3.jpg,https://www.waitrose.com/ecom/products/waitrose-full-cream-goats-milk/039425-19537-19538,Waitrose Full Cream Goats Milk,1litre,£2.25,£2.25/litre,,Fresh & Chilled
088112,Essential Loose Plums,G,false,898,https://ecom-su-static-prod.wtrecom.com/images/products/3/LN_088112_BP_3.jpg,https://www.waitrose.com/ecom/products/essential-loose-plums/088112-45097-45098,Essential Loose Plums,Typical weight 0.09kg,37p each est.,£4.00/kg,,Fresh & Chilled
600381,Waitrose British Native Breed Beef Ribeye Steak,G,false,899,https://ecom-su-static-prod.wtrecom.com/images/products/3/LN_600381_BP_3.jpg,https://www.waitrose.com/ecom/products/waitrose-british-native-breed-beef-ribeye-steak/600381-676920-676921,Waitrose British Native Breed Beef Ribeye Steak,Typical weight 0.21kg,£5.64 each est.,£26.86/kg,,Fresh & Chilled
823397,Waitrose Fruity Coleslaw,G,false,900,https://ecom-su-static-prod.wtrecom.com/images/products/3/LN_823397_BP_3.jpg,https://www.waitrose.com/ecom/products/waitrose-fruity-coleslaw/823397-177406-177407,Waitrose Fruity Coleslaw,270g,£2.25,83.3p/100g,,Fresh & Chilled
864671,Minor Figures Oat Barista Dairy Free Standard Milk Alternative,G,false,901,https://ecom-su-static-prod.wtrecom.com/images/products/3/LN_864671_BP_3.jpg,https://www.waitrose.com/ecom/products/minor-figures-oat-barista-dairy-free-standard-milk-alternative/864671-731725-731726,Minor Figures Oat Barista Dairy Free Standard Milk Alternative,1litre,£2.10,£2.10/litre,,Fresh & Chilled
849898,Waitrose Spanish Manzanilla Olives & Manchego,G,true,902,https://ecom-su-static-prod.wtrecom.com/images/products/3/LN_849898_BP_3.jpg,https://www.waitrose.com/ecom/products/waitrose-spanish-manzanilla-olives-manchego/849898-202499-202500,Waitrose Spanish Manzanilla Olives & Manchego,150g,£3.75,£2.50/100g,Add 2 for £5.50,Fresh & Chilled
828027,Essential Seafood Sticks,G,false,903,https://ecom-su-static-prod.wtrecom.com/images/products/3/LN_828027_BP_3.jpg,https://www.waitrose.com/ecom/products/essential-seafood-sticks/828027-162221-162222,Essential Seafood Sticks,250g,£1.25,50p/100g,,Fresh & Chilled
604230,"Waitrose 4 Pork, Tomato & Mozzarella Kebabs",G,true,904,https://ecom-su-static-prod.wtrecom.com/images/products/3/LN_604230_BP_3.jpg,https://www.waitrose.com/ecom/products/waitrose-4-pork-tomato-mozzarella-kebabs/604230-779929-779930,"Waitrose 4 Pork, Tomato & Mozzarella Kebabs",300g,£4.25,£14.17/kg,Add 3 for £12,Fresh & Chilled
463899,Bonne Maman Blueberry Yogurt,G,false,905,https://ecom-su-static-prod.wtrecom.com/images/products/3/LN_463899_BP_3.jpg,https://www.waitrose.com/ecom/products/bonne-maman-blueberry-yogurt/463899-788876-788877,Bonne Maman Blueberry Yogurt,4x125g,£2.95,59p/100g,,Fresh & Chilled
566217,Easy to Cook Cheese & Bacon Chicken Breasts,G,true,906,https://ecom-su-static-prod.wtrecom.com/images/products/3/LN_566217_BP_3.jpg,https://www.waitrose.com/ecom/products/easy-to-cook-cheese-bacon-chicken-breasts/566217-288227-288228,Easy to Cook Cheese & Bacon Chicken Breasts,307g,£5.00,£16.29/kg,Add 3 for £12,Fresh & Chilled
612898,Waitrose Caramelised Onion Houmous,G,true,907,https://ecom-su-static-prod.wtrecom.com/images/products/3/LN_612898_BP_3.jpg,https://www.waitrose.com/ecom/products/waitrose-caramelised-onion-houmous/612898-86949-86950,Waitrose Caramelised Onion Houmous,200g,£1.75,87.5p/100g,Add 2 for £2.50,Fresh & Chilled
779973,Waitrose Stonebaked Garlic Mushroom & Spinach Pizza,G,false,908,https://ecom-su-static-prod.wtrecom.com/images/products/3/LN_779973_BP_3.jpg,https://www.waitrose.com/ecom/products/waitrose-stonebaked-garlic-mushroom-spinach-pizza/779973-662017-662018,Waitrose Stonebaked Garlic Mushroom & Spinach Pizza,395g,£4.95,£12.54/kg,,Fresh & Chilled
567468,Finnebrogue Naked Unsmoked Back Bacon,G,true,909,https://ecom-su-static-prod.wtrecom.com/images/products/3/LN_567468_BP_3.jpg,https://www.waitrose.com/ecom/products/finnebrogue-naked-unsmoked-back-bacon/567468-645141-645142,Finnebrogue Naked Unsmoked Back Bacon,200g,£2.81,£14.05/kg,25% Off. Was £3.75,Fresh & Chilled
440123,Graham's Dairy Gold Top Jersey Full Cream Whole Milk,G,false,910,https://ecom-su-static-prod.wtrecom.com/images/products/3/LN_440123_BP_3.jpg,https://www.waitrose.com/ecom/products/grahams-dairy-gold-top-jersey-full-cream-whole-milk/440123-61966-61967,Graham's Dairy Gold Top Jersey Full Cream Whole Milk,1litre,£1.70,£1.70/litre,,Fresh & Chilled
686299,"Activia Mango, Strawberry, Kiwi & Apricot Gut Health Yogurt Multipack",G,false,911,https://ecom-su-static-prod.wtrecom.com/images/products/3/LN_686299_BP_3.jpg,https://www.waitrose.com/ecom/products/activia-mango-strawberry-kiwi-apricot-gut-health-yogurt-multipack/686299-690812-690812,"Activia Mango, Strawberry, Kiwi & Apricot Gut Health Yogurt Multipack",8x115g,£4.40,47.8p/100g,,Fresh & Chilled
592448,Alpro Soya No Sugar Dairy Free Yogurt Alternative,G,true,912,https://ecom-su-static-prod.wtrecom.com/images/products/3/LN_592448_BP_3.jpg,https://www.waitrose.com/ecom/products/alpro-soya-no-sugar-dairy-free-yogurt-alternative/592448-657697-657698,Alpro Soya No Sugar Dairy Free Yogurt Alternative,500g,£1.50,30p/100g,save 70p. Was £2.20,Fresh & Chilled
086108,Cooks' Ingredients Tarragon,G,false,913,https://ecom-su-static-prod.wtrecom.com/images/products/3/LN_086108_BP_3.jpg,https://www.waitrose.com/ecom/products/cooks-ingredients-tarragon/086108-43933-43934,Cooks' Ingredients Tarragon,20g,80p,40p/10g,,Fresh & Chilled
559143,Activia Fibre Walnut & Oat Gut Health Yogurt Multipack,G,false,914,https://ecom-su-static-prod.wtrecom.com/images/products/3/LN_559143_BP_3.jpg,https://www.waitrose.com/ecom/products/activia-fibre-walnut-oat-gut-health-yogurt-multipack/559143-807048-807049,Activia Fibre Walnut & Oat Gut Health Yogurt Multipack,4x115g,£2.90,63p/100g,,Fresh & Chilled
401884,Waitrose Dolce Verde Lettuce Hearts,G,false,915,https://ecom-su-static-prod.wtrecom.com/images/products/3/LN_401884_BP_3.jpg,https://www.waitrose.com/ecom/products/waitrose-dolce-verde-lettuce-hearts/401884-133775-133776,Waitrose Dolce Verde Lettuce Hearts,2s,£1.95,97.5p each,,Fresh & Chilled
539800,Waitrose Filtered British Free Range Whole Milk,G,false,916,https://ecom-su-static-prod.wtrecom.com/images/products/3/LN_539800_BP_3.jpg,https://www.waitrose.com/ecom/products/waitrose-filtered-british-free-range-whole-milk/539800-443726-443727,Waitrose Filtered British Free Range Whole Milk,2litre,£1.90,95p/litre,,Fresh & Chilled
891917,Waitrose Cumberland Picnic Eggs,G,true,917,https://ecom-su-static-prod.wtrecom.com/images/products/3/LN_891917_BP_3.jpg,https://www.waitrose.com/ecom/products/waitrose-cumberland-picnic-eggs/891917-824632-824633,Waitrose Cumberland Picnic Eggs,200g,£3.50,£1.75/100g,Add 2 for £5.50,Fresh & Chilled
780614,Waitrose Fresh Tagliatelle,G,false,918,https://ecom-su-static-prod.wtrecom.com/images/products/3/LN_780614_BP_3.jpg,https://www.waitrose.com/ecom/products/waitrose-fresh-tagliatelle/780614-793272-793273,Waitrose Fresh Tagliatelle,500g,£2.30,46p/100g,,Fresh & Chilled
452058,Waitrose Anchovy Fillets in Virgin Olive Oil,G,false,919,https://ecom-su-static-prod.wtrecom.com/images/products/3/LN_452058_BP_3.jpg,https://www.waitrose.com/ecom/products/waitrose-anchovy-fillets-in-virgin-olive-oil/452058-63702-63703,Waitrose Anchovy Fillets in Virgin Olive Oil,drained 60g,£3.15,£5.25/100g,,Fresh & Chilled
043859,Actimel Immunity Strawberry Flavour Live Yogurt Drinks,G,false,920,https://ecom-su-static-prod.wtrecom.com/images/products/3/LN_043859_BP_3.jpg,https://www.waitrose.com/ecom/products/actimel-immunity-strawberry-flavour-live-yogurt-drinks/043859-21618-21619,Actimel Immunity Strawberry Flavour Live Yogurt Drinks,8x100g,£3.95,49.4p/100g,,Fresh & Chilled
478610,Charlie Bigham's Moussaka for 1,G,true,921,https://ecom-su-static-prod.wtrecom.com/images/products/3/LN_478610_BP_3.jpg,https://www.waitrose.com/ecom/products/charlie-bighams-moussaka-for-1/478610-425819-425820,Charlie Bigham's Moussaka for 1,340g,£6.00,£17.65/kg,Add 2 for £11,Fresh & Chilled
018006,St Helens Farm Goats Milk Natural Yogurt,G,true,922,https://ecom-su-static-prod.wtrecom.com/images/products/3/LN_018006_BP_3.jpg,https://www.waitrose.com/ecom/products/st-helens-farm-goats-milk-natural-yogurt/018006-8730-8731,St Helens Farm Goats Milk Natural Yogurt,450g,£2.05,45.6p/100g,save 50p. Was £2.55,Fresh & Chilled
087720,Waitrose Cooked Chicken Breast Slices,G,false,923,https://ecom-su-static-prod.wtrecom.com/images/products/3/LN_087720_BP_3.jpg,https://www.waitrose.com/ecom/products/waitrose-cooked-chicken-breast-slices/087720-44852-44853,Waitrose Cooked Chicken Breast Slices,200g,£4.25,£2.13/100g,,Fresh & Chilled
013081,Yeo Valley Fruity Favourites Organic Yogurts,G,true,924,https://ecom-su-static-prod.wtrecom.com/images/products/3/LN_013081_BP_3.jpg,https://www.waitrose.com/ecom/products/yeo-valley-fruity-favourites-organic-yogurts/013081-422247-6364,Yeo Valley Fruity Favourites Organic Yogurts,4x110g,£2.65,60.2p/100g,Add 2 for £3.50,Fresh & Chilled
702323,Essential Chicken Stir Fry Strips,G,true,925,https://ecom-su-static-prod.wtrecom.com/images/products/3/LN_702323_BP_3.jpg,https://www.waitrose.com/ecom/products/essential-chicken-stir-fry-strips/702323-795484-795485,Essential Chicken Stir Fry Strips,250g,£3.20,£12.80/kg,"£7 Stir Fry Meal Deal: Add protein, veg, sauce & rice or noodles",Fresh & Chilled
824027,Tims Dairy Raspberry Single Greek Style Yogurt,G,false,926,https://ecom-su-static-prod.wtrecom.com/images/products/3/LN_824027_BP_3.jpg,https://www.waitrose.com/ecom/products/tims-dairy-raspberry-single-greek-style-yogurt/824027-719885-719886,Tims Dairy Raspberry Single Greek Style Yogurt,175g,£1.20,68.6p/100g,,Fresh & Chilled
799684,Innocent Pure Apple Fruit Juice,G,false,927,https://ecom-su-static-prod.wtrecom.com/images/products/3/LN_799684_BP_3.jpg,https://www.waitrose.com/ecom/products/innocent-pure-apple-fruit-juice/799684-124280-124281,Innocent Pure Apple Fruit Juice,900ml,£3.15,35p/100ml,,Fresh & Chilled
028052,Waitrose Pumpkin Seeds,G,false,928,https://ecom-su-static-prod.wtrecom.com/images/products/3/LN_028052_BP_3.jpg,https://www.waitrose.com/ecom/products/waitrose-pumpkin-seeds/028052-13648-13649,Waitrose Pumpkin Seeds,200g,£2.25,£1.13/100g,,Fresh & Chilled
483297,The Collective Cultured Kefir Natural Yogurt,G,false,929,https://ecom-su-static-prod.wtrecom.com/images/products/3/LN_483297_BP_3.jpg,https://www.waitrose.com/ecom/products/the-collective-cultured-kefir-natural-yogurt/483297-677232-677233,The Collective Cultured Kefir Natural Yogurt,400g,£2.75,68.8p/100g,,Fresh & Chilled
814837,Waitrose Rhubarb & Custard West Country Yogurt,G,false,930,https://ecom-su-static-prod.wtrecom.com/images/products/3/LN_814837_BP_3.jpg,https://www.waitrose.com/ecom/products/waitrose-rhubarb-custard-west-country-yogurt/814837-822527-822528,Waitrose Rhubarb & Custard West Country Yogurt,150g,£1.00,66.7p/100g,,Fresh & Chilled
605913,Waitrose Strawberries & Cream West Country Yogurt,G,false,931,https://ecom-su-static-prod.wtrecom.com/images/products/3/LN_605913_BP_3.jpg,https://www.waitrose.com/ecom/products/waitrose-strawberries-cream-west-country-yogurt/605913-822503-822504,Waitrose Strawberries & Cream West Country Yogurt,150g,£1.00,66.7p/100g,,Fresh & Chilled
857843,Yoplait Strawberry & Apricot Kids Yogurts Big Pots,G,false,932,https://ecom-su-static-prod.wtrecom.com/images/products/3/LN_857843_BP_3.jpg,https://www.waitrose.com/ecom/products/yoplait-strawberry-apricot-kids-yogurts-big-pots/857843-214133-214133,Yoplait Strawberry & Apricot Kids Yogurts Big Pots,4x85g,£2.00,58.8p/100g,,Fresh & Chilled
047409,Kerrygold Pure Irish Dairy Spread,G,false,933,https://ecom-su-static-prod.wtrecom.com/images/products/3/LN_047409_BP_3.jpg,https://www.waitrose.com/ecom/products/kerrygold-pure-irish-dairy-spread/047409-23398-23399,Kerrygold Pure Irish Dairy Spread,250g,£2.75,£11/kg,,Fresh & Chilled
628183,Arla Lactofree Lactose Free Mature Cheddar Cheese,G,false,934,https://ecom-su-static-prod.wtrecom.com/images/products/3/LN_628183_BP_3.jpg,https://www.waitrose.com/ecom/products/arla-lactofree-lactose-free-mature-cheddar-cheese/628183-89148-89149,Arla Lactofree Lactose Free Mature Cheddar Cheese,200g,£2.65,£13.25/kg,,Fresh & Chilled
497775,Waitrose Roasted Beetroot & Mint Houmous,G,true,935,https://ecom-su-static-prod.wtrecom.com/images/products/3/LN_497775_BP_3.jpg,https://www.waitrose.com/ecom/products/waitrose-roasted-beetroot-mint-houmous/497775-724855-724856,Waitrose Roasted Beetroot & Mint Houmous,200g,£1.75,87.5p/100g,Add 2 for £2.50,Fresh & Chilled
053610,Petits Filous Strawberry & Raspberry Kids Yogurts,G,false,936,https://ecom-su-static-prod.wtrecom.com/images/products/3/LN_053610_BP_3.jpg,https://www.waitrose.com/ecom/products/petits-filous-strawberry-raspberry-kids-yogurts/053610-26854-26854,Petits Filous Strawberry & Raspberry Kids Yogurts,6x47g,£2.00,70.9p/100g,,Fresh & Chilled
035051,Essential Soya Original Milk Alternative,G,false,937,https://ecom-su-static-prod.wtrecom.com/images/products/3/LN_035051_BP_3.jpg,https://www.waitrose.com/ecom/products/essential-soya-original-milk-alternative/035051-17661-17662,Essential Soya Original Milk Alternative,1litre,£1.10,£1.10/litre,,Fresh & Chilled
731996,The Tofoo Co. Smoked Tofu,G,false,938,https://ecom-su-static-prod.wtrecom.com/images/products/3/LN_731996_BP_3.jpg,https://www.waitrose.com/ecom/products/the-tofoo-co-smoked-tofu/731996-583874-583875,The Tofoo Co. Smoked Tofu,225g,£3.00,£13.34/kg,,Fresh & Chilled
593887,Waitrose British Venison Frying Steak,G,true,939,https://ecom-su-static-prod.wtrecom.com/images/products/3/LN_593887_BP_3.jpg,https://www.waitrose.com/ecom/products/waitrose-british-venison-frying-steak/593887-702855-702856,Waitrose British Venison Frying Steak,135g,£5.00,£37.04/kg,Add 3 for £12,Fresh & Chilled
041129,Galbani Italian Ricotta Cheese,G,false,940,https://ecom-su-static-prod.wtrecom.com/images/products/3/LN_041129_BP_3.jpg,https://www.waitrose.com/ecom/products/galbani-italian-ricotta-cheese/041129-20332-20333,Galbani Italian Ricotta Cheese,250g,£1.90,£7.60/kg,,Fresh & Chilled
890723,Waitrose British Soft Goats Cheese,G,false,941,https://ecom-su-static-prod.wtrecom.com/images/products/3/LN_890723_BP_3.jpg,https://www.waitrose.com/ecom/products/waitrose-british-soft-goats-cheese/890723-268343-268344,Waitrose British Soft Goats Cheese,125g,£2.50,£20/kg,,Fresh & Chilled
547511,Waitrose Dry Cured Extra Thick Cut Smoked Back Bacon,G,true,942,https://ecom-su-static-prod.wtrecom.com/images/products/3/LN_547511_BP_3.jpg,https://www.waitrose.com/ecom/products/waitrose-dry-cured-extra-thick-cut-smoked-back-bacon/547511-812639-812640,Waitrose Dry Cured Extra Thick Cut Smoked Back Bacon,300g,£4.00,£13.34/kg,Add 2 for £7,Fresh & Chilled
846942,Waitrose Indian Vegetable Samosas,G,false,943,https://ecom-su-static-prod.wtrecom.com/images/products/3/LN_846942_BP_3.jpg,https://www.waitrose.com/ecom/products/waitrose-indian-vegetable-samosas/846942-767463-767464,Waitrose Indian Vegetable Samosas,220g,£2.85,£12.96/kg,,Fresh & Chilled
088793,Duchy Organic Medjool Dates,G,false,944,https://ecom-su-static-prod.wtrecom.com/images/products/3/LN_088793_BP_3.jpg,https://www.waitrose.com/ecom/products/duchy-organic-medjool-dates/088793-45627-45628,Duchy Organic Medjool Dates,180g,£2.90,£16.12/kg,,Fresh & Chilled
370786,Waitrose Hazelnut Low Fat Yogurt,G,false,945,https://ecom-su-static-prod.wtrecom.com/images/products/3/LN_370786_BP_3.jpg,https://www.waitrose.com/ecom/products/waitrose-hazelnut-low-fat-yogurt/370786-52130-52131,Waitrose Hazelnut Low Fat Yogurt,150g,70p,46.7p/100g,,Fresh & Chilled
835778,Essential Extra Mature Cheddar Cheese Strength 6,G,false,946,https://ecom-su-static-prod.wtrecom.com/images/products/3/LN_835778_BP_3.jpg,https://www.waitrose.com/ecom/products/essential-extra-mature-cheddar-cheese-strength-6/835778-451944-451945,Essential Extra Mature Cheddar Cheese Strength 6,350g,£2.60,£7.43/kg,,Fresh & Chilled
443101,Essential 12 British Pork Chipolatas,G,false,947,https://ecom-su-static-prod.wtrecom.com/images/products/3/LN_443101_BP_3.jpg,https://www.waitrose.com/ecom/products/essential-12-british-pork-chipolatas/443101-409188-409189,Essential 12 British Pork Chipolatas,340g,£1.95,£5.74/kg,,Fresh & Chilled
577147,Waitrose Breaded Chunky Haddock,G,false,948,https://ecom-su-static-prod.wtrecom.com/images/products/3/LN_577147_BP_3.jpg,https://www.waitrose.com/ecom/products/waitrose-breaded-chunky-haddock/577147-689188-689189,Waitrose Breaded Chunky Haddock,350g,£4.75,£13.58/kg,,Fresh & Chilled
598709,Copella Apple & Elderflower Juice Large,G,false,949,https://ecom-su-static-prod.wtrecom.com/images/products/3/LN_598709_BP_3.jpg,https://www.waitrose.com/ecom/products/copella-apple-elderflower-juice-large/598709-668633-668634,Copella Apple & Elderflower Juice Large,1.35litre,£3.65,27p/100ml,,Fresh & Chilled
084207,Easy to Cook Maple-glazed Gammon Joint,G,false,950,https://ecom-su-static-prod.wtrecom.com/images/products/3/LN_084207_BP_3.jpg,https://www.waitrose.com/ecom/products/easy-to-cook-maple-glazed-gammon-joint/084207-42765-42766,Easy to Cook Maple-glazed Gammon Joint,456g,£6.00,£13.16/kg,,Fresh & Chilled
883334,Waitrose Chicken Shawarma Spiced King Kebab,G,false,951,https://ecom-su-static-prod.wtrecom.com/images/products/3/LN_883334_BP_3.jpg,https://www.waitrose.com/ecom/products/waitrose-chicken-shawarma-spiced-king-kebab/883334-756307-756308,Waitrose Chicken Shawarma Spiced King Kebab,900g,£9.00,£1/100g,,Fresh & Chilled
618227,Waitrose Speciality Radish,G,false,952,https://ecom-su-static-prod.wtrecom.com/images/products/3/LN_618227_BP_3.jpg,https://www.waitrose.com/ecom/products/waitrose-speciality-radish/618227-197968-197969,Waitrose Speciality Radish,150g,£1.25,£8.34/kg,,Fresh & Chilled
394853,Waitrose Fine Crystal Sea Salt,G,false,953,https://ecom-su-static-prod.wtrecom.com/images/products/3/LN_394853_BP_3.jpg,https://www.waitrose.com/ecom/products/waitrose-fine-crystal-sea-salt/394853-55495-55496,Waitrose Fine Crystal Sea Salt,350g,£1.75,£5/kg,,Fresh & Chilled
482030,Essential British Turkey Breast Strips,G,true,954,https://ecom-su-static-prod.wtrecom.com/images/products/3/LN_482030_BP_3.jpg,https://www.waitrose.com/ecom/products/essential-british-turkey-breast-strips/482030-586462-586463,Essential British Turkey Breast Strips,300g,£4.20,£14/kg,"£7 Stir Fry Meal Deal: Add protein, veg, sauce & rice or noodles",Fresh & Chilled
648405,Limited Selection Tomatoes,G,false,955,https://ecom-su-static-prod.wtrecom.com/images/products/3/LN_648405_BP_3.jpg,https://www.waitrose.com/ecom/products/limited-selection-tomatoes/648405-337019-337020,Limited Selection Tomatoes,750g,£3.50,£4.67/kg,,Fresh & Chilled
704974,Essential Wonderfully Wonky Potatoes,G,false,956,https://ecom-su-static-prod.wtrecom.com/images/products/3/LN_704974_BP_3.jpg,https://www.waitrose.com/ecom/products/essential-wonderfully-wonky-potatoes/704974-486934-486935,Essential Wonderfully Wonky Potatoes,3Kg,£1.60,53.3p/kg,,Fresh & Chilled
707178,"Activia Strawberry, Raspberry, Cherry & Blueberry No Added Sugar Gut Health Yogurt Multipack",G,false,957,https://ecom-su-static-prod.wtrecom.com/images/products/3/LN_707178_BP_3.jpg,https://www.waitrose.com/ecom/products/activia-strawberry-raspberry-cherry-blueberry-no-added-sugar-gut-health-yogurt-multipack/707178-690817-690817,"Activia Strawberry, Raspberry, Cherry & Blueberry No Added Sugar Gut Health Yogurt Multipack",8x115g,£4.40,47.8p/100g,,Fresh & Chilled
582796,Waitrose Summer Middle East Beef Kofta Kebabs,G,true,958,https://ecom-su-static-prod.wtrecom.com/images/products/3/LN_582796_BP_3.jpg,https://www.waitrose.com/ecom/products/waitrose-summer-middle-east-beef-kofta-kebabs/582796-780209-780210,Waitrose Summer Middle East Beef Kofta Kebabs,320g,£4.25,£13.29/kg,Add 3 for £12,Fresh & Chilled
052189,Duchy Organic Baby Plum Tomatoes,G,false,959,https://ecom-su-static-prod.wtrecom.com/images/products/3/LN_052189_BP_3.jpg,https://www.waitrose.com/ecom/products/duchy-organic-baby-plum-tomatoes/052189-25988-25989,Duchy Organic Baby Plum Tomatoes,225g,£2.30,£10.23/kg,,Fresh & Chilled
427343,Essential Cooked Peeled Prawns,G,false,960,https://ecom-su-static-prod.wtrecom.com/images/products/3/LN_427343_BP_3.jpg,https://www.waitrose.com/ecom/products/essential-cooked-peeled-prawns/427343-152273-152274,Essential Cooked Peeled Prawns,150g,£2.95,£1.97/100g,,Fresh & Chilled
863426,Isey Skyr Vanilla Icelandic High Protein Fat Free Yogurt,G,false,961,https://ecom-su-static-prod.wtrecom.com/images/products/3/LN_863426_BP_3.jpg,https://www.waitrose.com/ecom/products/isey-skyr-vanilla-icelandic-high-protein-fat-free-yogurt/863426-486785-486786,Isey Skyr Vanilla Icelandic High Protein Fat Free Yogurt,170g,£1.50,88.2p/100g,,Fresh & Chilled
762708,"Waitrose Rice, Quinoa & Vegetable Stir Fry",G,true,962,https://ecom-su-static-prod.wtrecom.com/images/products/3/LN_762708_BP_3.jpg,https://www.waitrose.com/ecom/products/waitrose-rice-quinoa-vegetable-stir-fry/762708-550255-550256,"Waitrose Rice, Quinoa & Vegetable Stir Fry",300g,£2.30,76.7p/100g,"£7 Stir Fry Meal Deal: Add protein, veg, sauce & rice or noodles",Fresh & Chilled
873037,Borough Broth Organic Free Range Chicken Bone Broth,G,false,963,https://ecom-su-static-prod.wtrecom.com/images/products/3/LN_873037_BP_3.jpg,https://www.waitrose.com/ecom/products/borough-broth-organic-free-range-chicken-bone-broth/873037-812693-812694,Borough Broth Organic Free Range Chicken Bone Broth,324g,£5.00,,,Fresh & Chilled
085707,Waitrose Flat Portabella Mushrooms,G,false,964,https://ecom-su-static-prod.wtrecom.com/images/products/3/LN_085707_BP_3.jpg,https://www.waitrose.com/ecom/products/waitrose-flat-portabella-mushrooms/085707-43730-43731,Waitrose Flat Portabella Mushrooms,,£5.00,per kg,,Fresh & Chilled
556211,Waitrose Chicken Jerk Spiced Thigh Fillets,G,true,965,https://ecom-su-static-prod.wtrecom.com/images/products/3/LN_556211_BP_3.jpg,https://www.waitrose.com/ecom/products/waitrose-chicken-jerk-spiced-thigh-fillets/556211-767756-767757,Waitrose Chicken Jerk Spiced Thigh Fillets,400g,£4.50,£11.25/kg,Add 3 for £12,Fresh & Chilled
806781,No.1 Fish Pie for 2,G,true,966,https://ecom-su-static-prod.wtrecom.com/images/products/3/LN_806781_BP_3.jpg,https://www.waitrose.com/ecom/products/no1-fish-pie-for-2/806781-703370-703371,No.1 Fish Pie for 2,720g,£9.95,£13.82/kg,£12 Our Very Best Dine In: Add Main + Side + Starter or Dessert,Fresh & Chilled
602832,Activia Fusion Blueberry Acai Gut Health Yogurts,G,false,967,https://ecom-su-static-prod.wtrecom.com/images/products/3/LN_602832_BP_3.jpg,https://www.waitrose.com/ecom/products/activia-fusion-blueberry-acai-gut-health-yogurts/602832-760584-760585,Activia Fusion Blueberry Acai Gut Health Yogurts,4x120g,£3.00,62.5p/100g,,Fresh & Chilled
876612,Bonne Maman Raspberry Yogurts,G,false,968,https://ecom-su-static-prod.wtrecom.com/images/products/3/LN_876612_BP_3.jpg,https://www.waitrose.com/ecom/products/bonne-maman-raspberry-yogurts/876612-776906-776907,Bonne Maman Raspberry Yogurts,4x125g,£2.95,59p/100g,,Fresh & Chilled
088892,Waitrose Pecans,G,false,969,https://ecom-su-static-prod.wtrecom.com/images/products/3/LN_088892_BP_3.jpg,https://www.waitrose.com/ecom/products/waitrose-pecans/088892-45693-45694,Waitrose Pecans,150g,£2.95,£1.97/100g,,Fresh & Chilled
015596,Duchy Organic British Beef Ribeye Steak,G,false,970,https://ecom-su-static-prod.wtrecom.com/images/products/3/LN_015596_BP_3.jpg,https://www.waitrose.com/ecom/products/duchy-organic-british-beef-ribeye-steak/015596-7493-7494,Duchy Organic British Beef Ribeye Steak,Typical weight 0.23kg,£7.99 each est.,£35.51/kg,,Fresh & Chilled
846007,Waitrose French Comte AOP Cheese Strength 4,G,true,971,https://ecom-su-static-prod.wtrecom.com/images/products/3/LN_846007_BP_3.jpg,https://www.waitrose.com/ecom/products/waitrose-french-comte-aop-cheese-strength-4/846007-268282-268283,Waitrose French Comte AOP Cheese Strength 4,200g,£2.96,£14.80/kg,25% Off. Was £3.95,Fresh & Chilled
739508,Activia Vanilla No Added Sugar Gut Health Yogurt Multipack,G,true,972,https://ecom-su-static-prod.wtrecom.com/images/products/3/LN_739508_BP_3.jpg,https://www.waitrose.com/ecom/products/activia-vanilla-no-added-sugar-gut-health-yogurt-multipack/739508-690822-690823,Activia Vanilla No Added Sugar Gut Health Yogurt Multipack,4x115g,£1.75,38p/100g,save 90p. Was £2.65,Fresh & Chilled
839861,Waitrose Italian Chicken & Mushroom Risotto for 1,G,true,973,https://ecom-su-static-prod.wtrecom.com/images/products/3/LN_839861_BP_3.jpg,https://www.waitrose.com/ecom/products/waitrose-italian-chicken-mushroom-risotto-for-1/839861-759441-759442,Waitrose Italian Chicken & Mushroom Risotto for 1,400g,£3.50,£8.75/kg,Add 2 for £6.50,Fresh & Chilled
855633,No. 1 Fat Free Strained Natural Greek Yogurt,G,false,974,https://ecom-su-static-prod.wtrecom.com/images/products/3/LN_855633_BP_3.jpg,https://www.waitrose.com/ecom/products/no-1-fat-free-strained-natural-greek-yogurt/855633-291842-291843,No. 1 Fat Free Strained Natural Greek Yogurt,500g,£2.35,47p/100g,,Fresh & Chilled
626613,Waitrose Italian Recipe Tuna Pasta Bake for 1,G,true,975,https://ecom-su-static-prod.wtrecom.com/images/products/3/LN_626613_BP_3.jpg,https://www.waitrose.com/ecom/products/waitrose-italian-recipe-tuna-pasta-bake-for-1/626613-759104-759105,Waitrose Italian Recipe Tuna Pasta Bake for 1,380g,£3.50,£9.22/kg,Add 2 for £6.50,Fresh & Chilled
802467,Waitrose Coronation Chicken Deli Filler,G,false,976,https://ecom-su-static-prod.wtrecom.com/images/products/3/LN_802467_BP_3.jpg,https://www.waitrose.com/ecom/products/waitrose-coronation-chicken-deli-filler/802467-816486-816487,Waitrose Coronation Chicken Deli Filler,220g,£2.40,£1.10/100g,,Fresh & Chilled
450453,Waitrose 6 Scottish Smoked Salmon Terrine Slices,G,false,977,https://ecom-su-static-prod.wtrecom.com/images/products/3/LN_450453_BP_3.jpg,https://www.waitrose.com/ecom/products/waitrose-6-scottish-smoked-salmon-terrine-slices/450453-388685-388686,Waitrose 6 Scottish Smoked Salmon Terrine Slices,110g,£4.95,£4.50/100g,,Fresh & Chilled
551539,Muller Bliss Marscapone Style Cherry Yogurts,G,false,978,https://ecom-su-static-prod.wtrecom.com/images/products/3/LN_551539_BP_3.jpg,https://www.waitrose.com/ecom/products/muller-bliss-marscapone-style-cherry-yogurts/551539-807046-807047,Muller Bliss Marscapone Style Cherry Yogurts,4x100g,£2.85,71.3p/100g,,Fresh & Chilled
745559,Essential Peppered Smoked Mackerel Fillets,G,false,979,https://ecom-su-static-prod.wtrecom.com/images/products/3/LN_745559_BP_3.jpg,https://www.waitrose.com/ecom/products/essential-peppered-smoked-mackerel-fillets/745559-795208-795209,Essential Peppered Smoked Mackerel Fillets,Typical weight 0.13kg,£1.78 each est.,£14.24/kg,,Fresh & Chilled
617325,Alpro Plain Soya Dairy Free Greek Style Yogurt Alternative,G,true,980,https://ecom-su-static-prod.wtrecom.com/images/products/3/LN_617325_BP_3.jpg,https://www.waitrose.com/ecom/products/alpro-plain-soya-dairy-free-greek-style-yogurt-alternative/617325-560619-560620,Alpro Plain Soya Dairy Free Greek Style Yogurt Alternative,400g,£1.50,37.5p/100g,save 70p. Was £2.20,Fresh & Chilled
095861,Essential 12 Unsmoked Bacon Streaky Rashers,G,false,981,https://ecom-su-static-prod.wtrecom.com/images/products/3/LN_095861_BP_3.jpg,https://www.waitrose.com/ecom/products/essential-12-unsmoked-bacon-streaky-rashers/095861-49100-49101,Essential 12 Unsmoked Bacon Streaky Rashers,250g,£2.60,£10.40/kg,,Fresh & Chilled
009747,Essential 4 British Beef Quarterpounder Burgers,G,false,982,https://ecom-su-static-prod.wtrecom.com/images/products/3/LN_009747_BP_3.jpg,https://www.waitrose.com/ecom/products/essential-4-british-beef-quarterpounder-burgers/009747-4819-4820,Essential 4 British Beef Quarterpounder Burgers,454g,£3.25,£7.16/kg,,Fresh & Chilled
048707,Waitrose Smoked Salmon Pâté,G,false,983,https://ecom-su-static-prod.wtrecom.com/images/products/3/LN_048707_BP_3.jpg,https://www.waitrose.com/ecom/products/waitrose-smoked-salmon-pate/048707-24205-24206,Waitrose Smoked Salmon Pâté,115g,£2.30,£2/100g,,Fresh & Chilled
686452,Waitrose Whole leaf Kale,G,false,984,https://ecom-su-static-prod.wtrecom.com/images/products/3/LN_686452_BP_3.jpg,https://www.waitrose.com/ecom/products/waitrose-whole-leaf-kale/686452-97503-97504,Waitrose Whole leaf Kale,150g,£1.65,£11/kg,,Fresh & Chilled
449923,Cook's Ingredients Sweet Potato & Butternut,G,false,985,https://ecom-su-static-prod.wtrecom.com/images/products/3/LN_449923_BP_3.jpg,https://www.waitrose.com/ecom/products/cooks-ingredients-sweet-potato-butternut/449923-756340-756341,Cook's Ingredients Sweet Potato & Butternut,350g,£1.70,48.6p/100g,,Fresh & Chilled
049236,Waitrose 12 British Pork & Herb Chipolatas,G,true,986,https://ecom-su-static-prod.wtrecom.com/images/products/3/LN_049236_BP_3.jpg,https://www.waitrose.com/ecom/products/waitrose-12-british-pork-herb-chipolatas/049236-24530-24531,Waitrose 12 British Pork & Herb Chipolatas,375g,£3.95,£10.54/kg,Add 2 for £5.75,Fresh & Chilled
561731,Rude Health Almond Long Life Organic Milk Alternative,G,false,987,https://ecom-su-static-prod.wtrecom.com/images/products/3/LN_561731_BP_3.jpg,https://www.waitrose.com/ecom/products/rude-health-almond-long-life-organic-milk-alternative/561731-287703-287704,Rude Health Almond Long Life Organic Milk Alternative,1litre,£2.40,£2.40/litre,,Fresh & Chilled
810992,"Higgidy Spinach, Feta & Red Pepper Quiche",G,false,988,https://ecom-su-static-prod.wtrecom.com/images/products/3/LN_810992_BP_3.jpg,https://www.waitrose.com/ecom/products/higgidy-spinach-feta-red-pepper-quiche/810992-687279-687280,"Higgidy Spinach, Feta & Red Pepper Quiche",400g,£4.85,£1.22/100g,,Fresh & Chilled
446296,Essential British Turkey Breast Steaks,G,false,989,https://ecom-su-static-prod.wtrecom.com/images/products/3/LN_446296_BP_3.jpg,https://www.waitrose.com/ecom/products/essential-british-turkey-breast-steaks/446296-586424-586425,Essential British Turkey Breast Steaks,Typical weight 0.25kg,£2.84 each est.,£11.35/kg,,Fresh & Chilled
074305,Duchy Organic Farmhouse Mature Cheddar Cheese Strength 5,G,false,990,https://ecom-su-static-prod.wtrecom.com/images/products/3/LN_074305_BP_3.jpg,https://www.waitrose.com/ecom/products/duchy-organic-farmhouse-mature-cheddar-cheese-strength-5/074305-37740-37741,Duchy Organic Farmhouse Mature Cheddar Cheese Strength 5,350g,£4.75,£13.58/kg,,Fresh & Chilled
538590,Waitrose Yogurt Dressed Charlotte Potato Salad,G,false,991,https://ecom-su-static-prod.wtrecom.com/images/products/3/LN_538590_BP_3.jpg,https://www.waitrose.com/ecom/products/waitrose-yogurt-dressed-charlotte-potato-salad/538590-497820-497821,Waitrose Yogurt Dressed Charlotte Potato Salad,270g,£2.25,83.3p/100g,,Fresh & Chilled
088318,Waitrose Melon Slices,G,true,992,https://ecom-su-static-prod.wtrecom.com/images/products/3/LN_088318_BP_3.jpg,https://www.waitrose.com/ecom/products/waitrose-melon-slices/088318-428616-45286,Waitrose Melon Slices,280g,£2.70,96.4p/100g,£8 Chicken Dinner Meal Deal: Add 1 Main & 2 Extras,Fresh & Chilled
506202,Nestlé Aero Milk Choc Bubbly Mousse,G,false,993,https://ecom-su-static-prod.wtrecom.com/images/products/3/LN_506202_BP_3.jpg,https://www.waitrose.com/ecom/products/nestle-aero-milk-choc-bubbly-mousse/506202-71534-71535,Nestlé Aero Milk Choc Bubbly Mousse,4x59g,£2.10,89p/100g,,Fresh & Chilled
785492,Cooks' Ingredients Black Peppercorns,G,false,994,https://ecom-su-static-prod.wtrecom.com/images/products/3/LN_785492_BP_3.jpg,https://www.waitrose.com/ecom/products/cooks-ingredients-black-peppercorns/785492-785124-785125,Cooks' Ingredients Black Peppercorns,100g,£2.90,29p/10g,,Fresh & Chilled
575519,Waitrose Black Pudding Slices,G,false,995,https://ecom-su-static-prod.wtrecom.com/images/products/3/LN_575519_BP_3.jpg,https://www.waitrose.com/ecom/products/waitrose-black-pudding-slices/575519-512794-512795,Waitrose Black Pudding Slices,227g,£1.70,£7.49/kg,,Fresh & Chilled
815967,Cooks' Ingredients Coriander Pot,G,false,996,https://ecom-su-static-prod.wtrecom.com/images/products/3/LN_815967_BP_3.jpg,https://www.waitrose.com/ecom/products/cooks-ingredients-coriander-pot/815967-160825-160826,Cooks' Ingredients Coriander Pot,Each,£1.70,£1.70 each,,Fresh & Chilled
031512,Essential Garlic Baguette,G,false,997,https://ecom-su-static-prod.wtrecom.com/images/products/3/LN_031512_BP_3.jpg,https://www.waitrose.com/ecom/products/essential-garlic-baguette/031512-15351-15352,Essential Garlic Baguette,210g,£1.15,54.8p/100g,,Fresh & Chilled
040760,Essential Peas,G,false,998,https://ecom-su-static-prod.wtrecom.com/images/products/3/LN_040760_BP_3.jpg,https://www.waitrose.com/ecom/products/essential-peas/040760-20134-20135,Essential Peas,500g,£2.50,£5/kg,,Fresh & Chilled
088428,Waitrose White Grapefruit,G,false,999,https://ecom-su-static-prod.wtrecom.com/images/products/3/LN_088428_BP_3.jpg,https://www.waitrose.com/ecom/products/waitrose-white-grapefruit/088428-45379-45380,Waitrose White Grapefruit,Each,60p,60p each,,Fresh & Chilled
850571,Vadasz Raw Kimchi,G,true,1000,https://ecom-su-static-prod.wtrecom.com/images/products/3/LN_850571_BP_3.jpg,https://www.waitrose.com/ecom/products/vadasz-raw-kimchi/850571-707684-707685,Vadasz Raw Kimchi,400g,£3.56,89p/100g,25% Off. Was £4.75,Fresh & Chilled
686739,Charlie Bigham's Chicken Tikka Masala Curry & Pilau Rice For 1,G,true,1001,https://ecom-su-static-prod.wtrecom.com/images/products/3/LN_686739_BP_3.jpg,https://www.waitrose.com/ecom/products/charlie-bighams-chicken-tikka-masala-curry-pilau-rice-for-1/686739-690336-690337,Charlie Bigham's Chicken Tikka Masala Curry & Pilau Rice For 1,403g,£6.00,£14.89/kg,Add 2 for £11,Fresh & Chilled
041836,Le Rustique Camembert Cheese,G,true,1002,https://ecom-su-static-prod.wtrecom.com/images/products/3/LN_041836_BP_3.jpg,https://www.waitrose.com/ecom/products/le-rustique-camembert-cheese/041836-20734-20735,Le Rustique Camembert Cheese,250g,£2.40,£9.60/kg,20% Off. Was £3.00,Fresh & Chilled
086441,Waitrose Chinese Leaf,G,false,1003,https://ecom-su-static-prod.wtrecom.com/images/products/3/LN_086441_BP_3.jpg,https://www.waitrose.com/ecom/products/waitrose-chinese-leaf/086441-44142-44143,Waitrose Chinese Leaf,Each,£1.55,£1.55 each,,Fresh & Chilled
817130,Waitrose Spinach & Ricotta Ravioli,G,false,1004,https://ecom-su-static-prod.wtrecom.com/images/products/3/LN_817130_BP_3.jpg,https://www.waitrose.com/ecom/products/waitrose-spinach-ricotta-ravioli/817130-793282-793283,Waitrose Spinach & Ricotta Ravioli,310g,£3.60,£11.62/kg,,Fresh & Chilled
058554,Duchy Organic Pears,G,false,1005,https://ecom-su-static-prod.wtrecom.com/images/products/3/LN_058554_BP_3.jpg,https://www.waitrose.com/ecom/products/duchy-organic-pears/058554-29463-29464,Duchy Organic Pears,4s,£3.15,78.8p each,,Fresh & Chilled
010098,Duchy Organic Kiwi Fruit,G,true,1006,https://ecom-su-static-prod.wtrecom.com/images/products/3/LN_010098_BP_3.jpg,https://www.waitrose.com/ecom/products/duchy-organic-kiwi-fruit/010098-5022-5023,Duchy Organic Kiwi Fruit,4s,£2.36,59p each,20% Off. Was £2.95,Fresh & Chilled
792499,No.1 Sticky Toffee Pudding,G,true,1007,https://ecom-su-static-prod.wtrecom.com/images/products/3/LN_792499_BP_3.jpg,https://www.waitrose.com/ecom/products/no1-sticky-toffee-pudding/792499-810562-810563,No.1 Sticky Toffee Pudding,230g,£4.00,£1.74/100g,£12 Our Very Best Dine In: Add Main + Side + Starter or Dessert,Fresh & Chilled
550278,Waitrose Tikka Marinated Chicken Breast Chunks,G,true,1008,https://ecom-su-static-prod.wtrecom.com/images/products/3/LN_550278_BP_3.jpg,https://www.waitrose.com/ecom/products/waitrose-tikka-marinated-chicken-breast-chunks/550278-293931-293932,Waitrose Tikka Marinated Chicken Breast Chunks,300g,£4.50,£15/kg,Add 3 for £12,Fresh & Chilled
612152,Roasted Garlic Aioli with Lemon & Parsley,G,true,1009,https://ecom-su-static-prod.wtrecom.com/images/products/3/LN_612152_BP_3.jpg,https://www.waitrose.com/ecom/products/roasted-garlic-aioli-with-lemon-parsley/612152-803610-803611,Roasted Garlic Aioli with Lemon & Parsley,180g,£2.85,£1.59/100g,Add 2 for £5.50,Fresh & Chilled
091349,Waitrose British Native Breed Trimmed Fillet Steak,G,false,1010,https://ecom-su-static-prod.wtrecom.com/images/products/3/LN_091349_BP_3.jpg,https://www.waitrose.com/ecom/products/waitrose-british-native-breed-trimmed-fillet-steak/091349-47069-47070,Waitrose British Native Breed Trimmed Fillet Steak,Typical weight 0.22kg,£10.29 each est.,£47.49/kg,,Fresh & Chilled
649530,Plenish Oat Milk Long Life Unsweetened Organic Milk Alternative,G,false,1011,https://ecom-su-static-prod.wtrecom.com/images/products/3/LN_649530_BP_3.jpg,https://www.waitrose.com/ecom/products/plenish-oat-milk-long-life-unsweetened-organic-milk-alternative/649530-677406-677407,Plenish Oat Milk Long Life Unsweetened Organic Milk Alternative,1litre,£2.35,£2.35/litre,,Fresh & Chilled
062941,Denhay Dry Cured Back Unsmoked Bacon,G,false,1012,https://ecom-su-static-prod.wtrecom.com/images/products/3/LN_062941_BP_3.jpg,https://www.waitrose.com/ecom/products/denhay-dry-cured-back-unsmoked-bacon/062941-31953-31954,Denhay Dry Cured Back Unsmoked Bacon,200g,£3.75,£18.75/kg,,Fresh & Chilled
023389,Yeo Valley 0% Fat Organic Natural Yogurt,G,true,1013,https://ecom-su-static-prod.wtrecom.com/images/products/3/LN_023389_BP_3.jpg,https://www.waitrose.com/ecom/products/yeo-valley-0-fat-organic-natural-yogurt/023389-11357-11358,Yeo Valley 0% Fat Organic Natural Yogurt,450g,£1.75,38.9p/100g,save 35p. Was £2.10,Fresh & Chilled
676934,No. 1 Mountain Comte AOP Alpine Cheese Strength 5,G,false,1014,https://ecom-su-static-prod.wtrecom.com/images/products/3/LN_676934_BP_3.jpg,https://www.waitrose.com/ecom/products/no-1-mountain-comte-aop-alpine-cheese-strength-5/676934-497970-497971,No. 1 Mountain Comte AOP Alpine Cheese Strength 5,200g,£5.75,£28.75/kg,,Fresh & Chilled
469245,Waitrose Belton Double Gloucester Cheese Strength 3,G,false,1015,https://ecom-su-static-prod.wtrecom.com/images/products/3/LN_469245_BP_3.jpg,https://www.waitrose.com/ecom/products/waitrose-belton-double-gloucester-cheese-strength-3/469245-66135-66136,Waitrose Belton Double Gloucester Cheese Strength 3,250g,£2.70,£10.80/kg,,Fresh & Chilled
059961,Waitrose Chinese Egg Fried Rice,G,true,1016,https://ecom-su-static-prod.wtrecom.com/images/products/3/LN_059961_BP_3.jpg,https://www.waitrose.com/ecom/products/waitrose-chinese-egg-fried-rice/059961-30295-30296,Waitrose Chinese Egg Fried Rice,350g,£2.30,£6.58/kg,£12 South East & East Asian Meal Deal : Add 2 Mains & 2 Sides,Fresh & Chilled
692359,Waitrose Long Clawson Stilton Cheese Strength 4,G,false,1017,https://ecom-su-static-prod.wtrecom.com/images/products/3/LN_692359_BP_3.jpg,https://www.waitrose.com/ecom/products/waitrose-long-clawson-stilton-cheese-strength-4/692359-98319-98320,Waitrose Long Clawson Stilton Cheese Strength 4,150g,£2.25,£15/kg,,Fresh & Chilled
070399,No.1 Free Range Beech Smoked Bacon Lardons,G,true,1018,https://ecom-su-static-prod.wtrecom.com/images/products/3/LN_070399_BP_3.jpg,https://www.waitrose.com/ecom/products/no1-free-range-beech-smoked-bacon-lardons/070399-35656-35657,No.1 Free Range Beech Smoked Bacon Lardons,200g,£4.00,£20/kg,Add 2 for £6.50,Fresh & Chilled
704472,Waitrose Egg Mayonnaise Deli Filler,G,false,1019,https://ecom-su-static-prod.wtrecom.com/images/products/3/LN_704472_BP_3.jpg,https://www.waitrose.com/ecom/products/waitrose-egg-mayonnaise-deli-filler/704472-816466-816467,Waitrose Egg Mayonnaise Deli Filler,220g,£2.40,£1.10/100g,,Fresh & Chilled
642988,Waitrose Mini Cornish Pasties,G,true,1020,https://ecom-su-static-prod.wtrecom.com/images/products/3/LN_642988_BP_3.jpg,https://www.waitrose.com/ecom/products/waitrose-mini-cornish-pasties/642988-804698-804699,Waitrose Mini Cornish Pasties,180g,£3.50,£1.95/100g,Add 2 for £5.50,Fresh & Chilled
442370,Bonne Maman Chocolate Mousse,G,false,1021,https://ecom-su-static-prod.wtrecom.com/images/products/3/LN_442370_BP_3.jpg,https://www.waitrose.com/ecom/products/bonne-maman-chocolate-mousse/442370-507816-507817,Bonne Maman Chocolate Mousse,4x70g,£3.75,£1.34/100g,,Fresh & Chilled
704026,Waitrose Pork Chipolatas with Pepper & Nutmeg,G,true,1022,https://ecom-su-static-prod.wtrecom.com/images/products/3/LN_704026_BP_3.jpg,https://www.waitrose.com/ecom/products/waitrose-pork-chipolatas-with-pepper-nutmeg/704026-271205-271206,Waitrose Pork Chipolatas with Pepper & Nutmeg,375g,£3.95,£10.54/kg,Add 2 for £5.75,Fresh & Chilled
660468,Gressingham Stir Fry Duck Breast,G,true,1023,https://ecom-su-static-prod.wtrecom.com/images/products/3/LN_660468_BP_3.jpg,https://www.waitrose.com/ecom/products/gressingham-stir-fry-duck-breast/660468-703038-703039,Gressingham Stir Fry Duck Breast,175g,£4.15,£23.72/kg,"£7 Stir Fry Meal Deal: Add protein, veg, sauce & rice or noodles",Fresh & Chilled
086418,Waitrose Chicory,G,false,1024,https://ecom-su-static-prod.wtrecom.com/images/products/3/LN_086418_BP_3.jpg,https://www.waitrose.com/ecom/products/waitrose-chicory/086418-44126-44127,Waitrose Chicory,250g,£1.95,£7.80/kg,,Fresh & Chilled
016766,Waitrose Tiramisu,G,true,1025,https://ecom-su-static-prod.wtrecom.com/images/products/3/LN_016766_BP_3.jpg,https://www.waitrose.com/ecom/products/waitrose-tiramisu/016766-8067-8068,Waitrose Tiramisu,500g,£2.55,51p/100g,25% Off. Was £3.40,Fresh & Chilled
086119,Cooks' Ingredients Rosemary,G,false,1026,https://ecom-su-static-prod.wtrecom.com/images/products/3/LN_086119_BP_3.jpg,https://www.waitrose.com/ecom/products/cooks-ingredients-rosemary/086119-43949-43950,Cooks' Ingredients Rosemary,20g,80p,40p/10g,,Fresh & Chilled
789774,No.1 Outdoor Bred Pork Mini Sausage Rolls,G,false,1027,https://ecom-su-static-prod.wtrecom.com/images/products/3/LN_789774_BP_3.jpg,https://www.waitrose.com/ecom/products/no1-outdoor-bred-pork-mini-sausage-rolls/789774-744667-744668,No.1 Outdoor Bred Pork Mini Sausage Rolls,300g,£4.75,£1.59/100g,,Fresh & Chilled
493465,Arla Protein Raspberry Yogurt,G,false,1028,https://ecom-su-static-prod.wtrecom.com/images/products/3/LN_493465_BP_3.jpg,https://www.waitrose.com/ecom/products/arla-protein-raspberry-yogurt/493465-810907-810908,Arla Protein Raspberry Yogurt,200g,£1.30,65p/100g,,Fresh & Chilled
083840,Waitrose 2 Lightly Smoked Salmon Fillets,G,false,1029,https://ecom-su-static-prod.wtrecom.com/images/products/3/LN_083840_BP_3.jpg,https://www.waitrose.com/ecom/products/waitrose-2-lightly-smoked-salmon-fillets/083840-42576-42577,Waitrose 2 Lightly Smoked Salmon Fillets,240g,£7.95,£33.13/kg,,Fresh & Chilled
014342,Essential Crème Caramel,G,false,1030,https://ecom-su-static-prod.wtrecom.com/images/products/3/LN_014342_BP_3.jpg,https://www.waitrose.com/ecom/products/essential-creme-caramel/014342-6886-6887,Essential Crème Caramel,4x100g,£1.35,33.8p/100g,,Fresh & Chilled
008512,Waitrose Golden Granulated Sugar,G,false,1031,https://ecom-su-static-prod.wtrecom.com/images/products/3/LN_008512_BP_3.jpg,https://www.waitrose.com/ecom/products/waitrose-golden-granulated-sugar/008512-4051-4052,Waitrose Golden Granulated Sugar,1kg,£2.50,£2.50/kg,,Fresh & Chilled
883843,Waitrose Home Ripening Avocado,G,false,1032,https://ecom-su-static-prod.wtrecom.com/images/products/3/LN_883843_BP_3.jpg,https://www.waitrose.com/ecom/products/waitrose-home-ripening-avocado/883843-801586-801587,Waitrose Home Ripening Avocado,Each,£1.10,£1.10 each,,Fresh & Chilled
672777,BEAR Yo Yos Strawberry,G,true,1033,https://ecom-su-static-prod.wtrecom.com/images/products/3/LN_672777_BP_3.jpg,https://www.waitrose.com/ecom/products/bear-yo-yos-strawberry/672777-95522-95523,BEAR Yo Yos Strawberry,5s,£2.00,40p each,save 85p. Was £2.85,Fresh & Chilled
045158,Duchy Organic Mature Cheddar Cheese Strength 4,G,true,1034,https://ecom-su-static-prod.wtrecom.com/images/products/3/LN_045158_BP_3.jpg,https://www.waitrose.com/ecom/products/duchy-organic-mature-cheddar-cheese-strength-4/045158-22278-22279,Duchy Organic Mature Cheddar Cheese Strength 4,350g,£3.37,£9.63/kg,25% Off. Was £4.80,Fresh & Chilled
041239,Chavroux Fresh Goats Cheese Pyramid,G,true,1035,https://ecom-su-static-prod.wtrecom.com/images/products/3/LN_041239_BP_3.jpg,https://www.waitrose.com/ecom/products/chavroux-fresh-goats-cheese-pyramid/041239-20408-20409,Chavroux Fresh Goats Cheese Pyramid,150g,£2.06,£13.74/kg,25% Off. Was £2.75,Fresh & Chilled
449483,Seafood & Eat It Handpicked White Crab,G,false,1036,https://ecom-su-static-prod.wtrecom.com/images/products/3/LN_449483_BP_3.jpg,https://www.waitrose.com/ecom/products/seafood-eat-it-handpicked-white-crab/449483-63310-63311,Seafood & Eat It Handpicked White Crab,100g,£6.75,£6.75/100g,,Fresh & Chilled
880339,Waitrose 8 Medallions Smoked Extra Lean Bacon,G,true,1037,https://ecom-su-static-prod.wtrecom.com/images/products/3/LN_880339_BP_3.jpg,https://www.waitrose.com/ecom/products/waitrose-8-medallions-smoked-extra-lean-bacon/880339-550447-550448,Waitrose 8 Medallions Smoked Extra Lean Bacon,200g,£4.00,£20/kg,Add 2 for £7,Fresh & Chilled
513876,Waitrose Smoked Haddock Fishcakes Cheddar & Leek Sauce,G,true,1038,https://ecom-su-static-prod.wtrecom.com/images/products/3/LN_513876_BP_3.jpg,https://www.waitrose.com/ecom/products/waitrose-smoked-haddock-fishcakes-cheddar-leek-sauce/513876-661621-661622,Waitrose Smoked Haddock Fishcakes Cheddar & Leek Sauce,290g,£4.25,£14.66/kg,Add 3 for £12,Fresh & Chilled
085306,Duchy Organic Romaine Lettuce,G,false,1039,https://ecom-su-static-prod.wtrecom.com/images/products/3/LN_085306_BP_3.jpg,https://www.waitrose.com/ecom/products/duchy-organic-romaine-lettuce/085306-43384-43385,Duchy Organic Romaine Lettuce,Each,£1.75,£1.75 each,,Fresh & Chilled
781901,Bonne Maman Rhubarb Yogurt,G,false,1040,https://ecom-su-static-prod.wtrecom.com/images/products/3/LN_781901_BP_3.jpg,https://www.waitrose.com/ecom/products/bonne-maman-rhubarb-yogurt/781901-776834-776835,Bonne Maman Rhubarb Yogurt,4x125g,£2.95,59p/100g,,Fresh & Chilled
850319,Isey Skyr Strawberry Icelandic High Protein Fat Free Yogurt,G,false,1041,https://ecom-su-static-prod.wtrecom.com/images/products/3/LN_850319_BP_3.jpg,https://www.waitrose.com/ecom/products/isey-skyr-strawberry-icelandic-high-protein-fat-free-yogurt/850319-507991-507992,Isey Skyr Strawberry Icelandic High Protein Fat Free Yogurt,170g,£1.50,88.2p/100g,,Fresh & Chilled
423654,Essential Smoked Mackerel Fillets,G,false,1042,https://ecom-su-static-prod.wtrecom.com/images/products/3/LN_423654_BP_3.jpg,https://www.waitrose.com/ecom/products/essential-smoked-mackerel-fillets/423654-795206-795207,Essential Smoked Mackerel Fillets,Typical weight 0.13kg,£1.78 each est.,£14.24/kg,,Fresh & Chilled
083752,Waitrose Couscous & Roasted Vegetable Salad,G,false,1043,https://ecom-su-static-prod.wtrecom.com/images/products/3/LN_083752_BP_3.jpg,https://www.waitrose.com/ecom/products/waitrose-couscous-roasted-vegetable-salad/083752-42509-42510,Waitrose Couscous & Roasted Vegetable Salad,200g,£2.50,£1.25/100g,,Fresh & Chilled
486129,Waitrose Soy & Ginger Sauce,G,true,1044,https://ecom-su-static-prod.wtrecom.com/images/products/3/LN_486129_BP_3.jpg,https://www.waitrose.com/ecom/products/waitrose-soy-ginger-sauce/486129-824552-824553,Waitrose Soy & Ginger Sauce,150g,£1.15,76.7p/100g,"£7 Stir Fry Meal Deal: Add protein, veg, sauce & rice or noodles",Fresh & Chilled
585727,Waitrose Summer 2 Chilli Halloumi Burgers,G,true,1045,https://ecom-su-static-prod.wtrecom.com/images/products/3/LN_585727_BP_3.jpg,https://www.waitrose.com/ecom/products/waitrose-summer-2-chilli-halloumi-burgers/585727-780243-780244,Waitrose Summer 2 Chilli Halloumi Burgers,250g,£4.25,£17/kg,Add 3 for £12,Fresh & Chilled
832740,Fage Total 5% Fat Natural Greek Yogurt Small,G,false,1046,https://ecom-su-static-prod.wtrecom.com/images/products/3/LN_832740_BP_3.jpg,https://www.waitrose.com/ecom/products/fage-total-5-fat-natural-greek-yogurt-small/832740-673911-673912,Fage Total 5% Fat Natural Greek Yogurt Small,150g,£1.60,£1.07/100g,,Fresh & Chilled
836514,Waitrose Italian Pepperoni,G,false,1047,https://ecom-su-static-prod.wtrecom.com/images/products/3/LN_836514_BP_3.jpg,https://www.waitrose.com/ecom/products/waitrose-italian-pepperoni/836514-486751-486752,Waitrose Italian Pepperoni,90g,£3.70,£4.12/100g,,Fresh & Chilled
885556,Levantine Table Whipped Feta Dip,G,false,1048,https://ecom-su-static-prod.wtrecom.com/images/products/3/LN_885556_BP_3.jpg,https://www.waitrose.com/ecom/products/levantine-table-whipped-feta-dip/885556-779351-779352,Levantine Table Whipped Feta Dip,180g,£2.85,£1.59/100g,,Fresh & Chilled
657062,Waitrose Spanish Chorizo de Navarra,G,true,1049,https://ecom-su-static-prod.wtrecom.com/images/products/3/LN_657062_BP_3.jpg,https://www.waitrose.com/ecom/products/waitrose-spanish-chorizo-de-navarra/657062-486629-486630,Waitrose Spanish Chorizo de Navarra,100g,£3.50,£3.50/100g,Add 2 for £5.50,Fresh & Chilled
430348,Real Olive Co. Wild Garlic & Basil Olives,G,true,1050,https://ecom-su-static-prod.wtrecom.com/images/products/3/LN_430348_BP_3.jpg,https://www.waitrose.com/ecom/products/real-olive-co-wild-garlic-basil-olives/430348-420125-420126,Real Olive Co. Wild Garlic & Basil Olives,150g,£2.76,£1.84/100g,20% Off. Was £3.45,Fresh & Chilled
766182,Odysea Organic Feta Cheese PDO,G,false,1051,https://ecom-su-static-prod.wtrecom.com/images/products/3/LN_766182_BP_3.jpg,https://www.waitrose.com/ecom/products/odysea-organic-feta-cheese-pdo/766182-108961-108962,Odysea Organic Feta Cheese PDO,200g,£3.35,£16.75/kg,,Fresh & Chilled
046309,Essential Smoked Kipper Cutlets & Butter,G,false,1052,https://ecom-su-static-prod.wtrecom.com/images/products/3/LN_046309_BP_3.jpg,https://www.waitrose.com/ecom/products/essential-smoked-kipper-cutlets-butter/046309-22800-22801,Essential Smoked Kipper Cutlets & Butter,200g,£1.90,£9.50/kg,,Fresh & Chilled
018286,Essential Dutch Sliced Edam Cheese Strength 2,G,false,1053,https://ecom-su-static-prod.wtrecom.com/images/products/3/LN_018286_BP_3.jpg,https://www.waitrose.com/ecom/products/essential-dutch-sliced-edam-cheese-strength-2/018286-8862-8863,Essential Dutch Sliced Edam Cheese Strength 2,250g,£2.80,£11.20/kg,,Fresh & Chilled
821642,Waitrose Mediterranean Nocellara Kalamata & Gordal Olives,G,true,1054,https://ecom-su-static-prod.wtrecom.com/images/products/3/LN_821642_BP_3.jpg,https://www.waitrose.com/ecom/products/waitrose-mediterranean-nocellara-kalamata-gordal-olives/821642-739580-739581,Waitrose Mediterranean Nocellara Kalamata & Gordal Olives,145g,£3.75,£2.59/100g,Add 2 for £5.50,Fresh & Chilled
016491,Duchy Organic British Beef Sirloin Steak,G,false,1055,https://ecom-su-static-prod.wtrecom.com/images/products/3/LN_016491_BP_3.jpg,https://www.waitrose.com/ecom/products/duchy-organic-british-beef-sirloin-steak/016491-7910-7911,Duchy Organic British Beef Sirloin Steak,Typical weight 0.23kg,£8.59 each est.,£38.01/kg,,Fresh & Chilled
778499,Waitrose Stonebaked Spicy Beef Pizza,G,false,1056,https://ecom-su-static-prod.wtrecom.com/images/products/3/LN_778499_BP_3.jpg,https://www.waitrose.com/ecom/products/waitrose-stonebaked-spicy-beef-pizza/778499-745403-745404,Waitrose Stonebaked Spicy Beef Pizza,437g,£4.95,£11.33/kg,,Fresh & Chilled
085218,Essential Savoy Cabbage,G,false,1057,https://ecom-su-static-prod.wtrecom.com/images/products/3/LN_085218_BP_3.jpg,https://www.waitrose.com/ecom/products/essential-savoy-cabbage/085218-43291-43292,Essential Savoy Cabbage,Each,£1.00,£1 each,,Fresh & Chilled
445432,Waitrose Golden Delicious Apples,G,false,1058,https://ecom-su-static-prod.wtrecom.com/images/products/3/LN_445432_BP_3.jpg,https://www.waitrose.com/ecom/products/waitrose-golden-delicious-apples/445432-405548-405549,Waitrose Golden Delicious Apples,4s,£1.90,47.5p each,,Fresh & Chilled
541776,Waitrose Red Lady Potatoes,G,false,1059,https://ecom-su-static-prod.wtrecom.com/images/products/3/LN_541776_BP_3.jpg,https://www.waitrose.com/ecom/products/waitrose-red-lady-potatoes/541776-761047-761048,Waitrose Red Lady Potatoes,2KG,£2.30,£1.15/kg,,Fresh & Chilled
798362,Waitrose Samphire,G,false,1060,https://ecom-su-static-prod.wtrecom.com/images/products/3/LN_798362_BP_3.jpg,https://www.waitrose.com/ecom/products/waitrose-samphire/798362-113584-113585,Waitrose Samphire,90g,£2.15,£2.39/100g,,Fresh & Chilled
828272,Waitrose Italian Napoli Salami,G,false,1061,https://ecom-su-static-prod.wtrecom.com/images/products/3/LN_828272_BP_3.jpg,https://www.waitrose.com/ecom/products/waitrose-italian-napoli-salami/828272-156629-156630,Waitrose Italian Napoli Salami,70g,£3.00,£4.29/100g,,Fresh & Chilled
605927,Waitrose Made Without Nitrite Streaky Bacon,G,true,1062,https://ecom-su-static-prod.wtrecom.com/images/products/3/LN_605927_BP_3.jpg,https://www.waitrose.com/ecom/products/waitrose-made-without-nitrite-streaky-bacon/605927-780193-780194,Waitrose Made Without Nitrite Streaky Bacon,250g,£4.00,£16/kg,Add 2 for £7,Fresh & Chilled
766339,Easy to Cook Salmon Fishcakes with Sweet Chilli Sauce,G,true,1063,https://ecom-su-static-prod.wtrecom.com/images/products/3/LN_766339_BP_3.jpg,https://www.waitrose.com/ecom/products/easy-to-cook-salmon-fishcakes-with-sweet-chilli-sauce/766339-288245-288246,Easy to Cook Salmon Fishcakes with Sweet Chilli Sauce,270g,£5.75,£21.30/kg,Add 3 for £12,Fresh & Chilled
810810,Waitrose Spanish Manchego Cheese DOP Strength 3,G,false,1064,https://ecom-su-static-prod.wtrecom.com/images/products/3/LN_810810_BP_3.jpg,https://www.waitrose.com/ecom/products/waitrose-spanish-manchego-cheese-dop-strength-3/810810-268236-268237,Waitrose Spanish Manchego Cheese DOP Strength 3,200g,£4.90,£24.50/kg,,Fresh & Chilled
099838,Essential Olive Spread,G,false,1065,https://ecom-su-static-prod.wtrecom.com/images/products/3/LN_099838_BP_3.jpg,https://www.waitrose.com/ecom/products/essential-olive-spread/099838-51007-51008,Essential Olive Spread,500g,£1.50,£3/kg,,Fresh & Chilled
078250,Duchy Organic Whole Chicken,G,true,1066,https://ecom-su-static-prod.wtrecom.com/images/products/3/LN_078250_BP_3.jpg,https://www.waitrose.com/ecom/products/duchy-organic-whole-chicken/078250-39829-39830,Duchy Organic Whole Chicken,Typical weight 1.45kg,£12.77 each est.,£8.81/kg,25% Off. Was £17.03,Fresh & Chilled
855353,Cathedral City Mature Sliced Cheddar Cheese,G,true,1067,https://ecom-su-static-prod.wtrecom.com/images/products/3/LN_855353_BP_3.jpg,https://www.waitrose.com/ecom/products/cathedral-city-mature-sliced-cheddar-cheese/855353-730994-730995,Cathedral City Mature Sliced Cheddar Cheese,150g,£2.50,£16.67/kg,Add 2 for £4,Fresh & Chilled
085013,Waitrose Large Red Potatoes,G,false,1068,https://ecom-su-static-prod.wtrecom.com/images/products/3/LN_085013_BP_3.jpg,https://www.waitrose.com/ecom/products/waitrose-large-red-potatoes/085013-43113-43114,Waitrose Large Red Potatoes,,£1.80,per kg,,Fresh & Chilled
889439,Moma Oat Barista Dairy Free Milk Alternative,G,false,1069,https://ecom-su-static-prod.wtrecom.com/images/products/3/LN_889439_BP_3.jpg,https://www.waitrose.com/ecom/products/moma-oat-barista-dairy-free-milk-alternative/889439-731739-731740,Moma Oat Barista Dairy Free Milk Alternative,1litre,£2.20,£2.20/litre,,Fresh & Chilled
007685,Waitrose Unsmoked Dry Cured Streaky Bacon,G,true,1070,https://ecom-su-static-prod.wtrecom.com/images/products/3/LN_007685_BP_3.jpg,https://www.waitrose.com/ecom/products/waitrose-unsmoked-dry-cured-streaky-bacon/007685-3600-3601,Waitrose Unsmoked Dry Cured Streaky Bacon,250g,£4.00,£16/kg,Add 2 for £7,Fresh & Chilled
771093,Waitrose 4 Beef Dripping Yorkshire Puddings,G,false,1071,https://ecom-su-static-prod.wtrecom.com/images/products/3/LN_771093_BP_3.jpg,https://www.waitrose.com/ecom/products/waitrose-4-beef-dripping-yorkshire-puddings/771093-766136-766137,Waitrose 4 Beef Dripping Yorkshire Puddings,192g,£2.50,£13.03/kg,,Fresh & Chilled
845697,Yeo Valley Organic Kefir Natural Yogurt Large,G,true,1072,https://ecom-su-static-prod.wtrecom.com/images/products/3/LN_845697_BP_3.jpg,https://www.waitrose.com/ecom/products/yeo-valley-organic-kefir-natural-yogurt-large/845697-719923-719924,Yeo Valley Organic Kefir Natural Yogurt Large,950g,£4.00,42.1p/100g,save 75p. Was £4.75,Fresh & Chilled
821397,Essential Buttermilk,G,false,1073,https://ecom-su-static-prod.wtrecom.com/images/products/3/LN_821397_BP_3.jpg,https://www.waitrose.com/ecom/products/essential-buttermilk/821397-770792-770793,Essential Buttermilk,284ml,£1.00,35.2p/100ml,,Fresh & Chilled
770913,Waitrose Cooked Lemon And Herb Chicken Pieces,G,true,1074,https://ecom-su-static-prod.wtrecom.com/images/products/3/LN_770913_BP_3.jpg,https://www.waitrose.com/ecom/products/waitrose-cooked-lemon-and-herb-chicken-pieces/770913-109671-109672,Waitrose Cooked Lemon And Herb Chicken Pieces,120g,£3.25,£2.71/100g,Add 2 for £5.50,Fresh & Chilled
677648,Waitrose Fresh French Dressing,G,false,1075,https://ecom-su-static-prod.wtrecom.com/images/products/3/LN_677648_BP_3.jpg,https://www.waitrose.com/ecom/products/waitrose-fresh-french-dressing/677648-420375-420376,Waitrose Fresh French Dressing,150ml,£1.30,86.7p/100ml,,Fresh & Chilled
629162,Waitrose Chinese 6 Vegetable Spring Rolls,G,true,1076,https://ecom-su-static-prod.wtrecom.com/images/products/3/LN_629162_BP_3.jpg,https://www.waitrose.com/ecom/products/waitrose-chinese-6-vegetable-spring-rolls/629162-170824-170825,Waitrose Chinese 6 Vegetable Spring Rolls,216g,£2.90,£13.43/kg,£12 South East & East Asian Meal Deal : Add 2 Mains & 2 Sides,Fresh & Chilled
088876,Waitrose Walnuts,G,false,1077,https://ecom-su-static-prod.wtrecom.com/images/products/3/LN_088876_BP_3.jpg,https://www.waitrose.com/ecom/products/waitrose-walnuts/088876-45677-45678,Waitrose Walnuts,150g,£2.75,£18.34/kg,,Fresh & Chilled
684563,Waitrose Roast Garlic Aioli Potato Salad,G,false,1078,https://ecom-su-static-prod.wtrecom.com/images/products/3/LN_684563_BP_3.jpg,https://www.waitrose.com/ecom/products/waitrose-roast-garlic-aioli-potato-salad/684563-823943-823944,Waitrose Roast Garlic Aioli Potato Salad,250g,£2.25,90p/100g,,Fresh & Chilled
412978,Castello Extra Creamy Brie Cheese,G,true,1079,https://ecom-su-static-prod.wtrecom.com/images/products/3/LN_412978_BP_3.jpg,https://www.waitrose.com/ecom/products/castello-extra-creamy-brie-cheese/412978-656904-656905,Castello Extra Creamy Brie Cheese,200g,£2.21,£11.05/kg,25% Off. Was £2.95,Fresh & Chilled
703377,Philadelphia Light Mini Soft Cheese Tubs,G,false,1080,https://ecom-su-static-prod.wtrecom.com/images/products/3/LN_703377_BP_3.jpg,https://www.waitrose.com/ecom/products/philadelphia-light-mini-soft-cheese-tubs/703377-99866-99867,Philadelphia Light Mini Soft Cheese Tubs,4x35g,£2.00,£14.29/kg,,Fresh & Chilled
446259,"Waitrose Levantine Spinach, Feta Parcels",G,false,1081,https://ecom-su-static-prod.wtrecom.com/images/products/3/LN_446259_BP_3.jpg,https://www.waitrose.com/ecom/products/waitrose-levantine-spinach-feta-parcels/446259-62829-62830,"Waitrose Levantine Spinach, Feta Parcels",136g,£3.90,£2.87/100g,,Fresh & Chilled
637605,Duchy Organic Extra Mature Cheddar Cheese Strength 5,G,true,1082,https://ecom-su-static-prod.wtrecom.com/images/products/3/LN_637605_BP_3.jpg,https://www.waitrose.com/ecom/products/duchy-organic-extra-mature-cheddar-cheese-strength-5/637605-129714-129715,Duchy Organic Extra Mature Cheddar Cheese Strength 5,350g,£3.37,£9.63/kg,25% Off. Was £4.80,Fresh & Chilled
841430,Waitrose Watermelon Fingers,G,false,1083,https://ecom-su-static-prod.wtrecom.com/images/products/3/LN_841430_BP_3.jpg,https://www.waitrose.com/ecom/products/waitrose-watermelon-fingers/841430-756171-756172,Waitrose Watermelon Fingers,600g,£4.95,82.5p/100g,,Fresh & Chilled
872937,Waitrose Bramley Apple & Cream Turnovers,G,false,1084,https://ecom-su-static-prod.wtrecom.com/images/products/3/LN_872937_BP_3.jpg,https://www.waitrose.com/ecom/products/waitrose-bramley-apple-cream-turnovers/872937-767473-767474,Waitrose Bramley Apple & Cream Turnovers,2s,£2.20,,,Fresh & Chilled
520436,Waitrose Slow Cooked Barbecue Pork,G,false,1085,https://ecom-su-static-prod.wtrecom.com/images/products/3/LN_520436_BP_3.jpg,https://www.waitrose.com/ecom/products/waitrose-slow-cooked-barbecue-pork/520436-666363-666364,Waitrose Slow Cooked Barbecue Pork,430g,£5.75,£13.38/kg,,Fresh & Chilled
084431,Alpro Soya Chilled Dairy Free Milk Alternative,G,false,1086,https://ecom-su-static-prod.wtrecom.com/images/products/3/LN_084431_BP_3.jpg,https://www.waitrose.com/ecom/products/alpro-soya-chilled-dairy-free-milk-alternative/084431-42881-42882,Alpro Soya Chilled Dairy Free Milk Alternative,1litre,£2.10,£2.10/litre,,Fresh & Chilled
437810,Anchor Spreadable Butter with Rapeseed Oil,G,false,1087,https://ecom-su-static-prod.wtrecom.com/images/products/3/LN_437810_BP_3.jpg,https://www.waitrose.com/ecom/products/anchor-spreadable-butter-with-rapeseed-oil/437810-747878-747879,Anchor Spreadable Butter with Rapeseed Oil,750g,£6.25,£8.34/kg,,Fresh & Chilled
063854,Elmlea Single Cream Alternative,G,false,1088,https://ecom-su-static-prod.wtrecom.com/images/products/3/LN_063854_BP_3.jpg,https://www.waitrose.com/ecom/products/elmlea-single-cream-alternative/063854-32425-32426,Elmlea Single Cream Alternative,270ml,£1.50,55.6p/100ml,,Fresh & Chilled
807792,Waitrose Whole Chicken With Garlic And Herbs,G,true,1089,https://ecom-su-static-prod.wtrecom.com/images/products/3/LN_807792_BP_3.jpg,https://www.waitrose.com/ecom/products/waitrose-whole-chicken-with-garlic-and-herbs/807792-620075-620076,Waitrose Whole Chicken With Garlic And Herbs,1.5Kg,£5.17,£3.45/kg,25% Off. Was £6.90,Fresh & Chilled
012523,President Sliced Emmental Cheese,G,false,1090,https://ecom-su-static-prod.wtrecom.com/images/products/3/LN_012523_BP_3.jpg,https://www.waitrose.com/ecom/products/president-sliced-emmental-cheese/012523-6156-6157,President Sliced Emmental Cheese,200g,£2.70,£13.50/kg,,Fresh & Chilled
048712,Waitrose Smoked Mackerel Pâté,G,false,1091,https://ecom-su-static-prod.wtrecom.com/images/products/3/LN_048712_BP_3.jpg,https://www.waitrose.com/ecom/products/waitrose-smoked-mackerel-pate/048712-24211-24212,Waitrose Smoked Mackerel Pâté,115g,£2.30,£2/100g,,Fresh & Chilled
535115,Easy to Cook Garlic & Herb Chicken Breasts,G,true,1092,https://ecom-su-static-prod.wtrecom.com/images/products/3/LN_535115_BP_3.jpg,https://www.waitrose.com/ecom/products/easy-to-cook-garlic-herb-chicken-breasts/535115-357318-357319,Easy to Cook Garlic & Herb Chicken Breasts,270g,£5.00,£18.52/kg,Add 3 for £12,Fresh & Chilled
086151,Cooks' Ingredients Mint Pot,G,true,1093,https://ecom-su-static-prod.wtrecom.com/images/products/3/LN_086151_BP_3.jpg,https://www.waitrose.com/ecom/products/cooks-ingredients-mint-pot/086151-43997-43998,Cooks' Ingredients Mint Pot,Each,£1.36,£1.36 each,20% Off. Was £1.70,Fresh & Chilled
580808,Duchy Organic Italian Mozzarella Cheese Strength 1,G,false,1094,https://ecom-su-static-prod.wtrecom.com/images/products/3/LN_580808_BP_3.jpg,https://www.waitrose.com/ecom/products/duchy-organic-italian-mozzarella-cheese-strength-1/580808-666395-666396,Duchy Organic Italian Mozzarella Cheese Strength 1,drained 125g,£1.80,£14.40/kg,,Fresh & Chilled
622101,Waitrose Extra Mature Cheddar & Emmental Souffles Strength 2,G,false,1095,https://ecom-su-static-prod.wtrecom.com/images/products/3/LN_622101_BP_3.jpg,https://www.waitrose.com/ecom/products/waitrose-extra-mature-cheddar-emmental-souffles-strength-2/622101-679503-679504,Waitrose Extra Mature Cheddar & Emmental Souffles Strength 2,2x80g,£4.00,£25/kg,,Fresh & Chilled
018438,Actimel Immunity 0% Added Sugar Fat Free Live Yogurt Drinks,G,false,1096,https://ecom-su-static-prod.wtrecom.com/images/products/3/LN_018438_BP_3.jpg,https://www.waitrose.com/ecom/products/actimel-immunity-0-added-sugar-fat-free-live-yogurt-drinks/018438-8921-8922,Actimel Immunity 0% Added Sugar Fat Free Live Yogurt Drinks,8x100g,£3.95,49.4p/100g,,Fresh & Chilled
469544,Tims Dairy Blackcurrant Greek Style Yogurt,G,false,1097,https://ecom-su-static-prod.wtrecom.com/images/products/3/LN_469544_BP_3.jpg,https://www.waitrose.com/ecom/products/tims-dairy-blackcurrant-greek-style-yogurt/469544-743702-743703,Tims Dairy Blackcurrant Greek Style Yogurt,450g,£2.50,55.6p/100g,,Fresh & Chilled
784500,Essential British Turkey Breast Mince,G,false,1098,https://ecom-su-static-prod.wtrecom.com/images/products/3/LN_784500_BP_3.jpg,https://www.waitrose.com/ecom/products/essential-british-turkey-breast-mince/784500-586844-586845,Essential British Turkey Breast Mince,300g,£3.75,£12.50/kg,,Fresh & Chilled
676626,No.1 Wood-fired Double Mozzarella Margherita Sourdough Pizza,G,false,1099,https://ecom-su-static-prod.wtrecom.com/images/products/3/LN_676626_BP_3.jpg,https://www.waitrose.com/ecom/products/no1-wood-fired-double-mozzarella-margherita-sourdough-pizza/676626-813884-813885,No.1 Wood-fired Double Mozzarella Margherita Sourdough Pizza,465g,£5.95,£12.80/kg,,Fresh & Chilled
028267,Waitrose Deli Style Cheese Coleslaw,G,false,1100,https://ecom-su-static-prod.wtrecom.com/images/products/3/LN_028267_BP_3.jpg,https://www.waitrose.com/ecom/products/waitrose-deli-style-cheese-coleslaw/028267-13749-13750,Waitrose Deli Style Cheese Coleslaw,300g,£2.25,75p/100g,,Fresh & Chilled
858377,Waitrose Caramelised Red Onion Chutney,G,false,1101,https://ecom-su-static-prod.wtrecom.com/images/products/3/LN_858377_BP_3.jpg,https://www.waitrose.com/ecom/products/waitrose-caramelised-red-onion-chutney/858377-294295-294296,Waitrose Caramelised Red Onion Chutney,350g,£2.50,71.4p/100g,,Fresh & Chilled
818404,Waitrose Potato Croquettes,G,false,1102,https://ecom-su-static-prod.wtrecom.com/images/products/3/LN_818404_BP_3.jpg,https://www.waitrose.com/ecom/products/waitrose-potato-croquettes/818404-462428-462429,Waitrose Potato Croquettes,220g,£2.75,£12.50/kg,,Fresh & Chilled
550068,Waitrose Fresh Caesar Dressing,G,false,1103,https://ecom-su-static-prod.wtrecom.com/images/products/3/LN_550068_BP_3.jpg,https://www.waitrose.com/ecom/products/waitrose-fresh-caesar-dressing/550068-420219-420220,Waitrose Fresh Caesar Dressing,150ml,£1.30,86.7p/100ml,,Fresh & Chilled
010195,Tenderstem Broccoli & Chantenay Carrots,G,true,1104,https://ecom-su-static-prod.wtrecom.com/images/products/3/LN_010195_BP_3.jpg,https://www.waitrose.com/ecom/products/tenderstem-broccoli-chantenay-carrots/010195-5078-5079,Tenderstem Broccoli & Chantenay Carrots,210g,£2.20,£10.48/kg,Add 2 for £3.50,Fresh & Chilled
561133,Good4U Super Greens Super Sprouts,G,false,1105,https://ecom-su-static-prod.wtrecom.com/images/products/3/LN_561133_BP_3.jpg,https://www.waitrose.com/ecom/products/good4u-super-greens-super-sprouts/561133-451646-451647,Good4U Super Greens Super Sprouts,60g,£1.55,£2.59/100g,,Fresh & Chilled
600079,Waitrose Beetroot & Feta Salad,G,false,1106,https://ecom-su-static-prod.wtrecom.com/images/products/3/LN_600079_BP_3.jpg,https://www.waitrose.com/ecom/products/waitrose-beetroot-feta-salad/600079-791340-791341,Waitrose Beetroot & Feta Salad,180g,£2.50,£1.39/100g,,Fresh & Chilled
086508,Duchy Organic Vine Tomatoes,G,false,1107,https://ecom-su-static-prod.wtrecom.com/images/products/3/LN_086508_BP_3.jpg,https://www.waitrose.com/ecom/products/duchy-organic-vine-tomatoes/086508-44188-44189,Duchy Organic Vine Tomatoes,250g,£2.50,£10/kg,,Fresh & Chilled
086209,Cooks' Ingredients Large Basil Pot,G,false,1108,https://ecom-su-static-prod.wtrecom.com/images/products/3/LN_086209_BP_3.jpg,https://www.waitrose.com/ecom/products/cooks-ingredients-large-basil-pot/086209-44044-44045,Cooks' Ingredients Large Basil Pot,Each,£2.35,£2.35 each,,Fresh & Chilled
811485,Waitrose Envy Apples,G,false,1109,https://ecom-su-static-prod.wtrecom.com/images/products/3/LN_811485_BP_3.jpg,https://www.waitrose.com/ecom/products/waitrose-envy-apples/811485-459940-459941,Waitrose Envy Apples,4s,£2.10,52.5p each,,Fresh & Chilled
807419,Waitrose Italian Spinach & Ricotta Cannelloni for 1,G,true,1110,https://ecom-su-static-prod.wtrecom.com/images/products/3/LN_807419_BP_3.jpg,https://www.waitrose.com/ecom/products/waitrose-italian-spinach-ricotta-cannelloni-for-1/807419-759347-759348,Waitrose Italian Spinach & Ricotta Cannelloni for 1,400g,£3.50,£8.75/kg,Add 2 for £6.50,Fresh & Chilled
833818,Isigny Ste Mere Unpasteurised Salted Butter,G,false,1111,https://ecom-su-static-prod.wtrecom.com/images/products/3/LN_833818_BP_3.jpg,https://www.waitrose.com/ecom/products/isigny-ste-mere-unpasteurised-salted-butter/833818-215247-215248,Isigny Ste Mere Unpasteurised Salted Butter,250g,£3.70,£14.80/kg,,Fresh & Chilled
458205,Waitrose Bubbly Battered Cod,G,false,1112,https://ecom-su-static-prod.wtrecom.com/images/products/3/LN_458205_BP_3.jpg,https://www.waitrose.com/ecom/products/waitrose-bubbly-battered-cod/458205-661541-661542,Waitrose Bubbly Battered Cod,380g,£6.25,£16.45/kg,,Fresh & Chilled
055108,Essential Whipping Cream,G,false,1113,https://ecom-su-static-prod.wtrecom.com/images/products/3/LN_055108_BP_3.jpg,https://www.waitrose.com/ecom/products/essential-whipping-cream/055108-27689-27690,Essential Whipping Cream,300ml,£1.25,41.7p/100ml,,Fresh & Chilled
790547,Waitrose Loose Celeriac,G,false,1114,https://ecom-su-static-prod.wtrecom.com/images/products/3/LN_790547_BP_3.jpg,https://www.waitrose.com/ecom/products/waitrose-loose-celeriac/790547-693900-693901,Waitrose Loose Celeriac,,£1.50,per kg,,Fresh & Chilled
648738,Levantine Table Smoky Aubergine Baba Ganoush,G,false,1115,https://ecom-su-static-prod.wtrecom.com/images/products/3/LN_648738_BP_3.jpg,https://www.waitrose.com/ecom/products/levantine-table-smoky-aubergine-baba-ganoush/648738-755653-755654,Levantine Table Smoky Aubergine Baba Ganoush,180g,£2.85,£1.59/100g,,Fresh & Chilled
475970,Steve's Leaves Sweet Beets & Little Leaves,G,true,1116,https://ecom-su-static-prod.wtrecom.com/images/products/3/LN_475970_BP_3.jpg,https://www.waitrose.com/ecom/products/steves-leaves-sweet-beets-little-leaves/475970-730066-730067,Steve's Leaves Sweet Beets & Little Leaves,70g,£1.28,£1.83/100g,20% Off. Was £1.60,Fresh & Chilled
628064,Waitrose Italian Mortadella,G,false,1117,https://ecom-su-static-prod.wtrecom.com/images/products/3/LN_628064_BP_3.jpg,https://www.waitrose.com/ecom/products/waitrose-italian-mortadella/628064-486593-486594,Waitrose Italian Mortadella,75g,£3.50,£4.67/100g,,Fresh & Chilled
002139,"Waitrose Carrot, Cauliflower & Broccoli",G,false,1118,https://ecom-su-static-prod.wtrecom.com/images/products/3/LN_002139_BP_3.jpg,https://www.waitrose.com/ecom/products/waitrose-carrot-cauliflower-broccoli/002139-594-595,"Waitrose Carrot, Cauliflower & Broccoli",240g,£1.20,50p/100g,,Fresh & Chilled
046201,Essential Reduced Fat Houmous,G,false,1119,https://ecom-su-static-prod.wtrecom.com/images/products/3/LN_046201_BP_3.jpg,https://www.waitrose.com/ecom/products/essential-reduced-fat-houmous/046201-22747-22748,Essential Reduced Fat Houmous,300g,£1.75,58.3p/100g,,Fresh & Chilled
694992,Waitrose Frozen 12 Yorkshire Puddings,G,false,1120,https://ecom-su-static-prod.wtrecom.com/images/products/3/LN_694992_BP_3.jpg,https://www.waitrose.com/ecom/products/waitrose-frozen-12-yorkshire-puddings/694992-98677-98678,Waitrose Frozen 12 Yorkshire Puddings,230g,£1.40,£6.09/kg,,Fresh & Chilled
821446,Waitrose British Lean Pork Mince 5% Fat,G,false,1121,https://ecom-su-static-prod.wtrecom.com/images/products/3/LN_821446_BP_3.jpg,https://www.waitrose.com/ecom/products/waitrose-british-lean-pork-mince-5-fat/821446-661201-661202,Waitrose British Lean Pork Mince 5% Fat,500g,£3.95,79p/100g,,Fresh & Chilled
768211,Essential Cheese & Smoked Ham Tortelloni,G,false,1122,https://ecom-su-static-prod.wtrecom.com/images/products/3/LN_768211_BP_3.jpg,https://www.waitrose.com/ecom/products/essential-cheese-smoked-ham-tortelloni/768211-793268-793269,Essential Cheese & Smoked Ham Tortelloni,300g,£2.20,73.3p/100g,,Fresh & Chilled
649550,Moju Cold Pressed Ginger Fruit Juice Shots Dosing Bottle,G,false,1123,https://ecom-su-static-prod.wtrecom.com/images/products/3/LN_649550_BP_3.jpg,https://www.waitrose.com/ecom/products/moju-cold-pressed-ginger-fruit-juice-shots-dosing-bottle/649550-723136-723137,Moju Cold Pressed Ginger Fruit Juice Shots Dosing Bottle,420ml,£6.25,£1.49/100ml,,Fresh & Chilled
085608,Duchy Organic Bunched Carrots,G,false,1124,https://ecom-su-static-prod.wtrecom.com/images/products/3/LN_085608_BP_3.jpg,https://www.waitrose.com/ecom/products/duchy-organic-bunched-carrots/085608-43691-43692,Duchy Organic Bunched Carrots,Each,£1.90,£1.90 each,,Fresh & Chilled
851742,Waitrose 2 Chicken Kyivs With Ham And Cheese,G,true,1125,https://ecom-su-static-prod.wtrecom.com/images/products/3/LN_851742_BP_3.jpg,https://www.waitrose.com/ecom/products/waitrose-2-chicken-kyivs-with-ham-and-cheese/851742-305741-305742,Waitrose 2 Chicken Kyivs With Ham And Cheese,320g,£4.50,£14.07/kg,Add 3 for £12,Fresh & Chilled
453153,Waitrose Middle Eastern Chicken Thighs with Amba Sauce,G,true,1126,https://ecom-su-static-prod.wtrecom.com/images/products/3/LN_453153_BP_3.jpg,https://www.waitrose.com/ecom/products/waitrose-middle-eastern-chicken-thighs-with-amba-sauce/453153-824438-824439,Waitrose Middle Eastern Chicken Thighs with Amba Sauce,635g,£4.25,£6.70/kg,Add 3 for £12,Fresh & Chilled
557579,Duchy Organic 12 British Pork Chipolatas,G,true,1127,https://ecom-su-static-prod.wtrecom.com/images/products/3/LN_557579_BP_3.jpg,https://www.waitrose.com/ecom/products/duchy-organic-12-british-pork-chipolatas/557579-78862-78863,Duchy Organic 12 British Pork Chipolatas,340g,£3.93,£11.56/kg,25% Off. Was £5.25,Fresh & Chilled
899641,Isey Skyr Blueberry Icelandic High Protein Fat Free Yogurt,G,false,1128,https://ecom-su-static-prod.wtrecom.com/images/products/3/LN_899641_BP_3.jpg,https://www.waitrose.com/ecom/products/isey-skyr-blueberry-icelandic-high-protein-fat-free-yogurt/899641-486835-486836,Isey Skyr Blueberry Icelandic High Protein Fat Free Yogurt,170g,£1.50,88.2p/100g,,Fresh & Chilled
039048,Pure Dairy Free Sunflower Spread,G,false,1129,https://ecom-su-static-prod.wtrecom.com/images/products/3/LN_039048_BP_3.jpg,https://www.waitrose.com/ecom/products/pure-dairy-free-sunflower-spread/039048-19385-19386,Pure Dairy Free Sunflower Spread,500g,£2.25,£4.50/kg,,Fresh & Chilled
714403,Stonebaked Baguette,G,false,1130,https://ecom-su-static-prod.wtrecom.com/images/products/3/LN_714403_BP_3.jpg,https://www.waitrose.com/ecom/products/stonebaked-baguette/714403-382108-382109,Stonebaked Baguette,400g,£1.60,40p/100g,,Fresh & Chilled
071941,GOOD TO GO Coconut Chunks,G,true,1131,https://ecom-su-static-prod.wtrecom.com/images/products/3/LN_071941_BP_3.jpg,https://www.waitrose.com/ecom/products/good-to-go-coconut-chunks/071941-427095-36537,GOOD TO GO Coconut Chunks,80g,£1.10,£1.38/100g,"£5 Food to Go Meal Deal: Add 1 Main, 1 Snack and 1 Drink",Fresh & Chilled
086516,Essential Cherry Tomatoes,G,false,1132,https://ecom-su-static-prod.wtrecom.com/images/products/3/LN_086516_BP_3.jpg,https://www.waitrose.com/ecom/products/essential-cherry-tomatoes/086516-44200-44201,Essential Cherry Tomatoes,250g,£1.00,£4/kg,,Fresh & Chilled
643160,Crosta & Mollica Pizzeria Margherita Pizza,G,true,1133,https://ecom-su-static-prod.wtrecom.com/images/products/3/LN_643160_BP_3.jpg,https://www.waitrose.com/ecom/products/crosta-mollica-pizzeria-margherita-pizza/643160-691716-691717,Crosta & Mollica Pizzeria Margherita Pizza,403g,£4.50,£11.17/kg,25% Off. Was £6.00,Fresh & Chilled
814257,Essential Spring Greens,G,false,1134,https://ecom-su-static-prod.wtrecom.com/images/products/3/LN_814257_BP_3.jpg,https://www.waitrose.com/ecom/products/essential-spring-greens/814257-422017-422018,Essential Spring Greens,500g,80p,£1.60/kg,,Fresh & Chilled
770199,Innocent Pure Orange Fruit Juice with Bits,G,false,1135,https://ecom-su-static-prod.wtrecom.com/images/products/3/LN_770199_BP_3.jpg,https://www.waitrose.com/ecom/products/innocent-pure-orange-fruit-juice-with-bits/770199-124258-124259,Innocent Pure Orange Fruit Juice with Bits,900ml,£3.15,35p/100ml,,Fresh & Chilled
644929,Cooks' Ingredients Tahini,G,false,1136,https://ecom-su-static-prod.wtrecom.com/images/products/3/LN_644929_BP_3.jpg,https://www.waitrose.com/ecom/products/cooks-ingredients-tahini/644929-312347-312348,Cooks' Ingredients Tahini,300g,£3.00,£1/100g,,Fresh & Chilled
451060,Essential British Chicken Mince 5% Fat,G,false,1137,https://ecom-su-static-prod.wtrecom.com/images/products/3/LN_451060_BP_3.jpg,https://www.waitrose.com/ecom/products/essential-british-chicken-mince-5-fat/451060-767752-767753,Essential British Chicken Mince 5% Fat,500g,£3.50,£7/kg,,Fresh & Chilled
433960,Benecol Blueberry Yogurt Drinks,G,true,1138,https://ecom-su-static-prod.wtrecom.com/images/products/3/LN_433960_BP_3.jpg,https://www.waitrose.com/ecom/products/benecol-blueberry-yogurt-drinks/433960-609615-609616,Benecol Blueberry Yogurt Drinks,6x67.5g,£4.50,£1.12/100g,Add 2 for £7.50,Fresh & Chilled
641197,Waitrose Portabellini Mushrooms,G,false,1139,https://ecom-su-static-prod.wtrecom.com/images/products/3/LN_641197_BP_3.jpg,https://www.waitrose.com/ecom/products/waitrose-portabellini-mushrooms/641197-127657-127658,Waitrose Portabellini Mushrooms,250g,£1.75,£7/kg,,Fresh & Chilled
782166,Waitrose Watermelon,G,false,1140,https://ecom-su-static-prod.wtrecom.com/images/products/3/LN_782166_BP_3.jpg,https://www.waitrose.com/ecom/products/waitrose-watermelon/782166-698138-698139,Waitrose Watermelon,200g,£2.25,£1.13/100g,,Fresh & Chilled
518517,Tims Dairy Blackcurrant Greek Style Yogurt Single,G,false,1141,https://ecom-su-static-prod.wtrecom.com/images/products/3/LN_518517_BP_3.jpg,https://www.waitrose.com/ecom/products/tims-dairy-blackcurrant-greek-style-yogurt-single/518517-118898-118899,Tims Dairy Blackcurrant Greek Style Yogurt Single,175g,£1.20,68.6p/100g,,Fresh & Chilled
877498,Beyond Meat Beyond Burger,G,false,1142,https://ecom-su-static-prod.wtrecom.com/images/products/3/LN_877498_BP_3.jpg,https://www.waitrose.com/ecom/products/beyond-meat-beyond-burger/877498-752575-752576,Beyond Meat Beyond Burger,226g,£4.75,£21.02/kg,,Fresh & Chilled
774637,Vita Coco Original Coconut Water Large,G,true,1143,https://ecom-su-static-prod.wtrecom.com/images/products/3/LN_774637_BP_3.jpg,https://www.waitrose.com/ecom/products/vita-coco-original-coconut-water-large/774637-110149-110150,Vita Coco Original Coconut Water Large,1litre,£2.80,28p/100ml,Save 1/3. Was £4.20,Fresh & Chilled
810648,Duchy Organic British Beef Diced Casserole Steak,G,false,1144,https://ecom-su-static-prod.wtrecom.com/images/products/3/LN_810648_BP_3.jpg,https://www.waitrose.com/ecom/products/duchy-organic-british-beef-diced-casserole-steak/810648-754863-754864,Duchy Organic British Beef Diced Casserole Steak,400g,£4.75,£11.88/kg,,Fresh & Chilled
864546,Waitrose British Oak Smoked Ham 6 Slices,G,false,1145,https://ecom-su-static-prod.wtrecom.com/images/products/3/LN_864546_BP_3.jpg,https://www.waitrose.com/ecom/products/waitrose-british-oak-smoked-ham-6-slices/864546-156659-156660,Waitrose British Oak Smoked Ham 6 Slices,115g,£2.75,£2.40/100g,,Fresh & Chilled
735273,No.1 Free Range Lincolnshire Pork Sausages 6s,G,false,1146,https://ecom-su-static-prod.wtrecom.com/images/products/3/LN_735273_BP_3.jpg,https://www.waitrose.com/ecom/products/no1-free-range-lincolnshire-pork-sausages-6s/735273-149491-149492,No.1 Free Range Lincolnshire Pork Sausages 6s,400g,£4.50,£11.25/kg,,Fresh & Chilled
469603,Essential Red Leicester Cheese Strength 3,G,false,1147,https://ecom-su-static-prod.wtrecom.com/images/products/3/LN_469603_BP_3.jpg,https://www.waitrose.com/ecom/products/essential-red-leicester-cheese-strength-3/469603-66203-66204,Essential Red Leicester Cheese Strength 3,350g,£2.95,£8.43/kg,,Fresh & Chilled
007611,Sarson's Distilled Malt Vinegar,G,false,1148,https://ecom-su-static-prod.wtrecom.com/images/products/3/LN_007611_BP_3.jpg,https://www.waitrose.com/ecom/products/sarsons-distilled-malt-vinegar/007611-3564-3565,Sarson's Distilled Malt Vinegar,568ml,£1.70,29.9p/100ml,,Fresh & Chilled
015864,Duchy Organic Unhomogenised Whole Milk 1 Pint,G,false,1149,https://ecom-su-static-prod.wtrecom.com/images/products/3/LN_015864_BP_3.jpg,https://www.waitrose.com/ecom/products/duchy-organic-unhomogenised-whole-milk-1-pint/015864-7587-7588,Duchy Organic Unhomogenised Whole Milk 1 Pint,568ml,£1.15,£2.03/litre,,Fresh & Chilled
757621,Isigny Ste Mere d'Isigny 40% Fat Creme Fraiche,G,false,1150,https://ecom-su-static-prod.wtrecom.com/images/products/3/LN_757621_BP_3.jpg,https://www.waitrose.com/ecom/products/isigny-ste-mere-disigny-40-fat-creme-fraiche/757621-107771-107772,Isigny Ste Mere d'Isigny 40% Fat Creme Fraiche,20cl,£1.80,90p/100ml,,Fresh & Chilled
853372,Waitrose Chinese Battered Chicken Sweet & Sour Sauce for 2,G,true,1151,https://ecom-su-static-prod.wtrecom.com/images/products/3/LN_853372_BP_3.jpg,https://www.waitrose.com/ecom/products/waitrose-chinese-battered-chicken-sweet-sour-sauce-for-2/853372-171728-171729,Waitrose Chinese Battered Chicken Sweet & Sour Sauce for 2,420g,£5.10,£12.15/kg,£12 South East & East Asian Meal Deal : Add 2 Mains & 2 Sides,Fresh & Chilled
033516,Duchy Organic 20 British Beef Meatballs,G,false,1152,https://ecom-su-static-prod.wtrecom.com/images/products/3/LN_033516_BP_3.jpg,https://www.waitrose.com/ecom/products/duchy-organic-20-british-beef-meatballs/033516-16771-16772,Duchy Organic 20 British Beef Meatballs,300g,£3.75,£12.50/kg,,Fresh & Chilled
044125,Flora Original Dairy Free Spread with Natural Ingredients,G,true,1153,https://ecom-su-static-prod.wtrecom.com/images/products/3/LN_044125_BP_3.jpg,https://www.waitrose.com/ecom/products/flora-original-dairy-free-spread-with-natural-ingredients/044125-21725-21726,Flora Original Dairy Free Spread with Natural Ingredients,450g,£1.50,£3.34/kg,save £1.00. Was £2.50,Fresh & Chilled
085237,Waitrose Purple Sprouting Broccoli Spears,G,false,1154,https://ecom-su-static-prod.wtrecom.com/images/products/3/LN_085237_BP_3.jpg,https://www.waitrose.com/ecom/products/waitrose-purple-sprouting-broccoli-spears/085237-43315-43316,Waitrose Purple Sprouting Broccoli Spears,230g,£2.40,£10.44/kg,,Fresh & Chilled
856598,Charlie Bigham's Macaroni Cheese for 1,G,true,1155,https://ecom-su-static-prod.wtrecom.com/images/products/3/LN_856598_BP_3.jpg,https://www.waitrose.com/ecom/products/charlie-bighams-macaroni-cheese-for-1/856598-426072-426073,Charlie Bigham's Macaroni Cheese for 1,340g,£6.00,£17.65/kg,Add 2 for £11,Fresh & Chilled
744398,Duchy Organic 6 British Pork Sausages,G,false,1156,https://ecom-su-static-prod.wtrecom.com/images/products/3/LN_744398_BP_3.jpg,https://www.waitrose.com/ecom/products/duchy-organic-6-british-pork-sausages/744398-105820-105821,Duchy Organic 6 British Pork Sausages,400g,£5.25,£13.13/kg,,Fresh & Chilled
829117,Waitrose Apple Juice with Ginger,G,false,1157,https://ecom-su-static-prod.wtrecom.com/images/products/3/LN_829117_BP_3.jpg,https://www.waitrose.com/ecom/products/waitrose-apple-juice-with-ginger/829117-166797-166798,Waitrose Apple Juice with Ginger,1litre,£2.10,21p/100ml,,Fresh & Chilled
419402,Rachels Dairy Ginger Organic Greek Style Yogurt,G,true,1158,https://ecom-su-static-prod.wtrecom.com/images/products/3/LN_419402_BP_3.jpg,https://www.waitrose.com/ecom/products/rachels-dairy-ginger-organic-greek-style-yogurt/419402-118800-118801,Rachels Dairy Ginger Organic Greek Style Yogurt,450g,£2.00,44.4p/100g,save 80p. Was £2.80,Fresh & Chilled
059045,Waitrose Caramel Panna Cotta,G,true,1159,https://ecom-su-static-prod.wtrecom.com/images/products/3/LN_059045_BP_3.jpg,https://www.waitrose.com/ecom/products/waitrose-caramel-panna-cotta/059045-29732-29733,Waitrose Caramel Panna Cotta,2x120g,£2.15,89.6p/100g,£8 Chicken Dinner Meal Deal: Add 1 Main & 2 Extras,Fresh & Chilled
869740,Waitrose 8 Unsmoked Lean Bacon Medallions,G,true,1160,https://ecom-su-static-prod.wtrecom.com/images/products/3/LN_869740_BP_3.jpg,https://www.waitrose.com/ecom/products/waitrose-8-unsmoked-lean-bacon-medallions/869740-550433-550434,Waitrose 8 Unsmoked Lean Bacon Medallions,200g,£4.00,£20/kg,Add 2 for £7,Fresh & Chilled
372202,Innocent Pure Smooth Orange Fruit Juice Large,G,true,1161,https://ecom-su-static-prod.wtrecom.com/images/products/3/LN_372202_BP_3.jpg,https://www.waitrose.com/ecom/products/innocent-pure-smooth-orange-fruit-juice-large/372202-124082-124083,Innocent Pure Smooth Orange Fruit Juice Large,1.35litre,£3.00,22.2p/100ml,save £1.30. Was £4.30,Fresh & Chilled
564556,Waitrose 4 Cream & Belgium Chocolate Eclairs,G,false,1162,https://ecom-su-static-prod.wtrecom.com/images/products/3/LN_564556_BP_3.jpg,https://www.waitrose.com/ecom/products/waitrose-4-cream-belgium-chocolate-eclairs/564556-788906-788907,Waitrose 4 Cream & Belgium Chocolate Eclairs,4x39g,£2.00,£1.29/100g,,Fresh & Chilled
050889,Babybel Light Mini Lunchbox Snack Cheese,G,false,1163,https://ecom-su-static-prod.wtrecom.com/images/products/3/LN_050889_BP_3.jpg,https://www.waitrose.com/ecom/products/babybel-light-mini-lunchbox-snack-cheese/050889-25317-25318,Babybel Light Mini Lunchbox Snack Cheese,6x20g,£2.55,£21.25/kg,,Fresh & Chilled
066682,Leerdammer Original Sliced Cheese,G,false,1164,https://ecom-su-static-prod.wtrecom.com/images/products/3/LN_066682_BP_3.jpg,https://www.waitrose.com/ecom/products/leerdammer-original-sliced-cheese/066682-33767-33768,Leerdammer Original Sliced Cheese,160g,£2.45,£15.32/kg,,Fresh & Chilled
732962,Waitrose 2 Melton Mowbray Pork Pies,G,false,1165,https://ecom-su-static-prod.wtrecom.com/images/products/3/LN_732962_BP_3.jpg,https://www.waitrose.com/ecom/products/waitrose-2-melton-mowbray-pork-pies/732962-274903-274904,Waitrose 2 Melton Mowbray Pork Pies,150g,£1.85,£1.24/100g,,Fresh & Chilled
881702,Waitrose Extra Large Watermelon,G,false,1166,https://ecom-su-static-prod.wtrecom.com/images/products/3/LN_881702_BP_3.jpg,https://www.waitrose.com/ecom/products/waitrose-extra-large-watermelon/881702-508031-508032,Waitrose Extra Large Watermelon,Each,£3.75,£3.75 each,,Fresh & Chilled
091489,Essential Thin & Crispy Cheese & Tomato Pizza,G,false,1167,https://ecom-su-static-prod.wtrecom.com/images/products/3/LN_091489_BP_3.jpg,https://www.waitrose.com/ecom/products/essential-thin-crispy-cheese-tomato-pizza/091489-47111-47112,Essential Thin & Crispy Cheese & Tomato Pizza,241g,£2.50,£10.38/kg,,Fresh & Chilled
827422,Waitrose Red Grape Fruit Juice,G,false,1168,https://ecom-su-static-prod.wtrecom.com/images/products/3/LN_827422_BP_3.jpg,https://www.waitrose.com/ecom/products/waitrose-red-grape-fruit-juice/827422-762172-762173,Waitrose Red Grape Fruit Juice,1litre,£2.10,21p/100ml,,Fresh & Chilled
445549,Waitrose Black Cherry Low Fat Yogurt,G,false,1169,https://ecom-su-static-prod.wtrecom.com/images/products/3/LN_445549_BP_3.jpg,https://www.waitrose.com/ecom/products/waitrose-black-cherry-low-fat-yogurt/445549-62722-62723,Waitrose Black Cherry Low Fat Yogurt,150g,70p,46.7p/100g,,Fresh & Chilled
033431,Duchy Organic British FR Eggs Very Large,G,false,1170,https://ecom-su-static-prod.wtrecom.com/images/products/3/LN_033431_BP_3.jpg,https://www.waitrose.com/ecom/products/duchy-organic-british-fr-eggs-very-large/033431-16683-16684,Duchy Organic British FR Eggs Very Large,6s,£3.75,62.5p each,,Fresh & Chilled
884020,No.1 Free Range Pork Medallions,G,true,1171,https://ecom-su-static-prod.wtrecom.com/images/products/3/LN_884020_BP_3.jpg,https://www.waitrose.com/ecom/products/no1-free-range-pork-medallions/884020-382472-382473,No.1 Free Range Pork Medallions,240g,£3.37,£14.05/kg,25% Off. Was £4.50,Fresh & Chilled
835184,Waitrose Italian Chicken & Parmesan Fettuccine for 1,G,true,1172,https://ecom-su-static-prod.wtrecom.com/images/products/3/LN_835184_BP_3.jpg,https://www.waitrose.com/ecom/products/waitrose-italian-chicken-parmesan-fettuccine-for-1/835184-759401-759402,Waitrose Italian Chicken & Parmesan Fettuccine for 1,400g,£3.50,£8.75/kg,Add 2 for £6.50,Fresh & Chilled
848480,Almond Breeze Life Unsweetened Milk Alternative,G,true,1173,https://ecom-su-static-prod.wtrecom.com/images/products/3/LN_848480_BP_3.jpg,https://www.waitrose.com/ecom/products/almond-breeze-life-unsweetened-milk-alternative/848480-215257-215258,Almond Breeze Life Unsweetened Milk Alternative,1litre,£1.25,£1.25/litre,save 75p. Was £2.00,Fresh & Chilled
659896,Cooks' Ingredients Peeled Garlic Cloves,G,false,1174,https://ecom-su-static-prod.wtrecom.com/images/products/3/LN_659896_BP_3.jpg,https://www.waitrose.com/ecom/products/cooks-ingredients-peeled-garlic-cloves/659896-93730-93731,Cooks' Ingredients Peeled Garlic Cloves,50g,£1.25,£2.50/100g,,Fresh & Chilled
428911,No. 1 Parmigiano Reggiano DOP Parmesan Cheese,G,false,1175,https://ecom-su-static-prod.wtrecom.com/images/products/3/LN_428911_BP_3.jpg,https://www.waitrose.com/ecom/products/no-1-parmigiano-reggiano-dop-parmesan-cheese/428911-636273-636274,No. 1 Parmigiano Reggiano DOP Parmesan Cheese,200g,£4.25,£21.25/kg,,Fresh & Chilled
830783,Rude Health Coconut Long Life Unsweetened Organic Milk Alternative,G,false,1176,https://ecom-su-static-prod.wtrecom.com/images/products/3/LN_830783_BP_3.jpg,https://www.waitrose.com/ecom/products/rude-health-coconut-long-life-unsweetened-organic-milk-alternative/830783-469919-469920,Rude Health Coconut Long Life Unsweetened Organic Milk Alternative,1litre,£2.40,£2.40/litre,,Fresh & Chilled
876523,Waitrose Battered Haddock Goujons,G,true,1177,https://ecom-su-static-prod.wtrecom.com/images/products/3/LN_876523_BP_3.jpg,https://www.waitrose.com/ecom/products/waitrose-battered-haddock-goujons/876523-757121-757122,Waitrose Battered Haddock Goujons,200g,£5.75,£28.75/kg,Add 3 for £12,Fresh & Chilled
720491,Waitrose Berry Medley,G,false,1178,https://ecom-su-static-prod.wtrecom.com/images/products/3/LN_720491_BP_3.jpg,https://www.waitrose.com/ecom/products/waitrose-berry-medley/720491-698098-698099,Waitrose Berry Medley,230g,£2.95,£1.29/100g,,Fresh & Chilled
037190,Essential Chicken Livers,G,false,1179,https://ecom-su-static-prod.wtrecom.com/images/products/3/LN_037190_BP_3.jpg,https://www.waitrose.com/ecom/products/essential-chicken-livers/037190-18631-18632,Essential Chicken Livers,400g,£1.70,£4.25/kg,,Fresh & Chilled
713038,Waitrose Padron Peppers,G,false,1180,https://ecom-su-static-prod.wtrecom.com/images/products/3/LN_713038_BP_3.jpg,https://www.waitrose.com/ecom/products/waitrose-padron-peppers/713038-344339-344340,Waitrose Padron Peppers,130g,£1.50,£11.54/kg,,Fresh & Chilled
640788,Essential Italian Ricotta Strength 1,G,false,1181,https://ecom-su-static-prod.wtrecom.com/images/products/3/LN_640788_BP_3.jpg,https://www.waitrose.com/ecom/products/essential-italian-ricotta-strength-1/640788-129716-129717,Essential Italian Ricotta Strength 1,250g,£1.50,£6/kg,,Fresh & Chilled
779045,Duchy Organic Pitted Kalamata Olives,G,true,1182,https://ecom-su-static-prod.wtrecom.com/images/products/3/LN_779045_BP_3.jpg,https://www.waitrose.com/ecom/products/duchy-organic-pitted-kalamata-olives/779045-747564-747565,Duchy Organic Pitted Kalamata Olives,drained 160g,£2.40,£1.50/100g,25% Off. Was £3.25,Fresh & Chilled
005965,Denhay Dry Cured Streaky Smoked Bacon,G,false,1183,https://ecom-su-static-prod.wtrecom.com/images/products/3/LN_005965_BP_3.jpg,https://www.waitrose.com/ecom/products/denhay-dry-cured-streaky-smoked-bacon/005965-2600-2601,Denhay Dry Cured Streaky Smoked Bacon,200g,£3.75,£18.75/kg,,Fresh & Chilled
008431,Waitrose Reduced Fat Prawn Cocktail,G,true,1184,https://ecom-su-static-prod.wtrecom.com/images/products/3/LN_008431_BP_3.jpg,https://www.waitrose.com/ecom/products/waitrose-reduced-fat-prawn-cocktail/008431-4007-4008,Waitrose Reduced Fat Prawn Cocktail,170g,£3.75,£22.06/kg,Add 2 for £5.50,Fresh & Chilled
640621,Cooks' Ingredients Pulled Ham Hock,G,true,1185,https://ecom-su-static-prod.wtrecom.com/images/products/3/LN_640621_BP_3.jpg,https://www.waitrose.com/ecom/products/cooks-ingredients-pulled-ham-hock/640621-90987-90988,Cooks' Ingredients Pulled Ham Hock,180g,£3.04,£1.69/100g,20% Off. Was £3.80,Fresh & Chilled
389399,Waitrose Fish Pie Mix,G,true,1186,https://ecom-su-static-prod.wtrecom.com/images/products/3/LN_389399_BP_3.jpg,https://www.waitrose.com/ecom/products/waitrose-fish-pie-mix/389399-237480-237481,Waitrose Fish Pie Mix,260g,£4.95,£19.04/kg,Add 3 for £12,Fresh & Chilled
868760,Waitrose Asian Salmon Burgers with Chilli,G,true,1187,https://ecom-su-static-prod.wtrecom.com/images/products/3/LN_868760_BP_3.jpg,https://www.waitrose.com/ecom/products/waitrose-asian-salmon-burgers-with-chilli/868760-726168-726169,Waitrose Asian Salmon Burgers with Chilli,360g,£4.25,£11.81/kg,Add 3 for £12,Fresh & Chilled
878235,Deliciously Ella Gluten Free & Vegan Oat Bars Peanut Butter,G,false,1188,https://ecom-su-static-prod.wtrecom.com/images/products/3/LN_878235_BP_3.jpg,https://www.waitrose.com/ecom/products/deliciously-ella-gluten-free-vegan-oat-bars-peanut-butter/878235-722684-722685,Deliciously Ella Gluten Free & Vegan Oat Bars Peanut Butter,3x50g,£2.80,£1.87/100g,,Fresh & Chilled
618736,Equinox Kombucha Ginger Organic Fruit Juice,G,false,1189,https://ecom-su-static-prod.wtrecom.com/images/products/3/LN_618736_BP_3.jpg,https://www.waitrose.com/ecom/products/equinox-kombucha-ginger-organic-fruit-juice/618736-746014-746015,Equinox Kombucha Ginger Organic Fruit Juice,750ml,£4.40,58.7p/100ml,,Fresh & Chilled
532227,Waitrose La Ratte Potatoes,G,false,1190,https://ecom-su-static-prod.wtrecom.com/images/products/3/LN_532227_BP_3.jpg,https://www.waitrose.com/ecom/products/waitrose-la-ratte-potatoes/532227-75234-75235,Waitrose La Ratte Potatoes,500g,£2.60,£5.20/kg,,Fresh & Chilled
695971,Moju Cold Pressed Ginger Fruit Juice Single Shot,G,false,1191,https://ecom-su-static-prod.wtrecom.com/images/products/3/LN_695971_BP_3.jpg,https://www.waitrose.com/ecom/products/moju-cold-pressed-ginger-fruit-juice-single-shot/695971-645206-645207,Moju Cold Pressed Ginger Fruit Juice Single Shot,60ml,£2.10,£3.50/100ml,,Fresh & Chilled
019692,Essential British Sliced Honey Roast Ham,G,false,1192,https://ecom-su-static-prod.wtrecom.com/images/products/3/LN_019692_BP_3.jpg,https://www.waitrose.com/ecom/products/essential-british-sliced-honey-roast-ham/019692-9563-9564,Essential British Sliced Honey Roast Ham,260g,£3.45,£1.33/100g,,Fresh & Chilled
893119,Clarence Court Ready to Eat Quail Eggs,G,false,1193,https://ecom-su-static-prod.wtrecom.com/images/products/3/LN_893119_BP_3.jpg,https://www.waitrose.com/ecom/products/clarence-court-ready-to-eat-quail-eggs/893119-452026-452027,Clarence Court Ready to Eat Quail Eggs,12s,£4.90,40.8p each,,Fresh & Chilled
702260,Waitrose 4 Applewood Beef Burgers,G,true,1194,https://ecom-su-static-prod.wtrecom.com/images/products/3/LN_702260_BP_3.jpg,https://www.waitrose.com/ecom/products/waitrose-4-applewood-beef-burgers/702260-415055-415056,Waitrose 4 Applewood Beef Burgers,454g,£4.25,£9.37/kg,Add 3 for £12,Fresh & Chilled
093433,Woodlands Park Dairy Sheep Milk Organic Natural Yogurt,G,false,1195,https://ecom-su-static-prod.wtrecom.com/images/products/3/LN_093433_BP_3.jpg,https://www.waitrose.com/ecom/products/woodlands-park-dairy-sheep-milk-organic-natural-yogurt/093433-47984-47985,Woodlands Park Dairy Sheep Milk Organic Natural Yogurt,450g,£3.20,71.1p/100g,,Fresh & Chilled
843250,Waitrose Lightly Dusted Lemon Sole,G,false,1196,https://ecom-su-static-prod.wtrecom.com/images/products/3/LN_843250_BP_3.jpg,https://www.waitrose.com/ecom/products/waitrose-lightly-dusted-lemon-sole/843250-689754-689755,Waitrose Lightly Dusted Lemon Sole,270g,£6.00,£22.23/kg,,Fresh & Chilled
701356,Waitrose British Salt Beef 6 Slices,G,true,1197,https://ecom-su-static-prod.wtrecom.com/images/products/3/LN_701356_BP_3.jpg,https://www.waitrose.com/ecom/products/waitrose-british-salt-beef-6-slices/701356-319626-319627,Waitrose British Salt Beef 6 Slices,100g,£3.50,£3.50/100g,Add 2 for £6,Fresh & Chilled
696145,Waitrose Sausage rolls 6pk,G,false,1198,https://ecom-su-static-prod.wtrecom.com/images/products/3/LN_696145_BP_3.jpg,https://www.waitrose.com/ecom/products/waitrose-sausage-rolls-6pk/696145-824582-824583,Waitrose Sausage rolls 6pk,360g,£2.30,63.9p/100g,,Fresh & Chilled
063541,Rachels Dairy Organic Natural Greek Style Yogurt,G,true,1199,https://ecom-su-static-prod.wtrecom.com/images/products/3/LN_063541_BP_3.jpg,https://www.waitrose.com/ecom/products/rachels-dairy-organic-natural-greek-style-yogurt/063541-32245-32246,Rachels Dairy Organic Natural Greek Style Yogurt,450g,£1.80,40p/100g,save 30p. Was £2.10,Fresh & Chilled
467419,Alpro Mixed Fruit Dairy Free Yogurt Alternative,G,false,1200,https://ecom-su-static-prod.wtrecom.com/images/products/3/LN_467419_BP_3.jpg,https://www.waitrose.com/ecom/products/alpro-mixed-fruit-dairy-free-yogurt-alternative/467419-65867-65867,Alpro Mixed Fruit Dairy Free Yogurt Alternative,4x125g,£2.65,53p/100g,,Fresh & Chilled
051816,President Emmental Cheese,G,false,1201,https://ecom-su-static-prod.wtrecom.com/images/products/3/LN_051816_BP_3.jpg,https://www.waitrose.com/ecom/products/president-emmental-cheese/051816-25790-25791,President Emmental Cheese,200g,£2.35,£11.75/kg,,Fresh & Chilled
082996,Leerdammer Light Sliced Cheese,G,false,1202,https://ecom-su-static-prod.wtrecom.com/images/products/3/LN_082996_BP_3.jpg,https://www.waitrose.com/ecom/products/leerdammer-light-sliced-cheese/082996-42175-42176,Leerdammer Light Sliced Cheese,160g,£2.45,£15.32/kg,,Fresh & Chilled
053434,Anchor Original Squirty Whipping Cream,G,false,1203,https://ecom-su-static-prod.wtrecom.com/images/products/3/LN_053434_BP_3.jpg,https://www.waitrose.com/ecom/products/anchor-original-squirty-whipping-cream/053434-26731-26732,Anchor Original Squirty Whipping Cream,250g,£2.35,94p/100g,,Fresh & Chilled
423029,HECK Chicken Italia Gluten Free Chipolata Sausages 10 pack,G,false,1204,https://ecom-su-static-prod.wtrecom.com/images/products/3/LN_423029_BP_3.jpg,https://www.waitrose.com/ecom/products/heck-chicken-italia-gluten-free-chipolata-sausages-10-pack/423029-497624-497625,HECK Chicken Italia Gluten Free Chipolata Sausages 10 pack,340g,£3.50,£10.30/kg,,Fresh & Chilled
853483,Tropicana Original Orange Juice with Bits,G,true,1205,https://ecom-su-static-prod.wtrecom.com/images/products/3/LN_853483_BP_3.jpg,https://www.waitrose.com/ecom/products/tropicana-original-orange-juice-with-bits/853483-565196-565197,Tropicana Original Orange Juice with Bits,900ml,£2.10,£2.34/litre,Save 1/3. Was £3.15,Fresh & Chilled
571223,Waitrose Beechwood Smoked Cheese Strength 3,G,false,1206,https://ecom-su-static-prod.wtrecom.com/images/products/3/LN_571223_BP_3.jpg,https://www.waitrose.com/ecom/products/waitrose-beechwood-smoked-cheese-strength-3/571223-268122-268123,Waitrose Beechwood Smoked Cheese Strength 3,150g,£2.45,£16.34/kg,,Fresh & Chilled
088023,Waitrose CI Gooseberries,G,true,1207,https://ecom-su-static-prod.wtrecom.com/images/products/3/LN_088023_BP_3.jpg,https://www.waitrose.com/ecom/products/waitrose-ci-gooseberries/088023-45002-45003,Waitrose CI Gooseberries,320g,£2.50,£7.82/kg,Add 2 for £4,Fresh & Chilled
403328,Waitrose Tex Mex Dip Trio,G,false,1208,https://ecom-su-static-prod.wtrecom.com/images/products/3/LN_403328_BP_3.jpg,https://www.waitrose.com/ecom/products/waitrose-tex-mex-dip-trio/403328-133778-133778,Waitrose Tex Mex Dip Trio,240g,£2.20,91.7p/100g,,Fresh & Chilled
053146,Onken Biopot Set Natural Yogurt,G,true,1209,https://ecom-su-static-prod.wtrecom.com/images/products/3/LN_053146_BP_3.jpg,https://www.waitrose.com/ecom/products/onken-biopot-set-natural-yogurt/053146-26533-26534,Onken Biopot Set Natural Yogurt,450g,£1.25,27.8p/100g,save 85p. Was £2.10,Fresh & Chilled
800924,Ocean Spray Chilled Cranberry Fruit Juice Drink,G,true,1210,https://ecom-su-static-prod.wtrecom.com/images/products/3/LN_800924_BP_3.jpg,https://www.waitrose.com/ecom/products/ocean-spray-chilled-cranberry-fruit-juice-drink/800924-681197-681198,Ocean Spray Chilled Cranberry Fruit Juice Drink,1litre,£1.25,12.5p/100ml,Half Price. Was £2.50,Fresh & Chilled
654488,Waitrose Fresh Spaghetti,G,false,1211,https://ecom-su-static-prod.wtrecom.com/images/products/3/LN_654488_BP_3.jpg,https://www.waitrose.com/ecom/products/waitrose-fresh-spaghetti/654488-793250-793251,Waitrose Fresh Spaghetti,500g,£2.30,£4.60/kg,,Fresh & Chilled
385205,Clearspring Organic Tofu,G,true,1212,https://ecom-su-static-prod.wtrecom.com/images/products/3/LN_385205_BP_3.jpg,https://www.waitrose.com/ecom/products/clearspring-organic-tofu/385205-139950-139951,Clearspring Organic Tofu,300g,£1.45,48.3p/100g,20% Off. Was £1.85,Fresh & Chilled
853166,Principe Italian Prosciutto Crudo,G,true,1213,https://ecom-su-static-prod.wtrecom.com/images/products/3/LN_853166_BP_3.jpg,https://www.waitrose.com/ecom/products/principe-italian-prosciutto-crudo/853166-347916-347917,Principe Italian Prosciutto Crudo,70g,£3.30,£4.72/100g,Add 2 for £6,Fresh & Chilled
013286,Waitrose Cashew Nuts,G,false,1214,https://ecom-su-static-prod.wtrecom.com/images/products/3/LN_013286_BP_3.jpg,https://www.waitrose.com/ecom/products/waitrose-cashew-nuts/013286-6455-6456,Waitrose Cashew Nuts,400g,£5.75,£1.44/100g,,Fresh & Chilled
410727,Seafood & Eat It Fifty Fifty Crab,G,false,1215,https://ecom-su-static-prod.wtrecom.com/images/products/3/LN_410727_BP_3.jpg,https://www.waitrose.com/ecom/products/seafood-eat-it-fifty-fifty-crab/410727-57788-57789,Seafood & Eat It Fifty Fifty Crab,100g,£5.75,£5.75/100g,,Fresh & Chilled
434916,Japan Menyū 6 Tempura King Prawns,G,true,1216,https://ecom-su-static-prod.wtrecom.com/images/products/3/LN_434916_BP_3.jpg,https://www.waitrose.com/ecom/products/japan-meny-6-tempura-king-prawns/434916-810882-810883,Japan Menyū 6 Tempura King Prawns,96g,£2.80,£2.92/100g,20% Off. Was £3.50,Fresh & Chilled
019782,Duchy Organic British Lamb Mince,G,false,1217,https://ecom-su-static-prod.wtrecom.com/images/products/3/LN_019782_BP_3.jpg,https://www.waitrose.com/ecom/products/duchy-organic-british-lamb-mince/019782-425749-9633,Duchy Organic British Lamb Mince,400g,£7.25,£18.13/kg,,Fresh & Chilled
752033,Waitrose Perfectly Ripe Flat Peaches,G,false,1218,https://ecom-su-static-prod.wtrecom.com/images/products/3/LN_752033_BP_3.jpg,https://www.waitrose.com/ecom/products/waitrose-perfectly-ripe-flat-peaches/752033-350007-350008,Waitrose Perfectly Ripe Flat Peaches,4s,£4.00,£1 each,,Fresh & Chilled
041729,Waitrose Indian Chicken Tikka Masala Curry for 2,G,false,1219,https://ecom-su-static-prod.wtrecom.com/images/products/3/LN_041729_BP_3.jpg,https://www.waitrose.com/ecom/products/waitrose-indian-chicken-tikka-masala-curry-for-2/041729-20682-20683,Waitrose Indian Chicken Tikka Masala Curry for 2,350g,£4.95,£14.15/kg,,Fresh & Chilled
524931,No.1 Free Range 6 Cumberland Pork Sausages,G,false,1220,https://ecom-su-static-prod.wtrecom.com/images/products/3/LN_524931_BP_3.jpg,https://www.waitrose.com/ecom/products/no1-free-range-6-cumberland-pork-sausages/524931-148531-148532,No.1 Free Range 6 Cumberland Pork Sausages,400g,£4.50,£11.25/kg,,Fresh & Chilled
443884,Easy to Cook Pork Medallion Flat Steaks with Wild Garlic & Lemon,G,true,1221,https://ecom-su-static-prod.wtrecom.com/images/products/3/LN_443884_BP_3.jpg,https://www.waitrose.com/ecom/products/easy-to-cook-pork-medallion-flat-steaks-with-wild-garlic-lemon/443884-740821-740822,Easy to Cook Pork Medallion Flat Steaks with Wild Garlic & Lemon,261g,£5.50,£21.08/kg,Add 3 for £12,Fresh & Chilled
861718,Muller Corner Peach & Apricot Yogurt Single,G,true,1222,https://ecom-su-static-prod.wtrecom.com/images/products/3/LN_861718_BP_3.jpg,https://www.waitrose.com/ecom/products/muller-corner-peach-apricot-yogurt-single/861718-807075-807076,Muller Corner Peach & Apricot Yogurt Single,136g,95p,69.9p/100g,Add 4 for £2,Fresh & Chilled
676600,Castello Creamy Blue Cheese Strength 4,G,true,1223,https://ecom-su-static-prod.wtrecom.com/images/products/3/LN_676600_BP_3.jpg,https://www.waitrose.com/ecom/products/castello-creamy-blue-cheese-strength-4/676600-96091-96092,Castello Creamy Blue Cheese Strength 4,150g,£2.21,£14.74/kg,25% Off. Was £2.95,Fresh & Chilled
048701,Waitrose Tuna Pâté,G,false,1224,https://ecom-su-static-prod.wtrecom.com/images/products/3/LN_048701_BP_3.jpg,https://www.waitrose.com/ecom/products/waitrose-tuna-pate/048701-24196-24197,Waitrose Tuna Pâté,115g,£2.30,£2/100g,,Fresh & Chilled
563644,Waitrose Popped Garden Peas,G,true,1225,https://ecom-su-static-prod.wtrecom.com/images/products/3/LN_563644_BP_3.jpg,https://www.waitrose.com/ecom/products/waitrose-popped-garden-peas/563644-344178-344179,Waitrose Popped Garden Peas,80g,£1.20,£1.50/100g,Add 3 for £3,Fresh & Chilled
620591,Sweet Baby Red Peppers,G,false,1226,https://ecom-su-static-prod.wtrecom.com/images/products/3/LN_620591_BP_3.jpg,https://www.waitrose.com/ecom/products/sweet-baby-red-peppers/620591-197970-197971,Sweet Baby Red Peppers,150g,£2.20,£14.67/kg,,Fresh & Chilled
086102,Cooks' Ingredients Curly Leaf Parsley,G,false,1227,https://ecom-su-static-prod.wtrecom.com/images/products/3/LN_086102_BP_3.jpg,https://www.waitrose.com/ecom/products/cooks-ingredients-curly-leaf-parsley/086102-43923-43924,Cooks' Ingredients Curly Leaf Parsley,25g,80p,32p/10g,,Fresh & Chilled
460833,Waitrose Roasted Garlic Ciabatta,G,false,1228,https://ecom-su-static-prod.wtrecom.com/images/products/3/LN_460833_BP_3.jpg,https://www.waitrose.com/ecom/products/waitrose-roasted-garlic-ciabatta/460833-64955-64956,Waitrose Roasted Garlic Ciabatta,275g,£2.25,81.8p/100g,,Fresh & Chilled
053408,Waitrose Creme Fraiche Large,G,false,1229,https://ecom-su-static-prod.wtrecom.com/images/products/3/LN_053408_BP_3.jpg,https://www.waitrose.com/ecom/products/waitrose-creme-fraiche-large/053408-26717-26718,Waitrose Creme Fraiche Large,500ml,£3.00,60p/100ml,,Fresh & Chilled
059686,Essential Mature Sliced Cheddar Cheese Strength 4,G,false,1230,https://ecom-su-static-prod.wtrecom.com/images/products/3/LN_059686_BP_3.jpg,https://www.waitrose.com/ecom/products/essential-mature-sliced-cheddar-cheese-strength-4/059686-30104-30105,Essential Mature Sliced Cheddar Cheese Strength 4,250g,£2.80,£11.20/kg,,Fresh & Chilled
052214,Waitrose Melton Mowbray Pork Pie,G,false,1231,https://ecom-su-static-prod.wtrecom.com/images/products/3/LN_052214_BP_3.jpg,https://www.waitrose.com/ecom/products/waitrose-melton-mowbray-pork-pie/052214-26011-26012,Waitrose Melton Mowbray Pork Pie,135g,£1.75,£1.30/100g,,Fresh & Chilled
824055,Unearthed Bavarian Frankfurters,G,true,1232,https://ecom-su-static-prod.wtrecom.com/images/products/3/LN_824055_BP_3.jpg,https://www.waitrose.com/ecom/products/unearthed-bavarian-frankfurters/824055-156619-156620,Unearthed Bavarian Frankfurters,200g,£3.45,£1.73/100g,25% Off. Was £4.60,Fresh & Chilled
037157,Waitrose Indian Pilau Rice,G,false,1233,https://ecom-su-static-prod.wtrecom.com/images/products/3/LN_037157_BP_3.jpg,https://www.waitrose.com/ecom/products/waitrose-indian-pilau-rice/037157-18607-18608,Waitrose Indian Pilau Rice,350g,£2.45,£7/kg,,Fresh & Chilled
005032,Essential 4 British Pork Shoulder Steaks,G,false,1234,https://ecom-su-static-prod.wtrecom.com/images/products/3/LN_005032_BP_3.jpg,https://www.waitrose.com/ecom/products/essential-4-british-pork-shoulder-steaks/005032-2161-2162,Essential 4 British Pork Shoulder Steaks,Typical weight 0.71kg,£4.82 each est.,£6.75/kg,,Fresh & Chilled
427744,Findlater's Chicken Liver Paté,G,false,1235,https://ecom-su-static-prod.wtrecom.com/images/products/3/LN_427744_BP_3.jpg,https://www.waitrose.com/ecom/products/findlaters-chicken-liver-pate/427744-60185-60186,Findlater's Chicken Liver Paté,120g,£3.75,£3.13/100g,,Fresh & Chilled
899848,Vita Coco Pressed Coconut Water Large,G,false,1236,https://ecom-su-static-prod.wtrecom.com/images/products/3/LN_899848_BP_3.jpg,https://www.waitrose.com/ecom/products/vita-coco-pressed-coconut-water-large/899848-724242-724243,Vita Coco Pressed Coconut Water Large,1litre,£4.20,42p/100ml,,Fresh & Chilled
741832,Oatly Oat Barista Chilled Dairy Free Milk Alternative,G,false,1237,https://ecom-su-static-prod.wtrecom.com/images/products/3/LN_741832_BP_3.jpg,https://www.waitrose.com/ecom/products/oatly-oat-barista-chilled-dairy-free-milk-alternative/741832-783128-783129,Oatly Oat Barista Chilled Dairy Free Milk Alternative,1litre,£2.30,£2.30/litre,,Fresh & Chilled
866513,Waitrose Melon Trio,G,false,1238,https://ecom-su-static-prod.wtrecom.com/images/products/3/LN_866513_BP_3.jpg,https://www.waitrose.com/ecom/products/waitrose-melon-trio/866513-698198-698199,Waitrose Melon Trio,220g,£2.50,£1.14/100g,,Fresh & Chilled
562636,Waitrose German Cambozola,G,false,1239,https://ecom-su-static-prod.wtrecom.com/images/products/3/LN_562636_BP_3.jpg,https://www.waitrose.com/ecom/products/waitrose-german-cambozola/562636-129664-129665,Waitrose German Cambozola,170g,£3.00,£17.65/kg,,Fresh & Chilled
892254,Cooks' Ingredients Crispy Bacon Rashers,G,true,1240,https://ecom-su-static-prod.wtrecom.com/images/products/3/LN_892254_BP_3.jpg,https://www.waitrose.com/ecom/products/cooks-ingredients-crispy-bacon-rashers/892254-319754-319755,Cooks' Ingredients Crispy Bacon Rashers,55g,£3.16,£5.75/100g,20% Off. Was £3.95,Fresh & Chilled
552803,Waitrose Cherry Tomato & Basil Sauce,G,false,1241,https://ecom-su-static-prod.wtrecom.com/images/products/3/LN_552803_BP_3.jpg,https://www.waitrose.com/ecom/products/waitrose-cherry-tomato-basil-sauce/552803-211672-211673,Waitrose Cherry Tomato & Basil Sauce,350g,£2.95,84.3p/100g,,Fresh & Chilled
432442,Waitrose 4 Chicken & Chorizo Kofta Kebabs,G,true,1242,https://ecom-su-static-prod.wtrecom.com/images/products/3/LN_432442_BP_3.jpg,https://www.waitrose.com/ecom/products/waitrose-4-chicken-chorizo-kofta-kebabs/432442-804308-804309,Waitrose 4 Chicken & Chorizo Kofta Kebabs,270g,£4.25,£1.58/100g,Add 3 for £12,Fresh & Chilled
743423,Taste Original 12 Mini Satay Skewers,G,false,1243,https://ecom-su-static-prod.wtrecom.com/images/products/3/LN_743423_BP_3.jpg,https://www.waitrose.com/ecom/products/taste-original-12-mini-satay-skewers/743423-105674-105675,Taste Original 12 Mini Satay Skewers,96g,£3.00,£3.13/100g,,Fresh & Chilled
007182,Essential White Wine Vinegar,G,false,1244,https://ecom-su-static-prod.wtrecom.com/images/products/3/LN_007182_BP_3.jpg,https://www.waitrose.com/ecom/products/essential-white-wine-vinegar/007182-3295-3296,Essential White Wine Vinegar,500ml,£2.00,40p/100ml,,Fresh & Chilled
776382,GoVeggie: Vegetarian Aubergine & Feta Burgers,G,false,1245,https://ecom-su-static-prod.wtrecom.com/images/products/3/LN_776382_BP_3.jpg,https://www.waitrose.com/ecom/products/goveggie-vegetarian-aubergine-feta-burgers/776382-382222-382223,GoVeggie: Vegetarian Aubergine & Feta Burgers,210g,£2.60,£12.39/kg,,Fresh & Chilled
051424,Port Salut French Sliced Cheese,G,true,1246,https://ecom-su-static-prod.wtrecom.com/images/products/3/LN_051424_BP_3.jpg,https://www.waitrose.com/ecom/products/port-salut-french-sliced-cheese/051424-25608-25609,Port Salut French Sliced Cheese,120g,£2.06,£17.17/kg,25% Off. Was £2.75,Fresh & Chilled
816562,Duchy Organic Baby Potatoes,G,false,1247,https://ecom-su-static-prod.wtrecom.com/images/products/3/LN_816562_BP_3.jpg,https://www.waitrose.com/ecom/products/duchy-organic-baby-potatoes/816562-777436-777437,Duchy Organic Baby Potatoes,750g,£1.90,£2.54/kg,,Fresh & Chilled
560101,Duchy Organic Ayrshire Unhomogenised Whole Milk,G,false,1248,https://ecom-su-static-prod.wtrecom.com/images/products/3/LN_560101_BP_3.jpg,https://www.waitrose.com/ecom/products/duchy-organic-ayrshire-unhomogenised-whole-milk/560101-560479-560480,Duchy Organic Ayrshire Unhomogenised Whole Milk,1litre,£1.65,£1.65/litre,,Fresh & Chilled
550870,English Cheesecake Billionaire Crackable Cheesecake Pots,G,false,1249,https://ecom-su-static-prod.wtrecom.com/images/products/3/LN_550870_BP_3.jpg,https://www.waitrose.com/ecom/products/english-cheesecake-billionaire-crackable-cheesecake-pots/550870-825091-825092,English Cheesecake Billionaire Crackable Cheesecake Pots,2x90g,£3.95,£2.20/100g,,Fresh & Chilled
427650,Waitrose Steak Pie,G,false,1250,https://ecom-su-static-prod.wtrecom.com/images/products/3/LN_427650_BP_3.jpg,https://www.waitrose.com/ecom/products/waitrose-steak-pie/427650-810878-810879,Waitrose Steak Pie,550g,£4.75,86.4p/100g,,Fresh & Chilled
825252,Waitrose Indian Onion Bhajis,G,false,1251,https://ecom-su-static-prod.wtrecom.com/images/products/3/LN_825252_BP_3.jpg,https://www.waitrose.com/ecom/products/waitrose-indian-onion-bhajis/825252-767197-767198,Waitrose Indian Onion Bhajis,300g,£2.85,£9.50/kg,,Fresh & Chilled
078297,Waitrose Yorkshire Wensleydale Cheese with Mango & Ginger Strength 2,G,true,1252,https://ecom-su-static-prod.wtrecom.com/images/products/3/LN_078297_BP_3.jpg,https://www.waitrose.com/ecom/products/waitrose-yorkshire-wensleydale-cheese-with-mango-ginger-strength-2/078297-39853-39854,Waitrose Yorkshire Wensleydale Cheese with Mango & Ginger Strength 2,180g,£2.90,£16.12/kg,Add 2 for £5,Fresh & Chilled
736073,Dickinson & Morris Melton Mowbray Pork Pie,G,false,1253,https://ecom-su-static-prod.wtrecom.com/images/products/3/LN_736073_BP_3.jpg,https://www.waitrose.com/ecom/products/dickinson-morris-melton-mowbray-pork-pie/736073-469753-469754,Dickinson & Morris Melton Mowbray Pork Pie,440g,£4.25,96.6p/100g,,Fresh & Chilled
485113,Actimel Immunity Multifruit Live Yogurt Drinks Large Pack,G,true,1254,https://ecom-su-static-prod.wtrecom.com/images/products/3/LN_485113_BP_3.jpg,https://www.waitrose.com/ecom/products/actimel-immunity-multifruit-live-yogurt-drinks-large-pack/485113-68517-68518,Actimel Immunity Multifruit Live Yogurt Drinks Large Pack,12x100g,£3.00,25p/100g,save £1.75. Was £4.75,Fresh & Chilled
484337,Waitrose Greek Feta Cheese Strength 3,G,false,1255,https://ecom-su-static-prod.wtrecom.com/images/products/3/LN_484337_BP_3.jpg,https://www.waitrose.com/ecom/products/waitrose-greek-feta-cheese-strength-3/484337-268074-268075,Waitrose Greek Feta Cheese Strength 3,200g,£3.10,£15.50/kg,,Fresh & Chilled
466894,Waitrose 4 Mediterranean Sea Bass Fillets,G,false,1256,https://ecom-su-static-prod.wtrecom.com/images/products/3/LN_466894_BP_3.jpg,https://www.waitrose.com/ecom/products/waitrose-4-mediterranean-sea-bass-fillets/466894-702557-702558,Waitrose 4 Mediterranean Sea Bass Fillets,360g,£9.50,£26.39/kg,,Fresh & Chilled
523974,Essential Cheese Sauce,G,false,1257,https://ecom-su-static-prod.wtrecom.com/images/products/3/LN_523974_BP_3.jpg,https://www.waitrose.com/ecom/products/essential-cheese-sauce/523974-74112-74113,Essential Cheese Sauce,350g,£1.95,55.7p/100g,,Fresh & Chilled
778720,Waitrose Creamy Pecorino Dip,G,true,1258,https://ecom-su-static-prod.wtrecom.com/images/products/3/LN_778720_BP_3.jpg,https://www.waitrose.com/ecom/products/waitrose-creamy-pecorino-dip/778720-824592-824593,Waitrose Creamy Pecorino Dip,170g,£2.85,£1.68/100g,Add 2 for £5.50,Fresh & Chilled
408646,Duchy Organic Roast Beef Topside with Mustard,G,false,1259,https://ecom-su-static-prod.wtrecom.com/images/products/3/LN_408646_BP_3.jpg,https://www.waitrose.com/ecom/products/duchy-organic-roast-beef-topside-with-mustard/408646-57512-57513,Duchy Organic Roast Beef Topside with Mustard,70g,£4.00,£5.72/100g,,Fresh & Chilled
413020,Waitrose Pineapple,G,false,1260,https://ecom-su-static-prod.wtrecom.com/images/products/3/LN_413020_BP_3.jpg,https://www.waitrose.com/ecom/products/waitrose-pineapple/413020-697952-697953,Waitrose Pineapple,500g,£3.75,£7.50/kg,,Fresh & Chilled
367771,Waitrose Creamy Butternut Squash & Tarragon Soup,G,false,1261,https://ecom-su-static-prod.wtrecom.com/images/products/3/LN_367771_BP_3.jpg,https://www.waitrose.com/ecom/products/waitrose-creamy-butternut-squash-tarragon-soup/367771-135275-135276,Waitrose Creamy Butternut Squash & Tarragon Soup,600g,£2.85,47.5p/100g,,Fresh & Chilled
484592,Levantine Table Tabbouleh Salad,G,false,1262,https://ecom-su-static-prod.wtrecom.com/images/products/3/LN_484592_BP_3.jpg,https://www.waitrose.com/ecom/products/levantine-table-tabbouleh-salad/484592-756346-756347,Levantine Table Tabbouleh Salad,185g,£2.50,£1.36/100g,,Fresh & Chilled
099351,Waitrose British Oak Smoked Ham 4 Slices,G,true,1263,https://ecom-su-static-prod.wtrecom.com/images/products/3/LN_099351_BP_3.jpg,https://www.waitrose.com/ecom/products/waitrose-british-oak-smoked-ham-4-slices/099351-50680-50681,Waitrose British Oak Smoked Ham 4 Slices,130g,£3.50,£2.70/100g,Add 2 for £6,Fresh & Chilled
614571,Waitrose 8 British Smoked Back Bacon Rashers,G,true,1264,https://ecom-su-static-prod.wtrecom.com/images/products/3/LN_614571_BP_3.jpg,https://www.waitrose.com/ecom/products/waitrose-8-british-smoked-back-bacon-rashers/614571-780195-780196,Waitrose 8 British Smoked Back Bacon Rashers,250g,£4.00,£16/kg,Add 2 for £7,Fresh & Chilled
812940,Bonne Maman Crème Brûlée,G,false,1265,https://ecom-su-static-prod.wtrecom.com/images/products/3/LN_812940_BP_3.jpg,https://www.waitrose.com/ecom/products/bonne-maman-creme-brulee/812940-373613-373614,Bonne Maman Crème Brûlée,200g,£3.35,£1.68/100g,,Fresh & Chilled
010001,Alpro Soya Long Life No Sugar Dairy Free Milk Alternative,G,true,1266,https://ecom-su-static-prod.wtrecom.com/images/products/3/LN_010001_BP_3.jpg,https://www.waitrose.com/ecom/products/alpro-soya-long-life-no-sugar-dairy-free-milk-alternative/010001-4990-4991,Alpro Soya Long Life No Sugar Dairy Free Milk Alternative,1litre,£1.50,£1.50/litre,save 70p. Was £2.20,Fresh & Chilled
511572,Waitrose Smitten Apples,G,false,1267,https://ecom-su-static-prod.wtrecom.com/images/products/3/LN_511572_BP_3.jpg,https://www.waitrose.com/ecom/products/waitrose-smitten-apples/511572-538633-538634,Waitrose Smitten Apples,4s,£2.10,52.5p each,,Fresh & Chilled
583738,Muller Rice Original Low Fat Pudding,G,false,1268,https://ecom-su-static-prod.wtrecom.com/images/products/3/LN_583738_BP_3.jpg,https://www.waitrose.com/ecom/products/muller-rice-original-low-fat-pudding/583738-82737-82738,Muller Rice Original Low Fat Pudding,170g,95p,55.9p/100g,,Fresh & Chilled
751726,Waitrose 20 Native Breed Reduced Fat Beef Meatballs,G,false,1269,https://ecom-su-static-prod.wtrecom.com/images/products/3/LN_751726_BP_3.jpg,https://www.waitrose.com/ecom/products/waitrose-20-native-breed-reduced-fat-beef-meatballs/751726-538883-538884,Waitrose 20 Native Breed Reduced Fat Beef Meatballs,300g,£3.95,£13.17/kg,,Fresh & Chilled
429327,Yeo Valley Long Life Organic Semi-Skimmed Milk,G,false,1270,https://ecom-su-static-prod.wtrecom.com/images/products/3/LN_429327_BP_3.jpg,https://www.waitrose.com/ecom/products/yeo-valley-long-life-organic-semi-skimmed-milk/429327-791823-791824,Yeo Valley Long Life Organic Semi-Skimmed Milk,1 litre,£2.00,£2/litre,,Fresh & Chilled
608474,Isey Skyr Sea Salted Caramel Icelandic High Protein Fat Free Yogurt,G,false,1271,https://ecom-su-static-prod.wtrecom.com/images/products/3/LN_608474_BP_3.jpg,https://www.waitrose.com/ecom/products/isey-skyr-sea-salted-caramel-icelandic-high-protein-fat-free-yogurt/608474-788928-788929,Isey Skyr Sea Salted Caramel Icelandic High Protein Fat Free Yogurt,170g,£1.50,88.2p/100g,,Fresh & Chilled
762992,Alpro Oat Milk Long Life No Sugar Dairy Free Milk Alternative,G,true,1272,https://ecom-su-static-prod.wtrecom.com/images/products/3/LN_762992_BP_3.jpg,https://www.waitrose.com/ecom/products/alpro-oat-milk-long-life-no-sugar-dairy-free-milk-alternative/762992-677502-677503,Alpro Oat Milk Long Life No Sugar Dairy Free Milk Alternative,1litre,£1.50,£1.50/litre,save 90p. Was £2.40,Fresh & Chilled
757447,Tims Dairy Honey Greek Style Yogurt Single,G,false,1273,https://ecom-su-static-prod.wtrecom.com/images/products/3/LN_757447_BP_3.jpg,https://www.waitrose.com/ecom/products/tims-dairy-honey-greek-style-yogurt-single/757447-119094-119095,Tims Dairy Honey Greek Style Yogurt Single,175g,£1.20,68.6p/100g,,Fresh & Chilled
694741,Waitrose Pimento Stuffed Greek Halkidiki Olives,G,true,1274,https://ecom-su-static-prod.wtrecom.com/images/products/3/LN_694741_BP_3.jpg,https://www.waitrose.com/ecom/products/waitrose-pimento-stuffed-greek-halkidiki-olives/694741-202395-202396,Waitrose Pimento Stuffed Greek Halkidiki Olives,150g,£3.75,£2.50/100g,Add 2 for £5.50,Fresh & Chilled
728814,Waitrose Diced Msc Yellowfin Tuna,G,true,1275,https://ecom-su-static-prod.wtrecom.com/images/products/3/LN_728814_BP_3.jpg,https://www.waitrose.com/ecom/products/waitrose-diced-msc-yellowfin-tuna/728814-754521-754522,Waitrose Diced Msc Yellowfin Tuna,200g,£5.25,£26.25/kg,Add 3 for £12,Fresh & Chilled
599109,Cooks' Ingredients Spanish Navara Chorizo,G,true,1276,https://ecom-su-static-prod.wtrecom.com/images/products/3/LN_599109_BP_3.jpg,https://www.waitrose.com/ecom/products/cooks-ingredients-spanish-navara-chorizo/599109-785466-785467,Cooks' Ingredients Spanish Navara Chorizo,190g,£2.32,£1.23/100g,20% Off. Was £2.90,Fresh & Chilled
734557,Waitrose 2 Poached Lemon & Herb Salmon Fillets,G,false,1277,https://ecom-su-static-prod.wtrecom.com/images/products/3/LN_734557_BP_3.jpg,https://www.waitrose.com/ecom/products/waitrose-2-poached-lemon-herb-salmon-fillets/734557-229953-229954,Waitrose 2 Poached Lemon & Herb Salmon Fillets,170g,£6.95,£40.89/kg,,Fresh & Chilled
686419,Waitrose Steak Pie,G,false,1278,https://ecom-su-static-prod.wtrecom.com/images/products/3/LN_686419_BP_3.jpg,https://www.waitrose.com/ecom/products/waitrose-steak-pie/686419-810955-810956,Waitrose Steak Pie,200g,£2.75,£1.38/100g,,Fresh & Chilled
807420,Waitrose Davidstow Cornish Mature Sliced Cheddar Cheese Strength 5,G,false,1279,https://ecom-su-static-prod.wtrecom.com/images/products/3/LN_807420_BP_3.jpg,https://www.waitrose.com/ecom/products/waitrose-davidstow-cornish-mature-sliced-cheddar-cheese-strength-5/807420-791879-791880,Waitrose Davidstow Cornish Mature Sliced Cheddar Cheese Strength 5,160g,£2.50,£15.63/kg,,Fresh & Chilled
857669,Waitrose Baby Beetroot with Horseradish,G,false,1280,https://ecom-su-static-prod.wtrecom.com/images/products/3/LN_857669_BP_3.jpg,https://www.waitrose.com/ecom/products/waitrose-baby-beetroot-with-horseradish/857669-693579-693580,Waitrose Baby Beetroot with Horseradish,180g,£1.65,£9.17/kg,,Fresh & Chilled
726352,Cawston Press Kids' Blend Apple & Pear,G,false,1281,https://ecom-su-static-prod.wtrecom.com/images/products/3/LN_726352_BP_3.jpg,https://www.waitrose.com/ecom/products/cawston-press-kids-blend-apple-pear/726352-200385-200386,Cawston Press Kids' Blend Apple & Pear,3x200ml,£2.35,39.2p/100ml,,Fresh & Chilled
039178,President Unsalted Spreadable Butter,G,true,1282,https://ecom-su-static-prod.wtrecom.com/images/products/3/LN_039178_BP_3.jpg,https://www.waitrose.com/ecom/products/president-unsalted-spreadable-butter/039178-19437-19438,President Unsalted Spreadable Butter,250g,£2.25,£9/kg,save 50p. Was £2.75,Fresh & Chilled
886190,Waitrose Medium Jarlsberg Cheese Strength 3,G,false,1283,https://ecom-su-static-prod.wtrecom.com/images/products/3/LN_886190_BP_3.jpg,https://www.waitrose.com/ecom/products/waitrose-medium-jarlsberg-cheese-strength-3/886190-311498-311499,Waitrose Medium Jarlsberg Cheese Strength 3,230g,£2.95,£12.83/kg,,Fresh & Chilled
548379,Bio-tiful Dairy Natural Kefir Drink,G,false,1284,https://ecom-su-static-prod.wtrecom.com/images/products/3/LN_548379_BP_3.jpg,https://www.waitrose.com/ecom/products/bio-tiful-dairy-natural-kefir-drink/548379-661659-661660,Bio-tiful Dairy Natural Kefir Drink,500ml,£2.75,55p/100ml,,Fresh & Chilled
758216,Essential Fat Free Natural Yogurt,G,false,1285,https://ecom-su-static-prod.wtrecom.com/images/products/3/LN_758216_BP_3.jpg,https://www.waitrose.com/ecom/products/essential-fat-free-natural-yogurt/758216-107855-107856,Essential Fat Free Natural Yogurt,500g,90p,18p/100g,,Fresh & Chilled
839090,Benecol Peach & Apricot No Added Sugar Yogurt Drinks,G,true,1286,https://ecom-su-static-prod.wtrecom.com/images/products/3/LN_839090_BP_3.jpg,https://www.waitrose.com/ecom/products/benecol-peach-apricot-no-added-sugar-yogurt-drinks/839090-609646-609647,Benecol Peach & Apricot No Added Sugar Yogurt Drinks,6x67.5g,£4.50,£1.12/100g,Add 2 for £7.50,Fresh & Chilled
409360,Waitrose British Sliced Wilts Cured Ham,G,true,1287,https://ecom-su-static-prod.wtrecom.com/images/products/3/LN_409360_BP_3.jpg,https://www.waitrose.com/ecom/products/waitrose-british-sliced-wilts-cured-ham/409360-319530-319531,Waitrose British Sliced Wilts Cured Ham,130g,£3.50,£2.70/100g,Add 2 for £6,Fresh & Chilled
031654,Waitrose Cheese & Onion Quiche,G,false,1288,https://ecom-su-static-prod.wtrecom.com/images/products/3/LN_031654_BP_3.jpg,https://www.waitrose.com/ecom/products/waitrose-cheese-onion-quiche/031654-15429-15430,Waitrose Cheese & Onion Quiche,155g,£1.95,£1.26/100g,,Fresh & Chilled
829016,The Tofoo Co. Naked XL,G,true,1289,https://ecom-su-static-prod.wtrecom.com/images/products/3/LN_829016_BP_3.jpg,https://www.waitrose.com/ecom/products/the-tofoo-co-naked-xl/829016-745754-745755,The Tofoo Co. Naked XL,450g,£3.55,£7.89/kg,"£7 Stir Fry Meal Deal: Add protein, veg, sauce & rice or noodles",Fresh & Chilled
512509,Waitrose Indian Chicken Korma With Pilau Rice Curry for 1,G,false,1290,https://ecom-su-static-prod.wtrecom.com/images/products/3/LN_512509_BP_3.jpg,https://www.waitrose.com/ecom/products/waitrose-indian-chicken-korma-with-pilau-rice-curry-for-1/512509-272068-272069,Waitrose Indian Chicken Korma With Pilau Rice Curry for 1,400g,£3.95,£9.88/kg,,Fresh & Chilled
721333,Waitrose British Pork Baby Back Ribs,G,false,1291,https://ecom-su-static-prod.wtrecom.com/images/products/3/LN_721333_BP_3.jpg,https://www.waitrose.com/ecom/products/waitrose-british-pork-baby-back-ribs/721333-805649-805650,Waitrose British Pork Baby Back Ribs,Typical weight 450g,£4.05 each est.,90p/100g,,Fresh & Chilled
667579,Waitrose Stonebaked Goats Cheese & Caramelised Red Onion Pizza,G,false,1292,https://ecom-su-static-prod.wtrecom.com/images/products/3/LN_667579_BP_3.jpg,https://www.waitrose.com/ecom/products/waitrose-stonebaked-goats-cheese-caramelised-red-onion-pizza/667579-805627-805628,Waitrose Stonebaked Goats Cheese & Caramelised Red Onion Pizza,380g,£4.95,£13.03/kg,,Fresh & Chilled
493883,Waitrose Aberdeen Angus Beef Chipolatas,G,true,1293,https://ecom-su-static-prod.wtrecom.com/images/products/3/LN_493883_BP_3.jpg,https://www.waitrose.com/ecom/products/waitrose-aberdeen-angus-beef-chipolatas/493883-69796-69797,Waitrose Aberdeen Angus Beef Chipolatas,340g,£3.95,£11.62/kg,Add 2 for £5.75,Fresh & Chilled
867418,Waitrose Bramley Apple Pie,G,false,1294,https://ecom-su-static-prod.wtrecom.com/images/products/3/LN_867418_BP_3.jpg,https://www.waitrose.com/ecom/products/waitrose-bramley-apple-pie/867418-620215-620216,Waitrose Bramley Apple Pie,550g,£3.95,71.8p/100g,,Fresh & Chilled
088174,Essential Home Ripening Nectarines,G,false,1295,https://ecom-su-static-prod.wtrecom.com/images/products/3/LN_088174_BP_3.jpg,https://www.waitrose.com/ecom/products/essential-home-ripening-nectarines/088174-372146-45147,Essential Home Ripening Nectarines,4s,£2.80,70p each,,Fresh & Chilled
630244,Waitrose 2 British Venison Burgers,G,true,1296,https://ecom-su-static-prod.wtrecom.com/images/products/3/LN_630244_BP_3.jpg,https://www.waitrose.com/ecom/products/waitrose-2-british-venison-burgers/630244-175166-175167,Waitrose 2 British Venison Burgers,227g,£3.22,£14.19/kg,25% Off. Was £4.30,Fresh & Chilled
853454,Levantine Table Houmous with Chickpeas & Spicy Zhoug,G,false,1297,https://ecom-su-static-prod.wtrecom.com/images/products/3/LN_853454_BP_3.jpg,https://www.waitrose.com/ecom/products/levantine-table-houmous-with-chickpeas-spicy-zhoug/853454-755695-755696,Levantine Table Houmous with Chickpeas & Spicy Zhoug,200g,£2.85,£1.43/100g,,Fresh & Chilled
061653,Waitrose Lemon & Coriander Houmous,G,true,1298,https://ecom-su-static-prod.wtrecom.com/images/products/3/LN_061653_BP_3.jpg,https://www.waitrose.com/ecom/products/waitrose-lemon-coriander-houmous/061653-31244-31245,Waitrose Lemon & Coriander Houmous,200g,£1.75,87.5p/100g,Add 2 for £2.50,Fresh & Chilled
686413,Waitrose Italian Spaghetti & Meatballs for 1,G,true,1299,https://ecom-su-static-prod.wtrecom.com/images/products/3/LN_686413_BP_3.jpg,https://www.waitrose.com/ecom/products/waitrose-italian-spaghetti-meatballs-for-1/686413-759128-759129,Waitrose Italian Spaghetti & Meatballs for 1,400g,£3.50,£8.75/kg,Add 2 for £6.50,Fresh & Chilled
068716,Yeo Valley Organic Half Fat Creme Fraiche,G,false,1300,https://ecom-su-static-prod.wtrecom.com/images/products/3/LN_068716_BP_3.jpg,https://www.waitrose.com/ecom/products/yeo-valley-organic-half-fat-creme-fraiche/068716-34855-34856,Yeo Valley Organic Half Fat Creme Fraiche,200g,£1.45,72.5p/100g,,Fresh & Chilled
860982,No.1 Lamb Moussaka,G,true,1301,https://ecom-su-static-prod.wtrecom.com/images/products/3/LN_860982_BP_3.jpg,https://www.waitrose.com/ecom/products/no1-lamb-moussaka/860982-757065-757066,No.1 Lamb Moussaka,750g,£9.95,£13.27/kg,£12 Our Very Best Dine In: Add Main + Side + Starter or Dessert,Fresh & Chilled
475607,Waitrose Strawberry Jam & Cream Doughnuts,G,false,1302,https://ecom-su-static-prod.wtrecom.com/images/products/3/LN_475607_BP_3.jpg,https://www.waitrose.com/ecom/products/waitrose-strawberry-jam-cream-doughnuts/475607-373115-373116,Waitrose Strawberry Jam & Cream Doughnuts,2s,£2.35,£1.18 each,,Fresh & Chilled
859830,Waitrose Summer 2 Layered Summer Puddings,G,false,1303,https://ecom-su-static-prod.wtrecom.com/images/products/3/LN_859830_BP_3.jpg,https://www.waitrose.com/ecom/products/waitrose-summer-2-layered-summer-puddings/859830-779995-779996,Waitrose Summer 2 Layered Summer Puddings,2x150g,£4.00,£1.34/100g,,Fresh & Chilled
755839,Waitrose Mango Fingers,G,false,1304,https://ecom-su-static-prod.wtrecom.com/images/products/3/LN_755839_BP_3.jpg,https://www.waitrose.com/ecom/products/waitrose-mango-fingers/755839-772480-772481,Waitrose Mango Fingers,600g,£4.70,£7.84/kg,,Fresh & Chilled
661012,"Waitrose Beetroot, Spinach & Mascarpone Quiche",G,true,1305,https://ecom-su-static-prod.wtrecom.com/images/products/3/LN_661012_BP_3.jpg,https://www.waitrose.com/ecom/products/waitrose-beetroot-spinach-mascarpone-quiche/661012-824574-824575,"Waitrose Beetroot, Spinach & Mascarpone Quiche",400g,£3.50,87.5p/100g,Add 2 for £5.50,Fresh & Chilled
654833,Cooks' Ingredients Diced Chorizo,G,false,1306,https://ecom-su-static-prod.wtrecom.com/images/products/3/LN_654833_BP_3.jpg,https://www.waitrose.com/ecom/products/cooks-ingredients-diced-chorizo/654833-92951-92952,Cooks' Ingredients Diced Chorizo,2x60g,£3.20,£2.67/100g,,Fresh & Chilled
631083,Charlie Bigham's Meatballs Al Forno for 2,G,false,1307,https://ecom-su-static-prod.wtrecom.com/images/products/3/LN_631083_BP_3.jpg,https://www.waitrose.com/ecom/products/charlie-bighams-meatballs-al-forno-for-2/631083-136409-136410,Charlie Bigham's Meatballs Al Forno for 2,650g,£9.50,£14.62/kg,,Fresh & Chilled
088065,Essential Blackberries,G,false,1308,https://ecom-su-static-prod.wtrecom.com/images/products/3/LN_088065_BP_3.jpg,https://www.waitrose.com/ecom/products/essential-blackberries/088065-45057-45058,Essential Blackberries,150g,£2.50,£16.67/kg,,Fresh & Chilled
085148,Essential Parsnips,G,false,1309,https://ecom-su-static-prod.wtrecom.com/images/products/3/LN_085148_BP_3.jpg,https://www.waitrose.com/ecom/products/essential-parsnips/085148-43238-43239,Essential Parsnips,500g,75p,£1.50/kg,,Fresh & Chilled
595470,Essential Italian Mini Mozzarella Cheese Strength 1,G,false,1310,https://ecom-su-static-prod.wtrecom.com/images/products/3/LN_595470_BP_3.jpg,https://www.waitrose.com/ecom/products/essential-italian-mini-mozzarella-cheese-strength-1/595470-151815-151816,Essential Italian Mini Mozzarella Cheese Strength 1,drained 150g,£2.00,£13.34/kg,,Fresh & Chilled
484412,Waitrose Hot Smoked Scottish Salmon Flakes,G,false,1311,https://ecom-su-static-prod.wtrecom.com/images/products/3/LN_484412_BP_3.jpg,https://www.waitrose.com/ecom/products/waitrose-hot-smoked-scottish-salmon-flakes/484412-68403-68404,Waitrose Hot Smoked Scottish Salmon Flakes,100g,£4.95,£4.95/100g,,Fresh & Chilled
005045,"Pizza Express Classic Margherita, Mozzarella",G,false,1312,https://ecom-su-static-prod.wtrecom.com/images/products/3/LN_005045_BP_3.jpg,https://www.waitrose.com/ecom/products/pizza-express-classic-margherita-mozzarella/005045-2167-2168,"Pizza Express Classic Margherita, Mozzarella",245g,£6.00,£24.49/kg,,Fresh & Chilled
650927,The Collective Straight Up Greek Style Yogurt Alternative,G,false,1313,https://ecom-su-static-prod.wtrecom.com/images/products/3/LN_650927_BP_3.jpg,https://www.waitrose.com/ecom/products/the-collective-straight-up-greek-style-yogurt-alternative/650927-538794-538795,The Collective Straight Up Greek Style Yogurt Alternative,900g,£3.50,38.9p/100g,,Fresh & Chilled
732960,Carr's Crackers Selection Box,G,true,1314,https://ecom-su-static-prod.wtrecom.com/images/products/3/LN_732960_BP_3.jpg,https://www.waitrose.com/ecom/products/carrs-crackers-selection-box/732960-132062-132063,Carr's Crackers Selection Box,200g,£2.78,£1.39/100g,25% Off. Was £3.75,Fresh & Chilled
058567,Waitrose Speciality Figs,G,false,1315,https://ecom-su-static-prod.wtrecom.com/images/products/3/LN_058567_BP_3.jpg,https://www.waitrose.com/ecom/products/waitrose-speciality-figs/058567-29471-29472,Waitrose Speciality Figs,230g,£3.95,£17.18/kg,,Fresh & Chilled
088580,Essential Red Grapes,G,false,1316,https://ecom-su-static-prod.wtrecom.com/images/products/3/LN_088580_BP_3.jpg,https://www.waitrose.com/ecom/products/essential-red-grapes/088580-45469-45470,Essential Red Grapes,,£4.00,per kg,,Fresh & Chilled
696605,Waitrose Carbonara with Smoked Bacon and Pancetta Sauce,G,false,1317,https://ecom-su-static-prod.wtrecom.com/images/products/3/LN_696605_BP_3.jpg,https://www.waitrose.com/ecom/products/waitrose-carbonara-with-smoked-bacon-and-pancetta-sauce/696605-813886-813887,Waitrose Carbonara with Smoked Bacon and Pancetta Sauce,350g,£2.95,84.3p/100g,,Fresh & Chilled
001324,Essential Spinach,G,false,1318,https://ecom-su-static-prod.wtrecom.com/images/products/3/LN_001324_BP_3.jpg,https://www.waitrose.com/ecom/products/essential-spinach/001324-228-229,Essential Spinach,450g,£2.70,£6/kg,,Fresh & Chilled
414649,Cauldron Falafels,G,false,1319,https://ecom-su-static-prod.wtrecom.com/images/products/3/LN_414649_BP_3.jpg,https://www.waitrose.com/ecom/products/cauldron-falafels/414649-58340-58341,Cauldron Falafels,200g,£2.65,£13.25/kg,,Fresh & Chilled
875152,Better Naked 6 Smoked Back Bacon Rashers,G,true,1320,https://ecom-su-static-prod.wtrecom.com/images/products/3/LN_875152_BP_3.jpg,https://www.waitrose.com/ecom/products/better-naked-6-smoked-back-bacon-rashers/875152-657943-657944,Better Naked 6 Smoked Back Bacon Rashers,200g,£2.81,£14.05/kg,25% Off. Was £3.75,Fresh & Chilled
876655,Waitrose Chicken & Mushroom Pie,G,false,1321,https://ecom-su-static-prod.wtrecom.com/images/products/3/LN_876655_BP_3.jpg,https://www.waitrose.com/ecom/products/waitrose-chicken-mushroom-pie/876655-620233-620234,Waitrose Chicken & Mushroom Pie,200g,£2.75,£1.38/100g,,Fresh & Chilled
765215,Waitrose 12 Belgian Chocolate Profiteroles,G,false,1322,https://ecom-su-static-prod.wtrecom.com/images/products/3/LN_765215_BP_3.jpg,https://www.waitrose.com/ecom/products/waitrose-12-belgian-chocolate-profiteroles/765215-373537-373538,Waitrose 12 Belgian Chocolate Profiteroles,230g,£3.50,£1.53/100g,,Fresh & Chilled
391209,Waitrose King Gold Kiwi,G,false,1323,https://ecom-su-static-prod.wtrecom.com/images/products/3/LN_391209_BP_3.jpg,https://www.waitrose.com/ecom/products/waitrose-king-gold-kiwi/391209-54987-54988,Waitrose King Gold Kiwi,each,£1.00,£1 each,,Fresh & Chilled
778626,Waitrose 4 British Lamb Burgers,G,true,1324,https://ecom-su-static-prod.wtrecom.com/images/products/3/LN_778626_BP_3.jpg,https://www.waitrose.com/ecom/products/waitrose-4-british-lamb-burgers/778626-806742-806743,Waitrose 4 British Lamb Burgers,454g,£5.75,£12.67/kg,Add 3 for £12,Fresh & Chilled
408013,Duchy Organic English Unsalted Butter,G,false,1325,https://ecom-su-static-prod.wtrecom.com/images/products/3/LN_408013_BP_3.jpg,https://www.waitrose.com/ecom/products/duchy-organic-english-unsalted-butter/408013-752393-752394,Duchy Organic English Unsalted Butter,250g,£3.25,£13/kg,,Fresh & Chilled
768275,Cooks' Ingredients Red & Green Chillies,G,false,1326,https://ecom-su-static-prod.wtrecom.com/images/products/3/LN_768275_BP_3.jpg,https://www.waitrose.com/ecom/products/cooks-ingredients-red-green-chillies/768275-299477-299478,Cooks' Ingredients Red & Green Chillies,50g,65p,£13/kg,,Fresh & Chilled
039530,St Helens Farm Goats Butter,G,false,1327,https://ecom-su-static-prod.wtrecom.com/images/products/3/LN_039530_BP_3.jpg,https://www.waitrose.com/ecom/products/st-helens-farm-goats-butter/039530-19583-19584,St Helens Farm Goats Butter,250g,£3.35,£13.40/kg,,Fresh & Chilled
847001,Waitrose Bright & Colourful Ginger Stir Fry,G,true,1328,https://ecom-su-static-prod.wtrecom.com/images/products/3/LN_847001_BP_3.jpg,https://www.waitrose.com/ecom/products/waitrose-bright-colourful-ginger-stir-fry/847001-746411-746412,Waitrose Bright & Colourful Ginger Stir Fry,210g,£2.50,£1.20/100g,"£7 Stir Fry Meal Deal: Add protein, veg, sauce & rice or noodles",Fresh & Chilled
447089,Deliciously Ella Gluten Free & Vegan Cacao & Almond Bars,G,false,1329,https://ecom-su-static-prod.wtrecom.com/images/products/3/LN_447089_BP_3.jpg,https://www.waitrose.com/ecom/products/deliciously-ella-gluten-free-vegan-cacao-almond-bars/447089-666638-666639,Deliciously Ella Gluten Free & Vegan Cacao & Almond Bars,3x50g,£2.80,£1.87/100g,,Fresh & Chilled
790777,Easy to Cook Pork Schnitzel,G,true,1330,https://ecom-su-static-prod.wtrecom.com/images/products/3/LN_790777_BP_3.jpg,https://www.waitrose.com/ecom/products/easy-to-cook-pork-schnitzel/790777-542360-542361,Easy to Cook Pork Schnitzel,Typical weight 286g,£5.00,£17.49/kg,Add 3 for £12,Fresh & Chilled
624598,Waitrose Chicken & Leek Pie,G,false,1331,https://ecom-su-static-prod.wtrecom.com/images/products/3/LN_624598_BP_3.jpg,https://www.waitrose.com/ecom/products/waitrose-chicken-leek-pie/624598-232821-232822,Waitrose Chicken & Leek Pie,550g,£4.75,86.4p/100g,,Fresh & Chilled
806610,No.1 Wood-fired Prosciutto Cotto Mozzarella & Mushroom Sourdough Pizza,G,false,1332,https://ecom-su-static-prod.wtrecom.com/images/products/3/LN_806610_BP_3.jpg,https://www.waitrose.com/ecom/products/no1-wood-fired-prosciutto-cotto-mozzarella-mushroom-sourdough-pizza/806610-813904-813905,No.1 Wood-fired Prosciutto Cotto Mozzarella & Mushroom Sourdough Pizza,490g,£5.95,£12.15/kg,,Fresh & Chilled
830790,Waitrose Mango And Coconut Chicken Breast Strips,G,true,1333,https://ecom-su-static-prod.wtrecom.com/images/products/3/LN_830790_BP_3.jpg,https://www.waitrose.com/ecom/products/waitrose-mango-and-coconut-chicken-breast-strips/830790-620131-620132,Waitrose Mango And Coconut Chicken Breast Strips,300g,£4.50,£15/kg,£8 Chicken Dinner Meal Deal: Add 1 Main & 2 Extras,Fresh & Chilled
737574,Aunt Bessie's 10 Golden Yorkshires,G,false,1334,https://ecom-su-static-prod.wtrecom.com/images/products/3/LN_737574_BP_3.jpg,https://www.waitrose.com/ecom/products/aunt-bessies-10-golden-yorkshires/737574-271434-271435,Aunt Bessie's 10 Golden Yorkshires,190g,£2.65,£13.95/kg,,Fresh & Chilled
655494,HECK 97% Pork Gluten Free Sausages 6 pack,G,false,1335,https://ecom-su-static-prod.wtrecom.com/images/products/3/LN_655494_BP_3.jpg,https://www.waitrose.com/ecom/products/heck-97-pork-gluten-free-sausages-6-pack/655494-349924-349925,HECK 97% Pork Gluten Free Sausages 6 pack,400g,£3.50,£8.75/kg,,Fresh & Chilled
829566,Waitrose 20 British Venison Meatballs,G,true,1336,https://ecom-su-static-prod.wtrecom.com/images/products/3/LN_829566_BP_3.jpg,https://www.waitrose.com/ecom/products/waitrose-20-british-venison-meatballs/829566-498218-498219,Waitrose 20 British Venison Meatballs,300g,£5.10,£17/kg,Add 3 for £12,Fresh & Chilled
053667,Müller Rice Apple Low Fat Pudding,G,false,1337,https://ecom-su-static-prod.wtrecom.com/images/products/3/LN_053667_BP_3.jpg,https://www.waitrose.com/ecom/products/muller-rice-apple-low-fat-pudding/053667-26889-26890,Müller Rice Apple Low Fat Pudding,170g,95p,55.9p/100g,,Fresh & Chilled
088583,Waitrose British 2 Lamb Loin Chops,G,false,1338,https://ecom-su-static-prod.wtrecom.com/images/products/3/LN_088583_BP_3.jpg,https://www.waitrose.com/ecom/products/waitrose-british-2-lamb-loin-chops/088583-45471-45472,Waitrose British 2 Lamb Loin Chops,Typical weight 0.23kg,£6.67 each est.,£29.00/kg,,Fresh & Chilled
844325,Cooks' Ingredients Mixed Chillies,G,false,1339,https://ecom-su-static-prod.wtrecom.com/images/products/3/LN_844325_BP_3.jpg,https://www.waitrose.com/ecom/products/cooks-ingredients-mixed-chillies/844325-295850-295851,Cooks' Ingredients Mixed Chillies,70g,£1.00,£14.29/kg,,Fresh & Chilled
066545,New Covent Garden Potato & Leek Soup,G,false,1340,https://ecom-su-static-prod.wtrecom.com/images/products/3/LN_066545_BP_3.jpg,https://www.waitrose.com/ecom/products/new-covent-garden-potato-leek-soup/066545-33697-33698,New Covent Garden Potato & Leek Soup,560g,£2.35,42p/100g,,Fresh & Chilled
832654,"Waitrose Chickpea, Spinach & Quinoa",G,true,1341,https://ecom-su-static-prod.wtrecom.com/images/products/3/LN_832654_BP_3.jpg,https://www.waitrose.com/ecom/products/waitrose-chickpea-spinach-quinoa/832654-620139-620140,"Waitrose Chickpea, Spinach & Quinoa",300g,£2.50,£8.34/kg,£8 Chicken Dinner Meal Deal: Add 1 Main & 2 Extras,Fresh & Chilled
765106,Charlie Bigham's Steak & Ale Full Pastry Pie,G,true,1342,https://ecom-su-static-prod.wtrecom.com/images/products/3/LN_765106_BP_3.jpg,https://www.waitrose.com/ecom/products/charlie-bighams-steak-ale-full-pastry-pie/765106-707126-707127,Charlie Bigham's Steak & Ale Full Pastry Pie,270g,£5.00,£1.86/100g,Add 2 for £9,Fresh & Chilled
569328,LEAP Smoked Sockeye Salmon,G,false,1343,https://ecom-su-static-prod.wtrecom.com/images/products/3/LN_569328_BP_3.jpg,https://www.waitrose.com/ecom/products/leap-smoked-sockeye-salmon/569328-502709-502710,LEAP Smoked Sockeye Salmon,100g,£8.50,£8.50/100g,,Fresh & Chilled
631828,"Waitrose Carrot, Broccoli & Fine Green Beans",G,false,1344,https://ecom-su-static-prod.wtrecom.com/images/products/3/LN_631828_BP_3.jpg,https://www.waitrose.com/ecom/products/waitrose-carrot-broccoli-fine-green-beans/631828-756394-756395,"Waitrose Carrot, Broccoli & Fine Green Beans",320g,£2.10,£6.57/kg,,Fresh & Chilled
500518,Activia Rhubarb & Mixed Fruit Gut Health Yogurt Multipack,G,false,1345,https://ecom-su-static-prod.wtrecom.com/images/products/3/LN_500518_BP_3.jpg,https://www.waitrose.com/ecom/products/activia-rhubarb-mixed-fruit-gut-health-yogurt-multipack/500518-690784-690784,Activia Rhubarb & Mixed Fruit Gut Health Yogurt Multipack,8x115g,£4.40,47.8p/100g,,Fresh & Chilled
565812,No. 1 Spanish Manchego Cheese Curado DOP Strength 3,G,false,1346,https://ecom-su-static-prod.wtrecom.com/images/products/3/LN_565812_BP_3.jpg,https://www.waitrose.com/ecom/products/no-1-spanish-manchego-cheese-curado-dop-strength-3/565812-629532-629533,No. 1 Spanish Manchego Cheese Curado DOP Strength 3,Typical weight 0.2kg,£5.70 each est.,£28.50/kg,,Fresh & Chilled
541947,Cathedral City Mature Grated Cheddar Cheese,G,true,1347,https://ecom-su-static-prod.wtrecom.com/images/products/3/LN_541947_BP_3.jpg,https://www.waitrose.com/ecom/products/cathedral-city-mature-grated-cheddar-cheese/541947-727203-727204,Cathedral City Mature Grated Cheddar Cheese,180g,£2.50,£13.89/kg,Add 2 for £4,Fresh & Chilled
854255,Waitrose Italian Ham & Mushroom Tagliatelle for 1,G,true,1348,https://ecom-su-static-prod.wtrecom.com/images/products/3/LN_854255_BP_3.jpg,https://www.waitrose.com/ecom/products/waitrose-italian-ham-mushroom-tagliatelle-for-1/854255-759250-759251,Waitrose Italian Ham & Mushroom Tagliatelle for 1,400g,£3.50,£8.75/kg,Add 2 for £6.50,Fresh & Chilled
664647,Waitrose Portabella Mushrooms,G,false,1349,https://ecom-su-static-prod.wtrecom.com/images/products/3/LN_664647_BP_3.jpg,https://www.waitrose.com/ecom/products/waitrose-portabella-mushrooms/664647-127707-127708,Waitrose Portabella Mushrooms,275g,£2.20,£8/kg,,Fresh & Chilled
432624,Essential Fat Free Quark Soft Cheese Strength 1,G,false,1350,https://ecom-su-static-prod.wtrecom.com/images/products/3/LN_432624_BP_3.jpg,https://www.waitrose.com/ecom/products/essential-fat-free-quark-soft-cheese-strength-1/432624-586410-586411,Essential Fat Free Quark Soft Cheese Strength 1,250g,£1.00,£4/kg,,Fresh & Chilled
586339,Waitrose Red Eye Pork Ribs,G,false,1351,https://ecom-su-static-prod.wtrecom.com/images/products/3/LN_586339_BP_3.jpg,https://www.waitrose.com/ecom/products/waitrose-red-eye-pork-ribs/586339-83111-83112,Waitrose Red Eye Pork Ribs,535g,£6.50,£12.15/kg,,Fresh & Chilled
444925,No.1 2 Outdoor Bred Pork Sausage Rolls,G,false,1352,https://ecom-su-static-prod.wtrecom.com/images/products/3/LN_444925_BP_3.jpg,https://www.waitrose.com/ecom/products/no1-2-outdoor-bred-pork-sausage-rolls/444925-502585-502586,No.1 2 Outdoor Bred Pork Sausage Rolls,160g,£3.30,£2.07/100g,,Fresh & Chilled
898302,Innocent Pure Apple Fruit Juice Large,G,true,1353,https://ecom-su-static-prod.wtrecom.com/images/products/3/LN_898302_BP_3.jpg,https://www.waitrose.com/ecom/products/innocent-pure-apple-fruit-juice-large/898302-166885-166886,Innocent Pure Apple Fruit Juice Large,1.35litre,£3.00,£2.23/litre,save £1.30. Was £4.30,Fresh & Chilled
515095,Waitrose Rice Noodles,G,true,1354,https://ecom-su-static-prod.wtrecom.com/images/products/3/LN_515095_BP_3.jpg,https://www.waitrose.com/ecom/products/waitrose-rice-noodles/515095-72777-72778,Waitrose Rice Noodles,275g,£1.50,£5.46/kg,"£7 Stir Fry Meal Deal: Add protein, veg, sauce & rice or noodles",Fresh & Chilled
708705,Tims Dairy Greek Style Caffé Latte Yogurt,G,false,1355,https://ecom-su-static-prod.wtrecom.com/images/products/3/LN_708705_BP_3.jpg,https://www.waitrose.com/ecom/products/tims-dairy-greek-style-caffe-latte-yogurt/708705-822517-822518,Tims Dairy Greek Style Caffé Latte Yogurt,450g,£2.50,55.6p/100g,,Fresh & Chilled
626344,Waitrose Baby Parsnips,G,false,1356,https://ecom-su-static-prod.wtrecom.com/images/products/3/LN_626344_BP_3.jpg,https://www.waitrose.com/ecom/products/waitrose-baby-parsnips/626344-497906-497907,Waitrose Baby Parsnips,300g,£1.80,£6/kg,,Fresh & Chilled
074127,Benecol Buttery Taste Spreadable Butter Large,G,true,1357,https://ecom-su-static-prod.wtrecom.com/images/products/3/LN_074127_BP_3.jpg,https://www.waitrose.com/ecom/products/benecol-buttery-taste-spreadable-butter-large/074127-37638-37639,Benecol Buttery Taste Spreadable Butter Large,500g,£3.50,£7/kg,save £1.25. Was £4.75,Fresh & Chilled
025848,Easy to Cook Butter-Basted Chicken Breast Joint,G,false,1358,https://ecom-su-static-prod.wtrecom.com/images/products/3/LN_025848_BP_3.jpg,https://www.waitrose.com/ecom/products/easy-to-cook-butter-basted-chicken-breast-joint/025848-12608-12609,Easy to Cook Butter-Basted Chicken Breast Joint,510g,£6.00,£11.77/kg,,Fresh & Chilled
858639,Waitrose British Ham 6 Slices,G,false,1359,https://ecom-su-static-prod.wtrecom.com/images/products/3/LN_858639_BP_3.jpg,https://www.waitrose.com/ecom/products/waitrose-british-ham-6-slices/858639-156657-156658,Waitrose British Ham 6 Slices,115g,£2.75,£2.40/100g,,Fresh & Chilled
812817,Waitrose Spanish Tapas Platter,G,false,1360,https://ecom-su-static-prod.wtrecom.com/images/products/3/LN_812817_BP_3.jpg,https://www.waitrose.com/ecom/products/waitrose-spanish-tapas-platter/812817-156616-156616,Waitrose Spanish Tapas Platter,105g,£4.25,£4.05/100g,,Fresh & Chilled
508667,Yakult Balance Fat Free Yogurt Drinks,G,false,1361,https://ecom-su-static-prod.wtrecom.com/images/products/3/LN_508667_BP_3.jpg,https://www.waitrose.com/ecom/products/yakult-balance-fat-free-yogurt-drinks/508667-805114-805115,Yakult Balance Fat Free Yogurt Drinks,8x65ml,£3.95,76p/100ml,,Fresh & Chilled
854843,Minor Figures Everyday Oat Dairy Free Milk Alternative,G,false,1362,https://ecom-su-static-prod.wtrecom.com/images/products/3/LN_854843_BP_3.jpg,https://www.waitrose.com/ecom/products/minor-figures-everyday-oat-dairy-free-milk-alternative/854843-803536-803537,Minor Figures Everyday Oat Dairy Free Milk Alternative,1litre,£2.10,£2.10/litre,,Fresh & Chilled
811068,Waitrose Parmigiano Reggiano DOP Shaved Parmesan Cheese Strength 6,G,false,1363,https://ecom-su-static-prod.wtrecom.com/images/products/3/LN_811068_BP_3.jpg,https://www.waitrose.com/ecom/products/waitrose-parmigiano-reggiano-dop-shaved-parmesan-cheese-strength-6/811068-688828-688829,Waitrose Parmigiano Reggiano DOP Shaved Parmesan Cheese Strength 6,80g,£1.95,£24.38/kg,,Fresh & Chilled
716872,Waitrose Pork & Pickle Pies,G,true,1364,https://ecom-su-static-prod.wtrecom.com/images/products/3/LN_716872_BP_3.jpg,https://www.waitrose.com/ecom/products/waitrose-pork-pickle-pies/716872-804712-804713,Waitrose Pork & Pickle Pies,300g,£3.25,£1.09/100g,Add 2 for £5.50,Fresh & Chilled
405593,Flora ProActiv Buttery Taste Spreadable Butter,G,false,1365,https://ecom-su-static-prod.wtrecom.com/images/products/3/LN_405593_BP_3.jpg,https://www.waitrose.com/ecom/products/flora-proactiv-buttery-taste-spreadable-butter/405593-683939-683940,Flora ProActiv Buttery Taste Spreadable Butter,450g,£4.75,£10.56/kg,,Fresh & Chilled
764289,Levantine Table Stuffed Vine Leaves,G,false,1366,https://ecom-su-static-prod.wtrecom.com/images/products/3/LN_764289_BP_3.jpg,https://www.waitrose.com/ecom/products/levantine-table-stuffed-vine-leaves/764289-755669-755670,Levantine Table Stuffed Vine Leaves,200g,£3.50,£1.75/100g,,Fresh & Chilled
028844,Munch Bunch Double Up Fromage Frais Strawberry & Vanilla Kids Yogurts,G,false,1367,https://ecom-su-static-prod.wtrecom.com/images/products/3/LN_028844_BP_3.jpg,https://www.waitrose.com/ecom/products/munch-bunch-double-up-fromage-frais-strawberry-vanilla-kids-yogurts/028844-14050-14051,Munch Bunch Double Up Fromage Frais Strawberry & Vanilla Kids Yogurts,4x85g,£2.10,61.8p/100g,,Fresh & Chilled
044315,Flora Buttery Dairy Spread,G,true,1368,https://ecom-su-static-prod.wtrecom.com/images/products/3/LN_044315_BP_3.jpg,https://www.waitrose.com/ecom/products/flora-buttery-dairy-spread/044315-21834-21835,Flora Buttery Dairy Spread,450g,£1.50,£3.34/kg,save £1.00. Was £2.50,Fresh & Chilled
590890,Alpro Soya Vanilla Dairy Free Yogurt Alternative,G,true,1369,https://ecom-su-static-prod.wtrecom.com/images/products/3/LN_590890_BP_3.jpg,https://www.waitrose.com/ecom/products/alpro-soya-vanilla-dairy-free-yogurt-alternative/590890-83748-83749,Alpro Soya Vanilla Dairy Free Yogurt Alternative,500g,£1.50,30p/100g,save 70p. Was £2.20,Fresh & Chilled
807402,Waitrose Classics Chicken & Vegetable Hotpot for 1,G,true,1370,https://ecom-su-static-prod.wtrecom.com/images/products/3/LN_807402_BP_3.jpg,https://www.waitrose.com/ecom/products/waitrose-classics-chicken-vegetable-hotpot-for-1/807402-759194-759195,Waitrose Classics Chicken & Vegetable Hotpot for 1,380g,£3.50,£9.22/kg,Add 2 for £6.50,Fresh & Chilled
724642,Arla Lactose Free Single Cream Alternative,G,false,1371,https://ecom-su-static-prod.wtrecom.com/images/products/3/LN_724642_BP_3.jpg,https://www.waitrose.com/ecom/products/arla-lactose-free-single-cream-alternative/724642-280765-280766,Arla Lactose Free Single Cream Alternative,250ml,£1.70,68p/100ml,,Fresh & Chilled
041709,The Laughing Cow Lunchbox Snack Cheese Triangles,G,true,1372,https://ecom-su-static-prod.wtrecom.com/images/products/3/LN_041709_BP_3.jpg,https://www.waitrose.com/ecom/products/the-laughing-cow-lunchbox-snack-cheese-triangles/041709-20674-20675,The Laughing Cow Lunchbox Snack Cheese Triangles,133g,£1.57,£11.81/kg,25% Off. Was £2.10,Fresh & Chilled
423564,Charlie Bigham's Cottage Pie for 2,G,true,1373,https://ecom-su-static-prod.wtrecom.com/images/products/3/LN_423564_BP_3.jpg,https://www.waitrose.com/ecom/products/charlie-bighams-cottage-pie-for-2/423564-136277-136278,Charlie Bigham's Cottage Pie for 2,650g,£8.50,£13.08/kg,save £1.00. Was £9.50,Fresh & Chilled
004195,Guernsey Dairy Guernsey Salted Butter,G,false,1374,https://ecom-su-static-prod.wtrecom.com/images/products/3/LN_004195_BP_3.jpg,https://www.waitrose.com/ecom/products/guernsey-dairy-guernsey-salted-butter/004195-1715-1716,Guernsey Dairy Guernsey Salted Butter,250g,£2.75,£11/kg,,Fresh & Chilled
093623,Jus-Rol Shortcrust Puff Pastry Sheet,G,true,1375,https://ecom-su-static-prod.wtrecom.com/images/products/3/LN_093623_BP_3.jpg,https://www.waitrose.com/ecom/products/jus-rol-shortcrust-puff-pastry-sheet/093623-48084-48085,Jus-Rol Shortcrust Puff Pastry Sheet,320g,£1.25,£3.91/kg,save 50p. Was £1.75,Fresh & Chilled
419823,Waitrose Pumpkin & Pine Nut Fiorelli,G,false,1376,https://ecom-su-static-prod.wtrecom.com/images/products/3/LN_419823_BP_3.jpg,https://www.waitrose.com/ecom/products/waitrose-pumpkin-pine-nut-fiorelli/419823-793202-793203,Waitrose Pumpkin & Pine Nut Fiorelli,250g,£3.60,£1.44/100g,,Fresh & Chilled
023965,Galbani Italian Dolcelatte Mild Blue Cheese,G,false,1377,https://ecom-su-static-prod.wtrecom.com/images/products/3/LN_023965_BP_3.jpg,https://www.waitrose.com/ecom/products/galbani-italian-dolcelatte-mild-blue-cheese/023965-11622-11623,Galbani Italian Dolcelatte Mild Blue Cheese,150g,£3.10,£20.67/kg,,Fresh & Chilled
882318,Higgidy Smoked Salmon & Spinach Quiche,G,true,1378,https://ecom-su-static-prod.wtrecom.com/images/products/3/LN_882318_BP_3.jpg,https://www.waitrose.com/ecom/products/higgidy-smoked-salmon-spinach-quiche/882318-373793-373794,Higgidy Smoked Salmon & Spinach Quiche,155g,£2.50,£1.62/100g,save £1.00. Was £3.50,Fresh & Chilled
030474,Waitrose Indian Butter Chicken Curry for 2,G,false,1379,https://ecom-su-static-prod.wtrecom.com/images/products/3/LN_030474_BP_3.jpg,https://www.waitrose.com/ecom/products/waitrose-indian-butter-chicken-curry-for-2/030474-14885-14886,Waitrose Indian Butter Chicken Curry for 2,350g,£4.95,£14.15/kg,,Fresh & Chilled
026935,Waitrose Roast Potatoes,G,false,1380,https://ecom-su-static-prod.wtrecom.com/images/products/3/LN_026935_BP_3.jpg,https://www.waitrose.com/ecom/products/waitrose-roast-potatoes/026935-13105-13106,Waitrose Roast Potatoes,450g,£3.25,£7.23/kg,,Fresh & Chilled
527401,Gü Dark Chocolate Mousses with Ganache,G,false,1381,https://ecom-su-static-prod.wtrecom.com/images/products/3/LN_527401_BP_3.jpg,https://www.waitrose.com/ecom/products/gu-dark-chocolate-mousses-with-ganache/527401-724965-724966,Gü Dark Chocolate Mousses with Ganache,2x70g,£3.95,£2.83/100g,,Fresh & Chilled
496539,Gressingham Corn Fed Poussin,G,false,1382,https://ecom-su-static-prod.wtrecom.com/images/products/3/LN_496539_BP_3.jpg,https://www.waitrose.com/ecom/products/gressingham-corn-fed-poussin/496539-187381-187382,Gressingham Corn Fed Poussin,500g,£4.50,£9/kg,,Fresh & Chilled
010915,Essential Thin & Crispy Pepperoni Pizza,G,false,1383,https://ecom-su-static-prod.wtrecom.com/images/products/3/LN_010915_BP_3.jpg,https://www.waitrose.com/ecom/products/essential-thin-crispy-pepperoni-pizza/010915-5414-5415,Essential Thin & Crispy Pepperoni Pizza,253g,£2.50,£9.89/kg,,Fresh & Chilled
612665,Charlie Bigham's Thai Green Chicken Curry & Fragrant Rice for 1,G,true,1384,https://ecom-su-static-prod.wtrecom.com/images/products/3/LN_612665_BP_3.jpg,https://www.waitrose.com/ecom/products/charlie-bighams-thai-green-chicken-curry-fragrant-rice-for-1/612665-803340-803341,Charlie Bigham's Thai Green Chicken Curry & Fragrant Rice for 1,403g,£6.00,£14.89/kg,Add 2 for £11,Fresh & Chilled
681600,Waitrose Plum & Hoisin Sauce,G,true,1385,https://ecom-su-static-prod.wtrecom.com/images/products/3/LN_681600_BP_3.jpg,https://www.waitrose.com/ecom/products/waitrose-plum-hoisin-sauce/681600-824580-824581,Waitrose Plum & Hoisin Sauce,150g,£1.15,76.7p/100g,"£7 Stir Fry Meal Deal: Add protein, veg, sauce & rice or noodles",Fresh & Chilled
836888,Waitrose Davidstow Cornish Mature Cheddar Cheese Strength 5 Large,G,true,1386,https://ecom-su-static-prod.wtrecom.com/images/products/3/LN_836888_BP_3.jpg,https://www.waitrose.com/ecom/products/waitrose-davidstow-cornish-mature-cheddar-cheese-strength-5-large/836888-451948-451949,Waitrose Davidstow Cornish Mature Cheddar Cheese Strength 5 Large,550g,£4.31,£7.84/kg,25% Off. Was £5.75,Fresh & Chilled
658013,Waitrose Slow Cooked Beef Brisket,G,false,1387,https://ecom-su-static-prod.wtrecom.com/images/products/3/LN_658013_BP_3.jpg,https://www.waitrose.com/ecom/products/waitrose-slow-cooked-beef-brisket/658013-152937-152938,Waitrose Slow Cooked Beef Brisket,380g,£7.50,£19.74/kg,,Fresh & Chilled
581849,Waitrose Cod & Parsley Sauce Fishcakes,G,true,1388,https://ecom-su-static-prod.wtrecom.com/images/products/3/LN_581849_BP_3.jpg,https://www.waitrose.com/ecom/products/waitrose-cod-parsley-sauce-fishcakes/581849-661709-661710,Waitrose Cod & Parsley Sauce Fishcakes,290g,£4.25,£14.66/kg,Add 3 for £12,Fresh & Chilled
569231,Waitrose Fresh Penne,G,false,1389,https://ecom-su-static-prod.wtrecom.com/images/products/3/LN_569231_BP_3.jpg,https://www.waitrose.com/ecom/products/waitrose-fresh-penne/569231-793238-793239,Waitrose Fresh Penne,500g,£2.30,£4.60/kg,,Fresh & Chilled
852790,Waitrose Tuna & Sweetcorn Deli Filler,G,false,1390,https://ecom-su-static-prod.wtrecom.com/images/products/3/LN_852790_BP_3.jpg,https://www.waitrose.com/ecom/products/waitrose-tuna-sweetcorn-deli-filler/852790-724939-724940,Waitrose Tuna & Sweetcorn Deli Filler,220g,£2.40,£1.10/100g,,Fresh & Chilled
443077,Waitrose Spicy Keralan Inspired Chicken Soup,G,false,1391,https://ecom-su-static-prod.wtrecom.com/images/products/3/LN_443077_BP_3.jpg,https://www.waitrose.com/ecom/products/waitrose-spicy-keralan-inspired-chicken-soup/443077-62348-62349,Waitrose Spicy Keralan Inspired Chicken Soup,600g,£3.00,50p/100g,,Fresh & Chilled
610848,Waitrose Spinach,G,false,1392,https://ecom-su-static-prod.wtrecom.com/images/products/3/LN_610848_BP_3.jpg,https://www.waitrose.com/ecom/products/waitrose-spinach/610848-801074-801075,Waitrose Spinach,80g,£1.20,£1.50/100g,,Fresh & Chilled
592191,Good4U Salad Topper Super Seeds,G,false,1393,https://ecom-su-static-prod.wtrecom.com/images/products/3/LN_592191_BP_3.jpg,https://www.waitrose.com/ecom/products/good4u-salad-topper-super-seeds/592191-558351-558352,Good4U Salad Topper Super Seeds,150g,£2.10,£1.40/100g,,Fresh & Chilled
425073,Rude Health Oat Milk Long Life Organic Milk Alternative,G,false,1394,https://ecom-su-static-prod.wtrecom.com/images/products/3/LN_425073_BP_3.jpg,https://www.waitrose.com/ecom/products/rude-health-oat-milk-long-life-organic-milk-alternative/425073-287669-287670,Rude Health Oat Milk Long Life Organic Milk Alternative,1litre,£2.30,£2.30/litre,,Fresh & Chilled
802593,No.1 Sicilian Lemon Tart,G,true,1395,https://ecom-su-static-prod.wtrecom.com/images/products/3/LN_802593_BP_3.jpg,https://www.waitrose.com/ecom/products/no1-sicilian-lemon-tart/802593-498148-498149,No.1 Sicilian Lemon Tart,530g,£4.87,91.9p/100g,25% Off. Was £6.50,Fresh & Chilled
077402,Waitrose Houmous Trio,G,false,1396,https://ecom-su-static-prod.wtrecom.com/images/products/3/LN_077402_BP_3.jpg,https://www.waitrose.com/ecom/products/waitrose-houmous-trio/077402-39356-39356,Waitrose Houmous Trio,3x60g,£1.75,97.2p/100g,,Fresh & Chilled
088418,Essential Satsumas,G,false,1397,https://ecom-su-static-prod.wtrecom.com/images/products/3/LN_088418_BP_3.jpg,https://www.waitrose.com/ecom/products/essential-satsumas/088418-45369-45370,Essential Satsumas,1kg,£2.50,£2.50/kg,,Fresh & Chilled
764487,Waitrose Extra Large Potatoes,G,false,1398,https://ecom-su-static-prod.wtrecom.com/images/products/3/LN_764487_BP_3.jpg,https://www.waitrose.com/ecom/products/waitrose-extra-large-potatoes/764487-350021-350022,Waitrose Extra Large Potatoes,2s,£1.15,57.5p each,,Fresh & Chilled
085416,Essential Round Beans,G,false,1399,https://ecom-su-static-prod.wtrecom.com/images/products/3/LN_085416_BP_3.jpg,https://www.waitrose.com/ecom/products/essential-round-beans/085416-43452-43453,Essential Round Beans,240g,£1.00,£4.17/kg,,Fresh & Chilled
706505,Holy Moly Smashed Avocado,G,true,1400,https://ecom-su-static-prod.wtrecom.com/images/products/3/LN_706505_BP_3.jpg,https://www.waitrose.com/ecom/products/holy-moly-smashed-avocado/706505-695683-695684,Holy Moly Smashed Avocado,150g,£1.91,£1.28/100g,25% Off. Was £2.55,Fresh & Chilled
085319,Duchy Organic Baking Potatoes,G,false,1401,https://ecom-su-static-prod.wtrecom.com/images/products/3/LN_085319_BP_3.jpg,https://www.waitrose.com/ecom/products/duchy-organic-baking-potatoes/085319-43398-43399,Duchy Organic Baking Potatoes,700g,£2.40,£3.43/kg,,Fresh & Chilled
088171,Essential Loose Yellow Flesh Nectarines,G,false,1402,https://ecom-su-static-prod.wtrecom.com/images/products/3/LN_088171_BP_3.jpg,https://www.waitrose.com/ecom/products/essential-loose-yellow-flesh-nectarines/088171-45145-45146,Essential Loose Yellow Flesh Nectarines,Each,65p,65p each,,Fresh & Chilled
486771,Waitrose Italian Chicken Arrabbiata for 1,G,true,1403,https://ecom-su-static-prod.wtrecom.com/images/products/3/LN_486771_BP_3.jpg,https://www.waitrose.com/ecom/products/waitrose-italian-chicken-arrabbiata-for-1/486771-759543-759544,Waitrose Italian Chicken Arrabbiata for 1,400g,£3.50,£8.75/kg,Add 2 for £6.50,Fresh & Chilled
046507,Essential Waitrose British Bacon Smoked Lardons,G,false,1404,https://ecom-su-static-prod.wtrecom.com/images/products/3/LN_046507_BP_3.jpg,https://www.waitrose.com/ecom/products/essential-waitrose-british-bacon-smoked-lardons/046507-22937-22938,Essential Waitrose British Bacon Smoked Lardons,200g,£2.75,£13.75/kg,,Fresh & Chilled
432514,Waitrose Peppercorn Sauce,G,false,1405,https://ecom-su-static-prod.wtrecom.com/images/products/3/LN_432514_BP_3.jpg,https://www.waitrose.com/ecom/products/waitrose-peppercorn-sauce/432514-675437-675438,Waitrose Peppercorn Sauce,180g,£2.50,£1.39/100g,,Fresh & Chilled
513182,Waitrose Classics Cod in Parsley Sauce Fillet for 1,G,false,1406,https://ecom-su-static-prod.wtrecom.com/images/products/3/LN_513182_BP_3.jpg,https://www.waitrose.com/ecom/products/waitrose-classics-cod-in-parsley-sauce-fillet-for-1/513182-759363-759364,Waitrose Classics Cod in Parsley Sauce Fillet for 1,400g,£4.50,£11.25/kg,,Fresh & Chilled
040442,Alpro Soya Long Life Dairy Free Original Milk Alternative,G,true,1407,https://ecom-su-static-prod.wtrecom.com/images/products/3/LN_040442_BP_3.jpg,https://www.waitrose.com/ecom/products/alpro-soya-long-life-dairy-free-original-milk-alternative/040442-19985-19986,Alpro Soya Long Life Dairy Free Original Milk Alternative,1litre,£1.50,£1.50/litre,save 70p. Was £2.20,Fresh & Chilled
018559,Waitrose Ripened Tomato & Basil Soup,G,false,1408,https://ecom-su-static-prod.wtrecom.com/images/products/3/LN_018559_BP_3.jpg,https://www.waitrose.com/ecom/products/waitrose-ripened-tomato-basil-soup/018559-8967-8968,Waitrose Ripened Tomato & Basil Soup,600g,£2.85,47.5p/100g,,Fresh & Chilled
745115,Essential Mild Cheddar Cheese Strength 2 Large,G,false,1409,https://ecom-su-static-prod.wtrecom.com/images/products/3/LN_745115_BP_3.jpg,https://www.waitrose.com/ecom/products/essential-mild-cheddar-cheese-strength-2-large/745115-443844-443845,Essential Mild Cheddar Cheese Strength 2 Large,550g,£3.95,£7.19/kg,,Fresh & Chilled
470232,Essential Mild Cheddar Cheese Strength 2,G,false,1410,https://ecom-su-static-prod.wtrecom.com/images/products/3/LN_470232_BP_3.jpg,https://www.waitrose.com/ecom/products/essential-mild-cheddar-cheese-strength-2/470232-723552-723553,Essential Mild Cheddar Cheese Strength 2,350g,£2.60,£7.43/kg,,Fresh & Chilled
610218,GOOD TO GO Pomegranate Seeds,G,true,1411,https://ecom-su-static-prod.wtrecom.com/images/products/3/LN_610218_BP_3.jpg,https://www.waitrose.com/ecom/products/good-to-go-pomegranate-seeds/610218-133580-133581,GOOD TO GO Pomegranate Seeds,90g,£1.50,£16.67/kg,"£5 Food to Go Meal Deal: Add 1 Main, 1 Snack and 1 Drink",Fresh & Chilled
054772,Duchy Organic Pink Lady Apples,G,false,1412,https://ecom-su-static-prod.wtrecom.com/images/products/3/LN_054772_BP_3.jpg,https://www.waitrose.com/ecom/products/duchy-organic-pink-lady-apples/054772-27521-27522,Duchy Organic Pink Lady Apples,4s,£3.75,93.8p each,,Fresh & Chilled
024619,Cathedral City Lighter Mature Cheddar Cheese,G,false,1413,https://ecom-su-static-prod.wtrecom.com/images/products/3/LN_024619_BP_3.jpg,https://www.waitrose.com/ecom/products/cathedral-city-lighter-mature-cheddar-cheese/024619-11918-11919,Cathedral City Lighter Mature Cheddar Cheese,350g,£4.25,£12.15/kg,,Fresh & Chilled
060738,Waitrose Chicken Caesar Salad,G,false,1414,https://ecom-su-static-prod.wtrecom.com/images/products/3/LN_060738_BP_3.jpg,https://www.waitrose.com/ecom/products/waitrose-chicken-caesar-salad/060738-30700-30701,Waitrose Chicken Caesar Salad,225g,£4.15,£1.85/100g,,Fresh & Chilled
086140,Cooks' Ingredients Flat Leaf Parsley,G,false,1415,https://ecom-su-static-prod.wtrecom.com/images/products/3/LN_086140_BP_3.jpg,https://www.waitrose.com/ecom/products/cooks-ingredients-flat-leaf-parsley/086140-43981-43982,Cooks' Ingredients Flat Leaf Parsley,Each,£1.70,£1.70 each,,Fresh & Chilled
571816,Waitrose Parmentier Potatoes,G,false,1416,https://ecom-su-static-prod.wtrecom.com/images/products/3/LN_571816_BP_3.jpg,https://www.waitrose.com/ecom/products/waitrose-parmentier-potatoes/571816-756370-756371,Waitrose Parmentier Potatoes,400g,£2.25,£5.63/kg,,Fresh & Chilled
037049,No.1 Free Range Unsmoked Back Bacon,G,false,1417,https://ecom-su-static-prod.wtrecom.com/images/products/3/LN_037049_BP_3.jpg,https://www.waitrose.com/ecom/products/no1-free-range-unsmoked-back-bacon/037049-18555-18556,No.1 Free Range Unsmoked Back Bacon,200g,£4.75,£23.75/kg,,Fresh & Chilled
554356,Essential 30% Reduced Fat Mature Grated Cheddar Cheese Strength 4,G,false,1418,https://ecom-su-static-prod.wtrecom.com/images/products/3/LN_554356_BP_3.jpg,https://www.waitrose.com/ecom/products/essential-30-reduced-fat-mature-grated-cheddar-cheese-strength-4/554356-78370-78371,Essential 30% Reduced Fat Mature Grated Cheddar Cheese Strength 4,250g,£2.80,£11.20/kg,,Fresh & Chilled
086076,Yeo Valley Raspberry Organic Yogurt,G,true,1419,https://ecom-su-static-prod.wtrecom.com/images/products/3/LN_086076_BP_3.jpg,https://www.waitrose.com/ecom/products/yeo-valley-raspberry-organic-yogurt/086076-43897-43898,Yeo Valley Raspberry Organic Yogurt,450g,£1.50,33.3p/100g,save 85p. Was £2.35,Fresh & Chilled
086134,Cooks' Ingredients Lemon Grass,G,false,1420,https://ecom-su-static-prod.wtrecom.com/images/products/3/LN_086134_BP_3.jpg,https://www.waitrose.com/ecom/products/cooks-ingredients-lemon-grass/086134-43971-43972,Cooks' Ingredients Lemon Grass,2s,80p,40p each,,Fresh & Chilled
587391,Waitrose 2 Berry Cheesecake Slices,G,false,1421,https://ecom-su-static-prod.wtrecom.com/images/products/3/LN_587391_BP_3.jpg,https://www.waitrose.com/ecom/products/waitrose-2-berry-cheesecake-slices/587391-825107-825108,Waitrose 2 Berry Cheesecake Slices,2x80g,£3.75,£2.35/100g,,Fresh & Chilled
034329,Benecol Buttery Taste Spreadable Butter,G,false,1422,https://ecom-su-static-prod.wtrecom.com/images/products/3/LN_034329_BP_3.jpg,https://www.waitrose.com/ecom/products/benecol-buttery-taste-spreadable-butter/034329-17207-17208,Benecol Buttery Taste Spreadable Butter,250g,£2.25,£9/kg,,Fresh & Chilled
737613,Easy to Cook Beef Grills,G,true,1423,https://ecom-su-static-prod.wtrecom.com/images/products/3/LN_737613_BP_3.jpg,https://www.waitrose.com/ecom/products/easy-to-cook-beef-grills/737613-740843-740844,Easy to Cook Beef Grills,390g,£5.00,£1.29/100g,Add 3 for £12,Fresh & Chilled
861020,Pip Organic Valencia Orange Juice,G,false,1424,https://ecom-su-static-prod.wtrecom.com/images/products/3/LN_861020_BP_3.jpg,https://www.waitrose.com/ecom/products/pip-organic-valencia-orange-juice/861020-780175-780176,Pip Organic Valencia Orange Juice,1litre,£3.95,£3.95/litre,,Fresh & Chilled
572414,Waitrose Pressed Apple Juice with Elderflower,G,false,1425,https://ecom-su-static-prod.wtrecom.com/images/products/3/LN_572414_BP_3.jpg,https://www.waitrose.com/ecom/products/waitrose-pressed-apple-juice-with-elderflower/572414-451664-451665,Waitrose Pressed Apple Juice with Elderflower,1litre,£2.10,21p/100ml,,Fresh & Chilled
460471,Waitrose Italian Roasted Vegetable Pasta Bake for 1,G,true,1426,https://ecom-su-static-prod.wtrecom.com/images/products/3/LN_460471_BP_3.jpg,https://www.waitrose.com/ecom/products/waitrose-italian-roasted-vegetable-pasta-bake-for-1/460471-759008-759009,Waitrose Italian Roasted Vegetable Pasta Bake for 1,400g,£3.50,£8.75/kg,Add 2 for £6.50,Fresh & Chilled
889957,No.1 Free Range Unsmoked Gammon Steak,G,false,1427,https://ecom-su-static-prod.wtrecom.com/images/products/3/LN_889957_BP_3.jpg,https://www.waitrose.com/ecom/products/no1-free-range-unsmoked-gammon-steak/889957-400343-400344,No.1 Free Range Unsmoked Gammon Steak,200g,£4.10,£20.50/kg,,Fresh & Chilled
457885,Waitrose Hot & Spicy Breaded Chicken Mini Fillets,G,true,1428,https://ecom-su-static-prod.wtrecom.com/images/products/3/LN_457885_BP_3.jpg,https://www.waitrose.com/ecom/products/waitrose-hot-spicy-breaded-chicken-mini-fillets/457885-730140-730141,Waitrose Hot & Spicy Breaded Chicken Mini Fillets,305g,£4.50,£14.76/kg,Add 3 for £12,Fresh & Chilled
085564,Duchy Organic Red Cabbage,G,false,1429,https://ecom-su-static-prod.wtrecom.com/images/products/3/LN_085564_BP_3.jpg,https://www.waitrose.com/ecom/products/duchy-organic-red-cabbage/085564-43659-43660,Duchy Organic Red Cabbage,Typical weight 0.5kg,94p each est.,£1.90/kg,,Fresh & Chilled
770229,Waitrose No.1 Free Range 12 Pork Sausages,G,false,1430,https://ecom-su-static-prod.wtrecom.com/images/products/3/LN_770229_BP_3.jpg,https://www.waitrose.com/ecom/products/waitrose-no1-free-range-12-pork-sausages/770229-824518-824519,Waitrose No.1 Free Range 12 Pork Sausages,720g,£5.75,£7.99/kg,,Fresh & Chilled
444970,Waitrose British Chicken Tandoori Kebabs,G,true,1431,https://ecom-su-static-prod.wtrecom.com/images/products/3/LN_444970_BP_3.jpg,https://www.waitrose.com/ecom/products/waitrose-british-chicken-tandoori-kebabs/444970-767750-767751,Waitrose British Chicken Tandoori Kebabs,250g,£4.50,£18/kg,Add 3 for £12,Fresh & Chilled
044280,Waitrose Indian Spinach & Carrot Pilau Rice,G,false,1432,https://ecom-su-static-prod.wtrecom.com/images/products/3/LN_044280_BP_3.jpg,https://www.waitrose.com/ecom/products/waitrose-indian-spinach-carrot-pilau-rice/044280-21822-21823,Waitrose Indian Spinach & Carrot Pilau Rice,300g,£2.45,£8.17/kg,,Fresh & Chilled
422183,Essential 30% Reduced Fat Extra Mature Cheddar Cheese Strength 6,G,false,1433,https://ecom-su-static-prod.wtrecom.com/images/products/3/LN_422183_BP_3.jpg,https://www.waitrose.com/ecom/products/essential-30-reduced-fat-extra-mature-cheddar-cheese-strength-6/422183-451508-451509,Essential 30% Reduced Fat Extra Mature Cheddar Cheese Strength 6,350g,£2.60,£7.43/kg,,Fresh & Chilled
613370,Waitrose Lemon & Garlic Chicken Escalope,G,true,1434,https://ecom-su-static-prod.wtrecom.com/images/products/3/LN_613370_BP_3.jpg,https://www.waitrose.com/ecom/products/waitrose-lemon-garlic-chicken-escalope/613370-791344-791345,Waitrose Lemon & Garlic Chicken Escalope,350g,£4.50,£12.86/kg,£8 Chicken Dinner Meal Deal: Add 1 Main & 2 Extras,Fresh & Chilled
438937,Essential 8 Pancakes,G,false,1435,https://ecom-su-static-prod.wtrecom.com/images/products/3/LN_438937_BP_3.jpg,https://www.waitrose.com/ecom/products/essential-8-pancakes/438937-61797-61798,Essential 8 Pancakes,480g,£2.25,46.9p/100g,,Fresh & Chilled
857809,Levantine Table Spinach Falafels,G,false,1436,https://ecom-su-static-prod.wtrecom.com/images/products/3/LN_857809_BP_3.jpg,https://www.waitrose.com/ecom/products/levantine-table-spinach-falafels/857809-755697-755698,Levantine Table Spinach Falafels,190g,£3.75,£1.98/100g,,Fresh & Chilled
070060,"No.1 Free Range Corn Fed Chicken Thigh Fillets, Skinless & Boneless",G,false,1437,https://ecom-su-static-prod.wtrecom.com/images/products/3/LN_070060_BP_3.jpg,https://www.waitrose.com/ecom/products/no1-free-range-corn-fed-chicken-thigh-fillets-skinless-boneless/070060-35488-35489,"No.1 Free Range Corn Fed Chicken Thigh Fillets, Skinless & Boneless",Typical weight 0.54kg,£9.45 each est.,£17.50/kg,,Fresh & Chilled
886723,Easy To Cook Middle Eastern Spiced Chicken Schnitzel,G,true,1438,https://ecom-su-static-prod.wtrecom.com/images/products/3/LN_886723_BP_3.jpg,https://www.waitrose.com/ecom/products/easy-to-cook-middle-eastern-spiced-chicken-schnitzel/886723-542394-542395,Easy To Cook Middle Eastern Spiced Chicken Schnitzel,285g,£5.00,£17.55/kg,Add 3 for £12,Fresh & Chilled
040668,New Covent Garden Creamy Mushroom Soup,G,false,1439,https://ecom-su-static-prod.wtrecom.com/images/products/3/LN_040668_BP_3.jpg,https://www.waitrose.com/ecom/products/new-covent-garden-creamy-mushroom-soup/040668-20085-20086,New Covent Garden Creamy Mushroom Soup,560g,£2.35,42p/100g,,Fresh & Chilled
003499,Waitrose Sliced Runner Beans,G,false,1440,https://ecom-su-static-prod.wtrecom.com/images/products/3/LN_003499_BP_3.jpg,https://www.waitrose.com/ecom/products/waitrose-sliced-runner-beans/003499-1395-1396,Waitrose Sliced Runner Beans,160g,£1.90,£1.19/100g,,Fresh & Chilled
060655,Quorn 2 Mozzarella & Pesto Escalopes,G,false,1441,https://ecom-su-static-prod.wtrecom.com/images/products/3/LN_060655_BP_3.jpg,https://www.waitrose.com/ecom/products/quorn-2-mozzarella-pesto-escalopes/060655-30666-30667,Quorn 2 Mozzarella & Pesto Escalopes,240g,£3.15,£13.13/kg,,Fresh & Chilled
780547,Waitrose Mac n Cheese Quiche,G,true,1442,https://ecom-su-static-prod.wtrecom.com/images/products/3/LN_780547_BP_3.jpg,https://www.waitrose.com/ecom/products/waitrose-mac-n-cheese-quiche/780547-824594-824595,Waitrose Mac n Cheese Quiche,400g,£3.50,87.5p/100g,Add 2 for £5.50,Fresh & Chilled
086153,Cooks' Ingredients Garden Chives Pot,G,false,1443,https://ecom-su-static-prod.wtrecom.com/images/products/3/LN_086153_BP_3.jpg,https://www.waitrose.com/ecom/products/cooks-ingredients-garden-chives-pot/086153-43999-44000,Cooks' Ingredients Garden Chives Pot,Each,£1.70,£1.70 each,,Fresh & Chilled
043839,Rachels Dairy Honey Organic Greek Style Yogurt,G,true,1444,https://ecom-su-static-prod.wtrecom.com/images/products/3/LN_043839_BP_3.jpg,https://www.waitrose.com/ecom/products/rachels-dairy-honey-organic-greek-style-yogurt/043839-21602-21603,Rachels Dairy Honey Organic Greek Style Yogurt,450g,£2.00,44.4p/100g,save 80p. Was £2.80,Fresh & Chilled
801335,Isey Skyr Baked Apple Icelandic Yogurt Big Pot,G,false,1445,https://ecom-su-static-prod.wtrecom.com/images/products/3/LN_801335_BP_3.jpg,https://www.waitrose.com/ecom/products/isey-skyr-baked-apple-icelandic-yogurt-big-pot/801335-743995-743996,Isey Skyr Baked Apple Icelandic Yogurt Big Pot,450g,£2.40,53.3p/100g,,Fresh & Chilled
878082,Arla Skyr Coconut Icelandic High Protein Fat Free Yogurt,G,false,1446,https://ecom-su-static-prod.wtrecom.com/images/products/3/LN_878082_BP_3.jpg,https://www.waitrose.com/ecom/products/arla-skyr-coconut-icelandic-high-protein-fat-free-yogurt/878082-807081-807082,Arla Skyr Coconut Icelandic High Protein Fat Free Yogurt,450g,£2.35,52.2p/100g,,Fresh & Chilled
653776,Arla Organic Semi-Skimmed Milk Alternative,G,false,1447,https://ecom-su-static-prod.wtrecom.com/images/products/3/LN_653776_BP_3.jpg,https://www.waitrose.com/ecom/products/arla-organic-semi-skimmed-milk-alternative/653776-784198-784199,Arla Organic Semi-Skimmed Milk Alternative,1litre,£2.10,21p/100ml,,Fresh & Chilled
086354,Waitrose Indian Aloo Gobi Saag,G,false,1448,https://ecom-su-static-prod.wtrecom.com/images/products/3/LN_086354_BP_3.jpg,https://www.waitrose.com/ecom/products/waitrose-indian-aloo-gobi-saag/086354-44092-44093,Waitrose Indian Aloo Gobi Saag,300g,£2.85,£9.50/kg,,Fresh & Chilled
894497,Linda McCartney's Vegan Red Onion & Rosemary Sausages,G,false,1449,https://ecom-su-static-prod.wtrecom.com/images/products/3/LN_894497_BP_3.jpg,https://www.waitrose.com/ecom/products/linda-mccartneys-vegan-red-onion-rosemary-sausages/894497-344750-344751,Linda McCartney's Vegan Red Onion & Rosemary Sausages,270g,£2.60,£9.63/kg,,Fresh & Chilled
676910,Waitrose Hollandaise Sauce,G,false,1450,https://ecom-su-static-prod.wtrecom.com/images/products/3/LN_676910_BP_3.jpg,https://www.waitrose.com/ecom/products/waitrose-hollandaise-sauce/676910-675483-675484,Waitrose Hollandaise Sauce,180g,£2.50,£1.39/100g,,Fresh & Chilled
043847,Waitrose North Atlantic Prawns MSC,G,false,1451,https://ecom-su-static-prod.wtrecom.com/images/products/3/LN_043847_BP_3.jpg,https://www.waitrose.com/ecom/products/waitrose-north-atlantic-prawns-msc/043847-21606-21607,Waitrose North Atlantic Prawns MSC,150g,£4.50,£3/100g,,Fresh & Chilled
505105,Charlie Bigham's Meatballs Al Forno for 1,G,true,1452,https://ecom-su-static-prod.wtrecom.com/images/products/3/LN_505105_BP_3.jpg,https://www.waitrose.com/ecom/products/charlie-bighams-meatballs-al-forno-for-1/505105-525510-525511,Charlie Bigham's Meatballs Al Forno for 1,325g,£6.00,£18.47/kg,Add 2 for £11,Fresh & Chilled
453475,Duchy Organic Aubergine,G,false,1453,https://ecom-su-static-prod.wtrecom.com/images/products/3/LN_453475_BP_3.jpg,https://www.waitrose.com/ecom/products/duchy-organic-aubergine/453475-538584-538585,Duchy Organic Aubergine,Each,£1.60,£1.60 each,,Fresh & Chilled
825674,Waitrose Sweet & Smoky Harissa Houmous,G,true,1454,https://ecom-su-static-prod.wtrecom.com/images/products/3/LN_825674_BP_3.jpg,https://www.waitrose.com/ecom/products/waitrose-sweet-smoky-harissa-houmous/825674-803624-803625,Waitrose Sweet & Smoky Harissa Houmous,200g,£2.85,£1.43/100g,Add 2 for £5.50,Fresh & Chilled
801271,Califia Farms Oat Barista Blend Long Life Dairy Free Milk Alternative,G,false,1455,https://ecom-su-static-prod.wtrecom.com/images/products/3/LN_801271_BP_3.jpg,https://www.waitrose.com/ecom/products/califia-farms-oat-barista-blend-long-life-dairy-free-milk-alternative/801271-780157-780158,Califia Farms Oat Barista Blend Long Life Dairy Free Milk Alternative,1litre,£2.20,£2.20/litre,,Fresh & Chilled
009694,Waitrose Potato & Egg Salad & Salad Dressing,G,false,1456,https://ecom-su-static-prod.wtrecom.com/images/products/3/LN_009694_BP_3.jpg,https://www.waitrose.com/ecom/products/waitrose-potato-egg-salad-salad-dressing/009694-4801-4802,Waitrose Potato & Egg Salad & Salad Dressing,300g,£2.95,98.3p/100g,,Fresh & Chilled
432329,Yorkshire Provender Pea & Spinach Soup,G,true,1457,https://ecom-su-static-prod.wtrecom.com/images/products/3/LN_432329_BP_3.jpg,https://www.waitrose.com/ecom/products/yorkshire-provender-pea-spinach-soup/432329-60819-60820,Yorkshire Provender Pea & Spinach Soup,560g,£2.65,47.3p/100g,save 55p. Was £3.20,Fresh & Chilled
053836,Yoplait Choobs Wildlife Variety Kids Yogurts,G,false,1458,https://ecom-su-static-prod.wtrecom.com/images/products/3/LN_053836_BP_3.jpg,https://www.waitrose.com/ecom/products/yoplait-choobs-wildlife-variety-kids-yogurts/053836-26984-26985,Yoplait Choobs Wildlife Variety Kids Yogurts,6x37g,£1.25,56.3p/100g,,Fresh & Chilled
712097,Waitrose Pecorino Romano PDO Cheese Strength 5,G,true,1459,https://ecom-su-static-prod.wtrecom.com/images/products/3/LN_712097_BP_3.jpg,https://www.waitrose.com/ecom/products/waitrose-pecorino-romano-pdo-cheese-strength-5/712097-688824-688825,Waitrose Pecorino Romano PDO Cheese Strength 5,175g,£3.00,£17.15/kg,25% Off. Was £4.00,Fresh & Chilled
793998,Waitrose Classics Liver & Bacon for 1,G,true,1460,https://ecom-su-static-prod.wtrecom.com/images/products/3/LN_793998_BP_3.jpg,https://www.waitrose.com/ecom/products/waitrose-classics-liver-bacon-for-1/793998-759397-759398,Waitrose Classics Liver & Bacon for 1,450g,£3.50,£7.78/kg,Add 2 for £6.50,Fresh & Chilled
863611,Waitrose Popcorn Chicken with BBQ Sauce Dip,G,true,1461,https://ecom-su-static-prod.wtrecom.com/images/products/3/LN_863611_BP_3.jpg,https://www.waitrose.com/ecom/products/waitrose-popcorn-chicken-with-bbq-sauce-dip/863611-824620-824621,Waitrose Popcorn Chicken with BBQ Sauce Dip,200g,£3.50,£1.75/100g,Add 2 for £5.50,Fresh & Chilled
836558,Waitrose Freefrom Lactose Free Greek Style Yogurt Alternative,G,false,1462,https://ecom-su-static-prod.wtrecom.com/images/products/3/LN_836558_BP_3.jpg,https://www.waitrose.com/ecom/products/waitrose-freefrom-lactose-free-greek-style-yogurt-alternative/836558-816562-816563,Waitrose Freefrom Lactose Free Greek Style Yogurt Alternative,450g,£1.80,40p/100g,,Fresh & Chilled
854035,Charlie Bigham's Chicken Tikka Masala & Pilau Rice for 2,G,false,1463,https://ecom-su-static-prod.wtrecom.com/images/products/3/LN_854035_BP_3.jpg,https://www.waitrose.com/ecom/products/charlie-bighams-chicken-tikka-masala-pilau-rice-for-2/854035-337352-337353,Charlie Bigham's Chicken Tikka Masala & Pilau Rice for 2,805g,£9.50,£11.81/kg,,Fresh & Chilled
037400,Waitrose Sweet Cured Smoked Back Bacon with Maple Syrup,G,true,1464,https://ecom-su-static-prod.wtrecom.com/images/products/3/LN_037400_BP_3.jpg,https://www.waitrose.com/ecom/products/waitrose-sweet-cured-smoked-back-bacon-with-maple-syrup/037400-18712-18713,Waitrose Sweet Cured Smoked Back Bacon with Maple Syrup,250g,£4.00,£16/kg,Add 2 for £7,Fresh & Chilled
767502,Essential British Beef Frying Steak,G,false,1465,https://ecom-su-static-prod.wtrecom.com/images/products/3/LN_767502_BP_3.jpg,https://www.waitrose.com/ecom/products/essential-british-beef-frying-steak/767502-109153-109154,Essential British Beef Frying Steak,300g,£3.75,£12.50/kg,,Fresh & Chilled
018106,Waitrose Toasted Flaked Almonds,G,false,1466,https://ecom-su-static-prod.wtrecom.com/images/products/3/LN_018106_BP_3.jpg,https://www.waitrose.com/ecom/products/waitrose-toasted-flaked-almonds/018106-8782-8783,Waitrose Toasted Flaked Almonds,100g,£1.95,£19.50/kg,,Fresh & Chilled
864766,Bonne Maman Blackcurrant Mousse,G,true,1467,https://ecom-su-static-prod.wtrecom.com/images/products/3/LN_864766_BP_3.jpg,https://www.waitrose.com/ecom/products/bonne-maman-blackcurrant-mousse/864766-703601-703602,Bonne Maman Blackcurrant Mousse,2x70g,£1.50,£1.08/100g,save 80p. Was £2.30,Fresh & Chilled
813298,Unearthed Spanish Spinach Omelette,G,true,1468,https://ecom-su-static-prod.wtrecom.com/images/products/3/LN_813298_BP_3.jpg,https://www.waitrose.com/ecom/products/unearthed-spanish-spinach-omelette/813298-324866-324867,Unearthed Spanish Spinach Omelette,250g,£2.40,96p/100g,25% Off. Was £3.20,Fresh & Chilled
776233,"Higgidy Spinach, Feta & Toasted Pine Nut Pie",G,false,1469,https://ecom-su-static-prod.wtrecom.com/images/products/3/LN_776233_BP_3.jpg,https://www.waitrose.com/ecom/products/higgidy-spinach-feta-toasted-pine-nut-pie/776233-110388-110389,"Higgidy Spinach, Feta & Toasted Pine Nut Pie",250g,£4.95,£19.80/kg,,Fresh & Chilled
085224,Waitrose Baby Leaf Greens,G,false,1470,https://ecom-su-static-prod.wtrecom.com/images/products/3/LN_085224_BP_3.jpg,https://www.waitrose.com/ecom/products/waitrose-baby-leaf-greens/085224-43299-43300,Waitrose Baby Leaf Greens,200g,£1.70,£8.50/kg,,Fresh & Chilled
678861,Essential Finely Sliced Roast Chicken Breast,G,false,1471,https://ecom-su-static-prod.wtrecom.com/images/products/3/LN_678861_BP_3.jpg,https://www.waitrose.com/ecom/products/essential-finely-sliced-roast-chicken-breast/678861-96415-96416,Essential Finely Sliced Roast Chicken Breast,2x80g,£3.00,£1.88/100g,,Fresh & Chilled
772428,Waitrose Serrano & Ibérico Cheese Involtinis,G,true,1472,https://ecom-su-static-prod.wtrecom.com/images/products/3/LN_772428_BP_3.jpg,https://www.waitrose.com/ecom/products/waitrose-serrano-iberico-cheese-involtinis/772428-755675-755676,Waitrose Serrano & Ibérico Cheese Involtinis,96g,£3.75,£3.91/100g,Add 2 for £5.50,Fresh & Chilled
671890,Pots & Co Little Pots 70% Chocolate Ganache,G,false,1473,https://ecom-su-static-prod.wtrecom.com/images/products/3/LN_671890_BP_3.jpg,https://www.waitrose.com/ecom/products/pots-co-little-pots-70-chocolate-ganache/671890-497966-497967,Pots & Co Little Pots 70% Chocolate Ganache,4x50g,£3.40,£1.70/100g,,Fresh & Chilled
065379,Waitrose Chunky Minestrone Soup,G,false,1474,https://ecom-su-static-prod.wtrecom.com/images/products/3/LN_065379_BP_3.jpg,https://www.waitrose.com/ecom/products/waitrose-chunky-minestrone-soup/065379-33139-33140,Waitrose Chunky Minestrone Soup,600g,£2.85,47.5p/100g,,Fresh & Chilled
636011,Waitrose Davidstow Cornish Mature Grated Cheddar Cheese Strength 5,G,false,1475,https://ecom-su-static-prod.wtrecom.com/images/products/3/LN_636011_BP_3.jpg,https://www.waitrose.com/ecom/products/waitrose-davidstow-cornish-mature-grated-cheddar-cheese-strength-5/636011-791849-791850,Waitrose Davidstow Cornish Mature Grated Cheddar Cheese Strength 5,250g,£3.20,£12.80/kg,,Fresh & Chilled
899488,Waitrose Chunky Chips,G,true,1476,https://ecom-su-static-prod.wtrecom.com/images/products/3/LN_899488_BP_3.jpg,https://www.waitrose.com/ecom/products/waitrose-chunky-chips/899488-172140-172141,Waitrose Chunky Chips,400g,£2.60,£6.50/kg,£8 Chicken Dinner Meal Deal: Add 1 Main & 2 Extras,Fresh & Chilled
850569,No. 1 Le Cret Gruyere AOP Cheese Strength 5,G,false,1477,https://ecom-su-static-prod.wtrecom.com/images/products/3/LN_850569_BP_3.jpg,https://www.waitrose.com/ecom/products/no-1-le-cret-gruyere-aop-cheese-strength-5/850569-629468-629469,No. 1 Le Cret Gruyere AOP Cheese Strength 5,Typical weight 150g,£4.50 each est.,£3.00/100g,,Fresh & Chilled
621737,TRUEfoods Chilled Chicken Stock,G,false,1478,https://ecom-su-static-prod.wtrecom.com/images/products/3/LN_621737_BP_3.jpg,https://www.waitrose.com/ecom/products/truefoods-chilled-chicken-stock/621737-803048-803049,TRUEfoods Chilled Chicken Stock,500g,£3.30,66p/100g,,Fresh & Chilled
470097,Gü Black Forest Cheesecakes,G,false,1479,https://ecom-su-static-prod.wtrecom.com/images/products/3/LN_470097_BP_3.jpg,https://www.waitrose.com/ecom/products/gu-black-forest-cheesecakes/470097-825055-825056,Gü Black Forest Cheesecakes,2x88g,£3.95,£2.25/100g,,Fresh & Chilled
028247,Duchy Organic Medium Cheddar Cheese Strength 3,G,true,1480,https://ecom-su-static-prod.wtrecom.com/images/products/3/LN_028247_BP_3.jpg,https://www.waitrose.com/ecom/products/duchy-organic-medium-cheddar-cheese-strength-3/028247-13741-13742,Duchy Organic Medium Cheddar Cheese Strength 3,350g,£3.37,£9.63/kg,25% Off. Was £4.80,Fresh & Chilled
763877,Waitrose Wholetail Breaded Scampi,G,false,1481,https://ecom-su-static-prod.wtrecom.com/images/products/3/LN_763877_BP_3.jpg,https://www.waitrose.com/ecom/products/waitrose-wholetail-breaded-scampi/763877-689518-689519,Waitrose Wholetail Breaded Scampi,180g,£5.25,£29.17/kg,,Fresh & Chilled
062328,Cooks' Ingredients Rhubarb,G,true,1482,https://ecom-su-static-prod.wtrecom.com/images/products/3/LN_062328_BP_3.jpg,https://www.waitrose.com/ecom/products/cooks-ingredients-rhubarb/062328-31649-31650,Cooks' Ingredients Rhubarb,400g,£2.70,£6.75/kg,Add 2 for £4,Fresh & Chilled
584241,Essential Strawberry Trifle,G,false,1483,https://ecom-su-static-prod.wtrecom.com/images/products/3/LN_584241_BP_3.jpg,https://www.waitrose.com/ecom/products/essential-strawberry-trifle/584241-414699-414700,Essential Strawberry Trifle,600g,£3.25,54.2p/100g,,Fresh & Chilled
062945,Lurpak Spreadable Slightly Salted Spreadable Butter with Rapeseed Oil,G,false,1484,https://ecom-su-static-prod.wtrecom.com/images/products/3/LN_062945_BP_3.jpg,https://www.waitrose.com/ecom/products/lurpak-spreadable-slightly-salted-spreadable-butter-with-rapeseed-oil/062945-31957-31958,Lurpak Spreadable Slightly Salted Spreadable Butter with Rapeseed Oil,250g,£2.75,£11/kg,,Fresh & Chilled
068732,Yeo Valley Strawberry Organic Yogurts,G,true,1485,https://ecom-su-static-prod.wtrecom.com/images/products/3/LN_068732_BP_3.jpg,https://www.waitrose.com/ecom/products/yeo-valley-strawberry-organic-yogurts/068732-34865-34866,Yeo Valley Strawberry Organic Yogurts,4x110g,£2.65,60.2p/100g,Add 2 for £3.50,Fresh & Chilled
469732,Equinox Kombucha Raspberry & Elderflower Organic Fruit Juice Single,G,false,1486,https://ecom-su-static-prod.wtrecom.com/images/products/3/LN_469732_BP_3.jpg,https://www.waitrose.com/ecom/products/equinox-kombucha-raspberry-elderflower-organic-fruit-juice-single/469732-601650-601651,Equinox Kombucha Raspberry & Elderflower Organic Fruit Juice Single,275ml,£2.20,80p/100ml,,Fresh & Chilled
644195,Applewood Smoky Sliced Medium Cheddar Cheese,G,false,1487,https://ecom-su-static-prod.wtrecom.com/images/products/3/LN_644195_BP_3.jpg,https://www.waitrose.com/ecom/products/applewood-smoky-sliced-medium-cheddar-cheese/644195-666435-666436,Applewood Smoky Sliced Medium Cheddar Cheese,160g,£2.65,£16.57/kg,,Fresh & Chilled
450818,Waitrose 2 British Native Breed Reduced Fat Beef Burgers,G,false,1488,https://ecom-su-static-prod.wtrecom.com/images/products/3/LN_450818_BP_3.jpg,https://www.waitrose.com/ecom/products/waitrose-2-british-native-breed-reduced-fat-beef-burgers/450818-538578-538579,Waitrose 2 British Native Breed Reduced Fat Beef Burgers,227g,£2.95,£13/kg,,Fresh & Chilled
822585,Arla Protein Blueberry Yogurt,G,false,1489,https://ecom-su-static-prod.wtrecom.com/images/products/3/LN_822585_BP_3.jpg,https://www.waitrose.com/ecom/products/arla-protein-blueberry-yogurt/822585-811033-811034,Arla Protein Blueberry Yogurt,200g,£1.30,65p/100g,,Fresh & Chilled
403590,Waitrose Classics Roast Beef Dinner for 1,G,false,1490,https://ecom-su-static-prod.wtrecom.com/images/products/3/LN_403590_BP_3.jpg,https://www.waitrose.com/ecom/products/waitrose-classics-roast-beef-dinner-for-1/403590-759353-759354,Waitrose Classics Roast Beef Dinner for 1,390g,£5.25,£13.47/kg,,Fresh & Chilled
865793,Gressingham Spatchcock Poussin Salt & Pepper,G,true,1491,https://ecom-su-static-prod.wtrecom.com/images/products/3/LN_865793_BP_3.jpg,https://www.waitrose.com/ecom/products/gressingham-spatchcock-poussin-salt-pepper/865793-187577-187578,Gressingham Spatchcock Poussin Salt & Pepper,450g,£3.37,£7.49/kg,25% Off. Was £4.50,Fresh & Chilled
401306,Waitrose Teriyaki Sauce,G,true,1492,https://ecom-su-static-prod.wtrecom.com/images/products/3/LN_401306_BP_3.jpg,https://www.waitrose.com/ecom/products/waitrose-teriyaki-sauce/401306-824538-824539,Waitrose Teriyaki Sauce,150g,£1.15,76.7p/100g,"£7 Stir Fry Meal Deal: Add protein, veg, sauce & rice or noodles",Fresh & Chilled
088351,Waitrose Piel De Sapo Melon,G,false,1493,https://ecom-su-static-prod.wtrecom.com/images/products/3/LN_088351_BP_3.jpg,https://www.waitrose.com/ecom/products/waitrose-piel-de-sapo-melon/088351-420694-45316,Waitrose Piel De Sapo Melon,Each,£3.50,£3.50 each,,Fresh & Chilled
027757,Waitrose Four Cheese Sauce,G,false,1494,https://ecom-su-static-prod.wtrecom.com/images/products/3/LN_027757_BP_3.jpg,https://www.waitrose.com/ecom/products/waitrose-four-cheese-sauce/027757-13517-13518,Waitrose Four Cheese Sauce,350g,£2.95,84.3p/100g,,Fresh & Chilled
454154,Bonne Maman Strawberry Mousse,G,false,1495,https://ecom-su-static-prod.wtrecom.com/images/products/3/LN_454154_BP_3.jpg,https://www.waitrose.com/ecom/products/bonne-maman-strawberry-mousse/454154-549843-549844,Bonne Maman Strawberry Mousse,4x70g,£3.75,£1.34/100g,,Fresh & Chilled
048710,Waitrose Crab Pâté,G,false,1496,https://ecom-su-static-prod.wtrecom.com/images/products/3/LN_048710_BP_3.jpg,https://www.waitrose.com/ecom/products/waitrose-crab-pate/048710-24209-24210,Waitrose Crab Pâté,115g,£2.30,£2/100g,,Fresh & Chilled
016659,Waitrose Pea & Ham Hock Soup,G,false,1497,https://ecom-su-static-prod.wtrecom.com/images/products/3/LN_016659_BP_3.jpg,https://www.waitrose.com/ecom/products/waitrose-pea-ham-hock-soup/016659-8009-8010,Waitrose Pea & Ham Hock Soup,600g,£3.00,50p/100g,,Fresh & Chilled
617004,"Mini Tart Selection, 18 pieces",E,false,1498,https://ecom-su-static-prod.wtrecom.com/images/products/3/LN_617004_BP_3.jpg,https://www.waitrose.com/ecom/products/mini-tart-selection-18-pieces/617004-550077-550077,"Mini Tart Selection, 18 pieces",Typical weight 510g,£17.00,,,Fresh & Chilled
451668,Essential Tomato & Mozarella Tortelloni,G,false,1499,https://ecom-su-static-prod.wtrecom.com/images/products/3/LN_451668_BP_3.jpg,https://www.waitrose.com/ecom/products/essential-tomato-mozarella-tortelloni/451668-793214-793215,Essential Tomato & Mozarella Tortelloni,300g,£2.20,73.3p/100g,,Fresh & Chilled
883794,Moving Mountains 2 Plant-Based 1/4lb Burgers,G,true,1500,https://ecom-su-static-prod.wtrecom.com/images/products/3/LN_883794_BP_3.jpg,https://www.waitrose.com/ecom/products/moving-mountains-2-plant-based-1-4lb-burgers/883794-731188-731189,Moving Mountains 2 Plant-Based 1/4lb Burgers,227g,£3.50,£15.42/kg,Add 2 for £5,Fresh & Chilled
874183,Higgidy Vegetarian Cheddar & Onion Chutney Veggie Rolls,G,true,1501,https://ecom-su-static-prod.wtrecom.com/images/products/3/LN_874183_BP_3.jpg,https://www.waitrose.com/ecom/products/higgidy-vegetarian-cheddar-onion-chutney-veggie-rolls/874183-550445-550446,Higgidy Vegetarian Cheddar & Onion Chutney Veggie Rolls,160g,£2.50,£1.57/100g,save 95p. Was £3.45,Fresh & Chilled
895433,Waitrose Chicken & Gravy Pie,G,false,1502,https://ecom-su-static-prod.wtrecom.com/images/products/3/LN_895433_BP_3.jpg,https://www.waitrose.com/ecom/products/waitrose-chicken-gravy-pie/895433-811080-811081,Waitrose Chicken & Gravy Pie,200g,£2.75,£1.38/100g,,Fresh & Chilled
863071,Oatly! Dairy Free Single Cream Alternative,G,false,1503,https://ecom-su-static-prod.wtrecom.com/images/products/3/LN_863071_BP_3.jpg,https://www.waitrose.com/ecom/products/oatly-dairy-free-single-cream-alternative/863071-671816-671817,Oatly! Dairy Free Single Cream Alternative,250ml,£1.30,52p/100ml,,Fresh & Chilled
643194,Benecol Strawberry Yogurt Drinks,G,true,1504,https://ecom-su-static-prod.wtrecom.com/images/products/3/LN_643194_BP_3.jpg,https://www.waitrose.com/ecom/products/benecol-strawberry-yogurt-drinks/643194-609625-609626,Benecol Strawberry Yogurt Drinks,6x67.5g,£4.50,£1.12/100g,Add 2 for £7.50,Fresh & Chilled
609817,Essential Dutch Gouda Cheese Strength 2,G,false,1505,https://ecom-su-static-prod.wtrecom.com/images/products/3/LN_609817_BP_3.jpg,https://www.waitrose.com/ecom/products/essential-dutch-gouda-cheese-strength-2/609817-86508-86509,Essential Dutch Gouda Cheese Strength 2,265g,£2.40,£9.06/kg,,Fresh & Chilled
021611,Waitrose Red Cabbage,G,false,1506,https://ecom-su-static-prod.wtrecom.com/images/products/3/LN_021611_BP_3.jpg,https://www.waitrose.com/ecom/products/waitrose-red-cabbage/021611-10552-10553,Waitrose Red Cabbage,300g,£2.90,£9.67/kg,,Fresh & Chilled
804872,Cauldron 6 Lincolnshire Vegetarian Sausages,G,false,1507,https://ecom-su-static-prod.wtrecom.com/images/products/3/LN_804872_BP_3.jpg,https://www.waitrose.com/ecom/products/cauldron-6-lincolnshire-vegetarian-sausages/804872-804352-804353,Cauldron 6 Lincolnshire Vegetarian Sausages,276g,£2.90,£10.51/kg,,Fresh & Chilled
586862,Waitrose Italian Beef Bolognese Pasta Bake for 1,G,true,1508,https://ecom-su-static-prod.wtrecom.com/images/products/3/LN_586862_BP_3.jpg,https://www.waitrose.com/ecom/products/waitrose-italian-beef-bolognese-pasta-bake-for-1/586862-759437-759438,Waitrose Italian Beef Bolognese Pasta Bake for 1,400g,£3.50,£8.75/kg,Add 2 for £6.50,Fresh & Chilled
043947,Waitrose Classic Fruit Salad,G,false,1509,https://ecom-su-static-prod.wtrecom.com/images/products/3/LN_043947_BP_3.jpg,https://www.waitrose.com/ecom/products/waitrose-classic-fruit-salad/043947-425752-21659,Waitrose Classic Fruit Salad,310g,£3.50,£1.13/100g,,Fresh & Chilled
725981,Equinox Kombucha Raspberry & Elderflower Organic Fruit Juice,G,false,1510,https://ecom-su-static-prod.wtrecom.com/images/products/3/LN_725981_BP_3.jpg,https://www.waitrose.com/ecom/products/equinox-kombucha-raspberry-elderflower-organic-fruit-juice/725981-746016-746017,Equinox Kombucha Raspberry & Elderflower Organic Fruit Juice,750ml,£4.40,58.7p/100ml,,Fresh & Chilled
559257,Waitrose 2 Rhubarb Crumbles,G,false,1511,https://ecom-su-static-prod.wtrecom.com/images/products/3/LN_559257_BP_3.jpg,https://www.waitrose.com/ecom/products/waitrose-2-rhubarb-crumbles/559257-761998-761999,Waitrose 2 Rhubarb Crumbles,2x145g,£2.50,86.2p/100g,,Fresh & Chilled
596842,Essential Parmigiano Reggiano DOP Parmesan Cheese Strength 5 Large,G,false,1512,https://ecom-su-static-prod.wtrecom.com/images/products/3/LN_596842_BP_3.jpg,https://www.waitrose.com/ecom/products/essential-parmigiano-reggiano-dop-parmesan-cheese-strength-5-large/596842-129686-129687,Essential Parmigiano Reggiano DOP Parmesan Cheese Strength 5 Large,500g,£8.00,£16/kg,,Fresh & Chilled
565922,Waitrose Unsmoked British Back Bacon Rashers,G,true,1513,https://ecom-su-static-prod.wtrecom.com/images/products/3/LN_565922_BP_3.jpg,https://www.waitrose.com/ecom/products/waitrose-unsmoked-british-back-bacon-rashers/565922-780191-780192,Waitrose Unsmoked British Back Bacon Rashers,250g,£4.00,£16/kg,Add 2 for £7,Fresh & Chilled
768974,Dell'Ugo Asparagus & Mozzarella Ravioli,G,false,1514,https://ecom-su-static-prod.wtrecom.com/images/products/3/LN_768974_BP_3.jpg,https://www.waitrose.com/ecom/products/dellugo-asparagus-mozzarella-ravioli/768974-662003-662004,Dell'Ugo Asparagus & Mozzarella Ravioli,250g,£4.00,£16/kg,,Fresh & Chilled
480724,"No.1 Wood-fired Fennel Sausage, 'Nduja & Red Pepper Sourdough Pizza",G,false,1515,https://ecom-su-static-prod.wtrecom.com/images/products/3/LN_480724_BP_3.jpg,https://www.waitrose.com/ecom/products/no1-wood-fired-fennel-sausage-nduja-red-pepper-sourdough-pizza/480724-793218-793219,"No.1 Wood-fired Fennel Sausage, 'Nduja & Red Pepper Sourdough Pizza",500g,£5.95,£11.90/kg,,Fresh & Chilled
741694,GetPro Vanilla High Protein Yogurt Single,G,true,1516,https://ecom-su-static-prod.wtrecom.com/images/products/3/LN_741694_BP_3.jpg,https://www.waitrose.com/ecom/products/getpro-vanilla-high-protein-yogurt-single/741694-810985-810986,GetPro Vanilla High Protein Yogurt Single,160g,80p,50p/100g,save 50p. Was £1.30,Fresh & Chilled
097498,Elsinore Herring in Dill Marinade,G,false,1517,https://ecom-su-static-prod.wtrecom.com/images/products/3/LN_097498_BP_3.jpg,https://www.waitrose.com/ecom/products/elsinore-herring-in-dill-marinade/097498-49781-49782,Elsinore Herring in Dill Marinade,drained 140g,£2.75,£1.97/100g,,Fresh & Chilled
795306,Arla Free Range Organic Natural Kefir Drink,G,false,1518,https://ecom-su-static-prod.wtrecom.com/images/products/3/LN_795306_BP_3.jpg,https://www.waitrose.com/ecom/products/arla-free-range-organic-natural-kefir-drink/795306-668673-668674,Arla Free Range Organic Natural Kefir Drink,1litre,£2.95,29.5p/100ml,,Fresh & Chilled
021223,Actimel Immunity Multifruit Live Yogurt Drinks,G,false,1519,https://ecom-su-static-prod.wtrecom.com/images/products/3/LN_021223_BP_3.jpg,https://www.waitrose.com/ecom/products/actimel-immunity-multifruit-live-yogurt-drinks/021223-10329-10330,Actimel Immunity Multifruit Live Yogurt Drinks,8x100g,£3.95,49.4p/100g,,Fresh & Chilled
539636,Waitrose British Native Breed Thick Cut Sirloin Steak,G,true,1520,https://ecom-su-static-prod.wtrecom.com/images/products/3/LN_539636_BP_3.jpg,https://www.waitrose.com/ecom/products/waitrose-british-native-breed-thick-cut-sirloin-steak/539636-812637-812638,Waitrose British Native Breed Thick Cut Sirloin Steak,300g,£7.12,£23.74/kg,25% Off. Was £9.50,Fresh & Chilled
771212,The Laughing Cow Lunchbox Snack Cheese Triangles Large Pack,G,false,1521,https://ecom-su-static-prod.wtrecom.com/images/products/3/LN_771212_BP_3.jpg,https://www.waitrose.com/ecom/products/the-laughing-cow-lunchbox-snack-cheese-triangles-large-pack/771212-769545-769546,The Laughing Cow Lunchbox Snack Cheese Triangles Large Pack,267g,£3.10,£11.62/kg,,Fresh & Chilled
499354,Waitrose Chinese Special Fried Rice for 2,G,true,1522,https://ecom-su-static-prod.wtrecom.com/images/products/3/LN_499354_BP_3.jpg,https://www.waitrose.com/ecom/products/waitrose-chinese-special-fried-rice-for-2/499354-555417-555418,Waitrose Chinese Special Fried Rice for 2,400g,£3.90,£9.75/kg,£12 South East & East Asian Meal Deal : Add 2 Mains & 2 Sides,Fresh & Chilled
048453,Peperami Minis,G,false,1523,https://ecom-su-static-prod.wtrecom.com/images/products/3/LN_048453_BP_3.jpg,https://www.waitrose.com/ecom/products/peperami-minis/048453-24042-24043,Peperami Minis,10x10g,£3.35,£3.35/100g,,Fresh & Chilled
857008,Holy Moly Guacamole Original,G,true,1524,https://ecom-su-static-prod.wtrecom.com/images/products/3/LN_857008_BP_3.jpg,https://www.waitrose.com/ecom/products/holy-moly-guacamole-original/857008-587014-587015,Holy Moly Guacamole Original,150g,£1.91,£1.28/100g,25% Off. Was £2.55,Fresh & Chilled
738773,Loch Fyne Classic Scottish Smoked Salmon,G,true,1525,https://ecom-su-static-prod.wtrecom.com/images/products/3/LN_738773_BP_3.jpg,https://www.waitrose.com/ecom/products/loch-fyne-classic-scottish-smoked-salmon/738773-740948-740949,Loch Fyne Classic Scottish Smoked Salmon,120g,£5.95,£4.96/100g,save £1.00. Was £6.95,Fresh & Chilled
451288,Waitrose British Roast Beef,G,true,1526,https://ecom-su-static-prod.wtrecom.com/images/products/3/LN_451288_BP_3.jpg,https://www.waitrose.com/ecom/products/waitrose-british-roast-beef/451288-824544-824545,Waitrose British Roast Beef,125g,£3.25,£2.60/100g,Add 2 for £5.50,Fresh & Chilled
861684,Cocos Natural Organic Coconut Yogurt Alternative,G,true,1527,https://ecom-su-static-prod.wtrecom.com/images/products/3/LN_861684_BP_3.jpg,https://www.waitrose.com/ecom/products/cocos-natural-organic-coconut-yogurt-alternative/861684-481387-481388,Cocos Natural Organic Coconut Yogurt Alternative,400g,£4.20,£1.05/100g,20% Off. Was £5.25,Fresh & Chilled
844493,Charlie Bigham's Italian Chicken with Roasted Potatoes for 2,G,false,1528,https://ecom-su-static-prod.wtrecom.com/images/products/3/LN_844493_BP_3.jpg,https://www.waitrose.com/ecom/products/charlie-bighams-italian-chicken-with-roasted-potatoes-for-2/844493-812685-812686,Charlie Bigham's Italian Chicken with Roasted Potatoes for 2,640g,£9.95,£1.56/100g,,Fresh & Chilled
034067,"Duchy Organic Chicken Thigh Fillets, Skinless & Boneless",G,false,1529,https://ecom-su-static-prod.wtrecom.com/images/products/3/LN_034067_BP_3.jpg,https://www.waitrose.com/ecom/products/duchy-organic-chicken-thigh-fillets-skinless-boneless/034067-17053-17054,"Duchy Organic Chicken Thigh Fillets, Skinless & Boneless",Typical weight 0.54kg,£13.93 each est.,£25.80/kg,,Fresh & Chilled
597800,Waitrose British Lamb Cutlets,G,false,1530,https://ecom-su-static-prod.wtrecom.com/images/products/3/LN_597800_BP_3.jpg,https://www.waitrose.com/ecom/products/waitrose-british-lamb-cutlets/597800-824566-824567,Waitrose British Lamb Cutlets,Typical weight 0.38kg,£11.08 each est.,£29/kg,,Fresh & Chilled
704163,Rude Health Almond Chilled Milk Alternative,G,false,1531,https://ecom-su-static-prod.wtrecom.com/images/products/3/LN_704163_BP_3.jpg,https://www.waitrose.com/ecom/products/rude-health-almond-chilled-milk-alternative/704163-601766-601767,Rude Health Almond Chilled Milk Alternative,1litre,£2.40,£2.40/litre,,Fresh & Chilled
519252,"Waitrose Peas, Sweetcorn, Carrot & Broccoli",G,true,1532,https://ecom-su-static-prod.wtrecom.com/images/products/3/LN_519252_BP_3.jpg,https://www.waitrose.com/ecom/products/waitrose-peas-sweetcorn-carrot-broccoli/519252-73417-73418,"Waitrose Peas, Sweetcorn, Carrot & Broccoli",350g,£2.40,68.6p/100g,£8 Chicken Dinner Meal Deal: Add 1 Main & 2 Extras,Fresh & Chilled
034822,Waitrose Roasted Garlic Flatbread,G,true,1533,https://ecom-su-static-prod.wtrecom.com/images/products/3/LN_034822_BP_3.jpg,https://www.waitrose.com/ecom/products/waitrose-roasted-garlic-flatbread/034822-17563-17564,Waitrose Roasted Garlic Flatbread,240g,£2.25,93.8p/100g,25% Off. Was £3.00,Fresh & Chilled
529296,Waitrose 20 British Lamb Meatballs,G,true,1534,https://ecom-su-static-prod.wtrecom.com/images/products/3/LN_529296_BP_3.jpg,https://www.waitrose.com/ecom/products/waitrose-20-british-lamb-meatballs/529296-806726-806727,Waitrose 20 British Lamb Meatballs,500g,£6.00,£12/kg,Add 3 for £12,Fresh & Chilled
575928,Waitrose Sun-Drenched Tomatoes,G,true,1535,https://ecom-su-static-prod.wtrecom.com/images/products/3/LN_575928_BP_3.jpg,https://www.waitrose.com/ecom/products/waitrose-sun-drenched-tomatoes/575928-202361-202362,Waitrose Sun-Drenched Tomatoes,160g,£4.00,£2.50/100g,Add 2 for £5.50,Fresh & Chilled
512527,The Collective Gourmet Raspberry Yogurt,G,true,1536,https://ecom-su-static-prod.wtrecom.com/images/products/3/LN_512527_BP_3.jpg,https://www.waitrose.com/ecom/products/the-collective-gourmet-raspberry-yogurt/512527-357290-357291,The Collective Gourmet Raspberry Yogurt,425g,£2.00,47.1p/100g,save £1.10. Was £3.10,Fresh & Chilled
848434,Waitrose British Smoked Streaky Bacon Rashers,G,true,1537,https://ecom-su-static-prod.wtrecom.com/images/products/3/LN_848434_BP_3.jpg,https://www.waitrose.com/ecom/products/waitrose-british-smoked-streaky-bacon-rashers/848434-780197-780198,Waitrose British Smoked Streaky Bacon Rashers,250g,£4.00,£16/kg,Add 2 for £7,Fresh & Chilled
694577,Waitrose Coarse Crystal Sea Salt,G,false,1538,https://ecom-su-static-prod.wtrecom.com/images/products/3/LN_694577_BP_3.jpg,https://www.waitrose.com/ecom/products/waitrose-coarse-crystal-sea-salt/694577-98617-98618,Waitrose Coarse Crystal Sea Salt,350g,£1.75,£5/kg,,Fresh & Chilled
507685,Actimel Immunity Strawberry Live Yogurt Drinks Large Pack,G,true,1539,https://ecom-su-static-prod.wtrecom.com/images/products/3/LN_507685_BP_3.jpg,https://www.waitrose.com/ecom/products/actimel-immunity-strawberry-live-yogurt-drinks-large-pack/507685-113896-113897,Actimel Immunity Strawberry Live Yogurt Drinks Large Pack,12x100g,£3.00,25p/100g,save £1.75. Was £4.75,Fresh & Chilled
495467,Waitrose Summer 4 New York Style Beef & Pork Hot Dogs,G,true,1540,https://ecom-su-static-prod.wtrecom.com/images/products/3/LN_495467_BP_3.jpg,https://www.waitrose.com/ecom/products/waitrose-summer-4-new-york-style-beef-pork-hot-dogs/495467-824440-824441,Waitrose Summer 4 New York Style Beef & Pork Hot Dogs,380g,£3.95,£10.40/kg,Add 2 for £5.75,Fresh & Chilled
472873,Wagamama Sweet Cherry Hoisin Stir Fry Sauce,G,false,1541,https://ecom-su-static-prod.wtrecom.com/images/products/3/LN_472873_BP_3.jpg,https://www.waitrose.com/ecom/products/wagamama-sweet-cherry-hoisin-stir-fry-sauce/472873-807265-807266,Wagamama Sweet Cherry Hoisin Stir Fry Sauce,120g,£1.35,£1.13/100g,,Fresh & Chilled
688897,Waitrose 4 Mini Pork Pies,G,false,1542,https://ecom-su-static-prod.wtrecom.com/images/products/3/LN_688897_BP_3.jpg,https://www.waitrose.com/ecom/products/waitrose-4-mini-pork-pies/688897-420383-420384,Waitrose 4 Mini Pork Pies,200g,£2.25,£1.13/100g,,Fresh & Chilled
515385,Waitrose Smoked Houmous,G,true,1543,https://ecom-su-static-prod.wtrecom.com/images/products/3/LN_515385_BP_3.jpg,https://www.waitrose.com/ecom/products/waitrose-smoked-houmous/515385-724857-724858,Waitrose Smoked Houmous,200g,£1.75,87.5p/100g,Add 2 for £2.50,Fresh & Chilled
051402,Waitrose Sausagemeat Stuffing Pepper & Nutmeg,G,false,1544,https://ecom-su-static-prod.wtrecom.com/images/products/3/LN_051402_BP_3.jpg,https://www.waitrose.com/ecom/products/waitrose-sausagemeat-stuffing-pepper-nutmeg/051402-25592-25593,Waitrose Sausagemeat Stuffing Pepper & Nutmeg,450g,£4.95,£11/kg,,Fresh & Chilled
847878,Waitrose Apricots,G,true,1545,https://ecom-su-static-prod.wtrecom.com/images/products/3/LN_847878_BP_3.jpg,https://www.waitrose.com/ecom/products/waitrose-apricots/847878-601830-601831,Waitrose Apricots,4s,£3.00,75p each,Add 2 for £4,Fresh & Chilled
665253,No. 1 Halloumi Cheese with Mint Strength 2,G,false,1546,https://ecom-su-static-prod.wtrecom.com/images/products/3/LN_665253_BP_3.jpg,https://www.waitrose.com/ecom/products/no-1-halloumi-cheese-with-mint-strength-2/665253-382019-382020,No. 1 Halloumi Cheese with Mint Strength 2,250g,£4.00,£16/kg,,Fresh & Chilled
474621,Waitrose Raspberry Jelly,G,false,1547,https://ecom-su-static-prod.wtrecom.com/images/products/3/LN_474621_BP_3.jpg,https://www.waitrose.com/ecom/products/waitrose-raspberry-jelly/474621-414426-414427,Waitrose Raspberry Jelly,175g,£1.50,85.7p/100g,,Fresh & Chilled
031739,Cadbury Dairy Milk Buttons Dessert,G,true,1548,https://ecom-su-static-prod.wtrecom.com/images/products/3/LN_031739_BP_3.jpg,https://www.waitrose.com/ecom/products/cadbury-dairy-milk-buttons-dessert/031739-15465-15466,Cadbury Dairy Milk Buttons Dessert,75g,85p,£1.14/100g,Save 1/3. Was £1.30,Fresh & Chilled
700635,Charlie Bigham's Shepherd's Pie for 1,G,true,1549,https://ecom-su-static-prod.wtrecom.com/images/products/3/LN_700635_BP_3.jpg,https://www.waitrose.com/ecom/products/charlie-bighams-shepherds-pie-for-1/700635-781121-781122,Charlie Bigham's Shepherd's Pie for 1,325g,£6.00,£1.85/100g,Add 2 for £11,Fresh & Chilled
800560,Waitrose Spicy Red Lentil Soup,G,false,1550,https://ecom-su-static-prod.wtrecom.com/images/products/3/LN_800560_BP_3.jpg,https://www.waitrose.com/ecom/products/waitrose-spicy-red-lentil-soup/800560-711272-711273,Waitrose Spicy Red Lentil Soup,600g,£2.85,47.5p/100g,,Fresh & Chilled
793165,Waitrose Smokey Chipotle Coleslaw,G,false,1551,https://ecom-su-static-prod.wtrecom.com/images/products/3/LN_793165_BP_3.jpg,https://www.waitrose.com/ecom/products/waitrose-smokey-chipotle-coleslaw/793165-801484-801485,Waitrose Smokey Chipotle Coleslaw,250g,£2.20,88p/100g,,Fresh & Chilled
033261,Waitrose Chinese Chicken Chow Mein for 1,G,true,1552,https://ecom-su-static-prod.wtrecom.com/images/products/3/LN_033261_BP_3.jpg,https://www.waitrose.com/ecom/products/waitrose-chinese-chicken-chow-mein-for-1/033261-16489-16490,Waitrose Chinese Chicken Chow Mein for 1,400g,£5.10,£12.75/kg,£12 South East & East Asian Meal Deal : Add 2 Mains & 2 Sides,Fresh & Chilled
021315,No. 1 Still Lemonade with Fresh Lemon Fruit Juice,G,false,1553,https://ecom-su-static-prod.wtrecom.com/images/products/3/LN_021315_BP_3.jpg,https://www.waitrose.com/ecom/products/no-1-still-lemonade-with-fresh-lemon-fruit-juice/021315-10387-10388,No. 1 Still Lemonade with Fresh Lemon Fruit Juice,1litre,£3.40,34p/100ml,,Fresh & Chilled
820917,Waitrose Italian Roasted Vegetable Lasagne for 1,G,true,1554,https://ecom-su-static-prod.wtrecom.com/images/products/3/LN_820917_BP_3.jpg,https://www.waitrose.com/ecom/products/waitrose-italian-roasted-vegetable-lasagne-for-1/820917-759349-759350,Waitrose Italian Roasted Vegetable Lasagne for 1,400g,£3.50,£8.75/kg,Add 2 for £6.50,Fresh & Chilled
806425,Waitrose Swiss Le Gruyere Reserve AOP Gruyere Cheese Strength 5,G,true,1555,https://ecom-su-static-prod.wtrecom.com/images/products/3/LN_806425_BP_3.jpg,https://www.waitrose.com/ecom/products/waitrose-swiss-le-gruyere-reserve-aop-gruyere-cheese-strength-5/806425-731699-731700,Waitrose Swiss Le Gruyere Reserve AOP Gruyere Cheese Strength 5,200g,£3.37,£16.85/kg,25% Off. Was £4.50,Fresh & Chilled
573766,Charlie Bigham's Thai Green Chicken Curry For 2,G,false,1556,https://ecom-su-static-prod.wtrecom.com/images/products/3/LN_573766_BP_3.jpg,https://www.waitrose.com/ecom/products/charlie-bighams-thai-green-chicken-curry-for-2/573766-723818-723819,Charlie Bigham's Thai Green Chicken Curry For 2,805g,£9.50,£11.81/kg,,Fresh & Chilled
629077,Biomel Natural Coconut Milk Alternative Shot,G,false,1557,https://ecom-su-static-prod.wtrecom.com/images/products/3/LN_629077_BP_3.jpg,https://www.waitrose.com/ecom/products/biomel-natural-coconut-milk-alternative-shot/629077-668635-668636,Biomel Natural Coconut Milk Alternative Shot,125ml,£1.25,£1/100ml,,Fresh & Chilled
541561,Cooks' Ingredients Curly Parsley Medium Pot,G,false,1558,https://ecom-su-static-prod.wtrecom.com/images/products/3/LN_541561_BP_3.jpg,https://www.waitrose.com/ecom/products/cooks-ingredients-curly-parsley-medium-pot/541561-160477-160478,Cooks' Ingredients Curly Parsley Medium Pot,each,£1.70,£1.70 each,,Fresh & Chilled
507583,The Jolly Hog 6 Proper Porkers Sausages,G,false,1559,https://ecom-su-static-prod.wtrecom.com/images/products/3/LN_507583_BP_3.jpg,https://www.waitrose.com/ecom/products/the-jolly-hog-6-proper-porkers-sausages/507583-726304-726305,The Jolly Hog 6 Proper Porkers Sausages,400g,£4.20,£10.50/kg,,Fresh & Chilled
847065,Waitrose Pork & Apple Dinky Pies,G,true,1560,https://ecom-su-static-prod.wtrecom.com/images/products/3/LN_847065_BP_3.jpg,https://www.waitrose.com/ecom/products/waitrose-pork-apple-dinky-pies/847065-824608-824609,Waitrose Pork & Apple Dinky Pies,200g,£3.50,£1.75/100g,Add 2 for £5.50,Fresh & Chilled
414319,Waitrose Beef Bolognese with Tomatoes and Red Wine,G,false,1561,https://ecom-su-static-prod.wtrecom.com/images/products/3/LN_414319_BP_3.jpg,https://www.waitrose.com/ecom/products/waitrose-beef-bolognese-with-tomatoes-and-red-wine/414319-813856-813857,Waitrose Beef Bolognese with Tomatoes and Red Wine,350g,£2.95,84.3p/100g,,Fresh & Chilled
502366,Essential Edam Cheese Strength 2,G,false,1562,https://ecom-su-static-prod.wtrecom.com/images/products/3/LN_502366_BP_3.jpg,https://www.waitrose.com/ecom/products/essential-edam-cheese-strength-2/502366-70967-70968,Essential Edam Cheese Strength 2,310g,£2.80,£9.04/kg,,Fresh & Chilled
484878,Waitrose Strawberry & Banana Smoothie Large,G,false,1563,https://ecom-su-static-prod.wtrecom.com/images/products/3/LN_484878_BP_3.jpg,https://www.waitrose.com/ecom/products/waitrose-strawberry-banana-smoothie-large/484878-761956-761957,Waitrose Strawberry & Banana Smoothie Large,750ml,£2.00,26.7p/100ml,,Fresh & Chilled
630697,Essential Sliced Mozzarella Cheese Strength 1,G,false,1564,https://ecom-su-static-prod.wtrecom.com/images/products/3/LN_630697_BP_3.jpg,https://www.waitrose.com/ecom/products/essential-sliced-mozzarella-cheese-strength-1/630697-723564-723565,Essential Sliced Mozzarella Cheese Strength 1,250g,£2.80,£11.20/kg,,Fresh & Chilled
758261,Essential Single Cream Large,G,false,1565,https://ecom-su-static-prod.wtrecom.com/images/products/3/LN_758261_BP_3.jpg,https://www.waitrose.com/ecom/products/essential-single-cream-large/758261-107859-107860,Essential Single Cream Large,600ml,£2.00,33.3p/100ml,,Fresh & Chilled
789625,Waitrose Tomato & Mozzarella Salad,G,true,1566,https://ecom-su-static-prod.wtrecom.com/images/products/3/LN_789625_BP_3.jpg,https://www.waitrose.com/ecom/products/waitrose-tomato-mozzarella-salad/789625-498126-498127,Waitrose Tomato & Mozzarella Salad,185g,£2.95,£1.60/100g,£8 Chicken Dinner Meal Deal: Add 1 Main & 2 Extras,Fresh & Chilled
709229,Waitrose Garlic & Parsley Ciabatta Breadsticks,G,false,1567,https://ecom-su-static-prod.wtrecom.com/images/products/3/LN_709229_BP_3.jpg,https://www.waitrose.com/ecom/products/waitrose-garlic-parsley-ciabatta-breadsticks/709229-741298-741299,Waitrose Garlic & Parsley Ciabatta Breadsticks,135g,£2.50,£1.86/100g,,Fresh & Chilled
820717,Waitrose Mango & Passionfruit Smoothie Large,G,false,1568,https://ecom-su-static-prod.wtrecom.com/images/products/3/LN_820717_BP_3.jpg,https://www.waitrose.com/ecom/products/waitrose-mango-passionfruit-smoothie-large/820717-762166-762167,Waitrose Mango & Passionfruit Smoothie Large,750ml,£2.00,26.7p/100ml,,Fresh & Chilled
861173,Essential 50% Reduced Fat Mature Cheddar Cheese Strength 4,G,false,1569,https://ecom-su-static-prod.wtrecom.com/images/products/3/LN_861173_BP_3.jpg,https://www.waitrose.com/ecom/products/essential-50-reduced-fat-mature-cheddar-cheese-strength-4/861173-451984-451985,Essential 50% Reduced Fat Mature Cheddar Cheese Strength 4,350g,£2.60,£7.43/kg,,Fresh & Chilled
434595,Waitrose 2 British Lamb Leg Steaks,G,false,1570,https://ecom-su-static-prod.wtrecom.com/images/products/3/LN_434595_BP_3.jpg,https://www.waitrose.com/ecom/products/waitrose-2-british-lamb-leg-steaks/434595-806718-806719,Waitrose 2 British Lamb Leg Steaks,Typical weight 0.22kg,£6.16 each est.,£28.00/kg,,Fresh & Chilled
090078,Duchy Organic Organic Homogenised Semi-Skimmed Milk 1 Pint,G,false,1571,https://ecom-su-static-prod.wtrecom.com/images/products/3/LN_090078_BP_3.jpg,https://www.waitrose.com/ecom/products/duchy-organic-organic-homogenised-semi-skimmed-milk-1-pint/090078-46442-46443,Duchy Organic Organic Homogenised Semi-Skimmed Milk 1 Pint,568ml,£1.15,£2.03/litre,,Fresh & Chilled
701362,Waitrose Mixed Berry Trifle,G,false,1572,https://ecom-su-static-prod.wtrecom.com/images/products/3/LN_701362_BP_3.jpg,https://www.waitrose.com/ecom/products/waitrose-mixed-berry-trifle/701362-344327-344328,Waitrose Mixed Berry Trifle,578g,£4.00,69.2p/100g,,Fresh & Chilled
690617,Linda McCartney's 2 Vegan 1/4lb Burgers,G,false,1573,https://ecom-su-static-prod.wtrecom.com/images/products/3/LN_690617_BP_3.jpg,https://www.waitrose.com/ecom/products/linda-mccartneys-2-vegan-1-4lb-burgers/690617-493130-493131,Linda McCartney's 2 Vegan 1/4lb Burgers,227g,£2.60,£11.46/kg,,Fresh & Chilled
868076,Yeo Valley Organic Natural Single Greek Style Yogurt,G,false,1574,https://ecom-su-static-prod.wtrecom.com/images/products/3/LN_868076_BP_3.jpg,https://www.waitrose.com/ecom/products/yeo-valley-organic-natural-single-greek-style-yogurt/868076-324716-324717,Yeo Valley Organic Natural Single Greek Style Yogurt,150g,90p,60p/100g,,Fresh & Chilled
808895,Pip Organic Organic Cloudy Apple Juice,G,false,1575,https://ecom-su-static-prod.wtrecom.com/images/products/3/LN_808895_BP_3.jpg,https://www.waitrose.com/ecom/products/pip-organic-organic-cloudy-apple-juice/808895-780163-780164,Pip Organic Organic Cloudy Apple Juice,1litre,£3.95,£3.95/litre,,Fresh & Chilled
570076,Oakpark Smoked Turkey Breast Bacon Rashers,G,false,1576,https://ecom-su-static-prod.wtrecom.com/images/products/3/LN_570076_BP_3.jpg,https://www.waitrose.com/ecom/products/oakpark-smoked-turkey-breast-bacon-rashers/570076-716507-716508,Oakpark Smoked Turkey Breast Bacon Rashers,150g,£1.95,£13/kg,,Fresh & Chilled
869629,Activia Raspberry No Added Sugar Gut Health Yogurt Multipack,G,true,1577,https://ecom-su-static-prod.wtrecom.com/images/products/3/LN_869629_BP_3.jpg,https://www.waitrose.com/ecom/products/activia-raspberry-no-added-sugar-gut-health-yogurt-multipack/869629-690846-690847,Activia Raspberry No Added Sugar Gut Health Yogurt Multipack,4x115g,£1.75,38p/100g,save 90p. Was £2.65,Fresh & Chilled
457058,Nestle Rolo Chocolate & Toffee Dessert,G,false,1578,https://ecom-su-static-prod.wtrecom.com/images/products/3/LN_457058_BP_3.jpg,https://www.waitrose.com/ecom/products/nestle-rolo-chocolate-toffee-dessert/457058-64409-64410,Nestle Rolo Chocolate & Toffee Dessert,2x65g,£1.95,£1.50/100g,,Fresh & Chilled
530700,Natoora Organic Root Ginger,G,false,1579,https://ecom-su-static-prod.wtrecom.com/images/products/3/LN_530700_BP_3.jpg,https://www.waitrose.com/ecom/products/natoora-organic-root-ginger/530700-755875-755876,Natoora Organic Root Ginger,130g,£2.00,15.4p/10g,,Fresh & Chilled
698522,Easy To Cook Cod Fish Cakes with Cheddar,G,true,1580,https://ecom-su-static-prod.wtrecom.com/images/products/3/LN_698522_BP_3.jpg,https://www.waitrose.com/ecom/products/easy-to-cook-cod-fish-cakes-with-cheddar/698522-99163-99164,Easy To Cook Cod Fish Cakes with Cheddar,315g,£5.00,£15.88/kg,Add 3 for £12,Fresh & Chilled
085516,Duchy Organic Butternut Squash,G,false,1581,https://ecom-su-static-prod.wtrecom.com/images/products/3/LN_085516_BP_3.jpg,https://www.waitrose.com/ecom/products/duchy-organic-butternut-squash/085516-43598-43599,Duchy Organic Butternut Squash,Typical weight 1.04kg,£2.29 each est.,£2.20/kg,,Fresh & Chilled
549974,itsu Chicken Ramen Brilliant Broth,G,true,1582,https://ecom-su-static-prod.wtrecom.com/images/products/3/LN_549974_BP_3.jpg,https://www.waitrose.com/ecom/products/itsu-chicken-ramen-brilliant-broth/549974-767754-767755,itsu Chicken Ramen Brilliant Broth,500ml,£2.80,56p/100ml,"£7 Stir Fry Meal Deal: Add protein, veg, sauce & rice or noodles",Fresh & Chilled
825371,Minor Figures Oat Barista Dairy Free Milk Alternative,G,false,1583,https://ecom-su-static-prod.wtrecom.com/images/products/3/LN_825371_BP_3.jpg,https://www.waitrose.com/ecom/products/minor-figures-oat-barista-dairy-free-milk-alternative/825371-815560-815561,Minor Figures Oat Barista Dairy Free Milk Alternative,1litre,£2.10,£2.10/litre,,Fresh & Chilled
085112,Duchy Organic Red Onions,G,false,1584,https://ecom-su-static-prod.wtrecom.com/images/products/3/LN_085112_BP_3.jpg,https://www.waitrose.com/ecom/products/duchy-organic-red-onions/085112-43199-43200,Duchy Organic Red Onions,500g,£1.50,£3/kg,,Fresh & Chilled
375435,Cawston Press Kids' Blend Apple & Mango,G,false,1585,https://ecom-su-static-prod.wtrecom.com/images/products/3/LN_375435_BP_3.jpg,https://www.waitrose.com/ecom/products/cawston-press-kids-blend-apple-mango/375435-199977-199978,Cawston Press Kids' Blend Apple & Mango,3x200ml,£2.35,39.2p/100ml,,Fresh & Chilled
420141,Essential British Lambs Liver,G,false,1586,https://ecom-su-static-prod.wtrecom.com/images/products/3/LN_420141_BP_3.jpg,https://www.waitrose.com/ecom/products/essential-british-lambs-liver/420141-721022-721023,Essential British Lambs Liver,350g,£3.00,£8.58/kg,,Fresh & Chilled
876987,Clarence Court Traditional Leghorn Whites,G,false,1587,https://ecom-su-static-prod.wtrecom.com/images/products/3/LN_876987_BP_3.jpg,https://www.waitrose.com/ecom/products/clarence-court-traditional-leghorn-whites/876987-769912-769913,Clarence Court Traditional Leghorn Whites,6s,£3.85,64.2p each,,Fresh & Chilled
695197,Waitrose Summer 2 Smoky Chipotle Beef Steaks,G,true,1588,https://ecom-su-static-prod.wtrecom.com/images/products/3/LN_695197_BP_3.jpg,https://www.waitrose.com/ecom/products/waitrose-summer-2-smoky-chipotle-beef-steaks/695197-780215-780216,Waitrose Summer 2 Smoky Chipotle Beef Steaks,265g,£4.25,£16.04/kg,Add 3 for £12,Fresh & Chilled
024614,Emmi Caffe Latte Skinny Iced Coffee,G,false,1589,https://ecom-su-static-prod.wtrecom.com/images/products/3/LN_024614_BP_3.jpg,https://www.waitrose.com/ecom/products/emmi-caffe-latte-skinny-iced-coffee/024614-11916-11917,Emmi Caffe Latte Skinny Iced Coffee,230ml,£1.95,£8.48/litre,,Fresh & Chilled
086110,Cooks' Ingredients Oregano,G,false,1590,https://ecom-su-static-prod.wtrecom.com/images/products/3/LN_086110_BP_3.jpg,https://www.waitrose.com/ecom/products/cooks-ingredients-oregano/086110-43937-43938,Cooks' Ingredients Oregano,15g,75p,50p/10g,,Fresh & Chilled
501414,Tims Dairy Raspberry Greek Style Yogurt,G,false,1591,https://ecom-su-static-prod.wtrecom.com/images/products/3/LN_501414_BP_3.jpg,https://www.waitrose.com/ecom/products/tims-dairy-raspberry-greek-style-yogurt/501414-743740-743741,Tims Dairy Raspberry Greek Style Yogurt,450g,£2.50,55.6p/100g,,Fresh & Chilled
490361,Waitrose Fresh Linguine,G,false,1592,https://ecom-su-static-prod.wtrecom.com/images/products/3/LN_490361_BP_3.jpg,https://www.waitrose.com/ecom/products/waitrose-fresh-linguine/490361-793220-793221,Waitrose Fresh Linguine,500g,£2.30,£4.60/kg,,Fresh & Chilled
632050,"Dell'Ugo Prawn, Garlic & Chilli Ravioli",G,false,1593,https://ecom-su-static-prod.wtrecom.com/images/products/3/LN_632050_BP_3.jpg,https://www.waitrose.com/ecom/products/dellugo-prawn-garlic-chilli-ravioli/632050-745191-745192,"Dell'Ugo Prawn, Garlic & Chilli Ravioli",250g,£4.00,£1.60/100g,,Fresh & Chilled
624055,Graze Lemon Blueberry Oat Boosts,G,false,1594,https://ecom-su-static-prod.wtrecom.com/images/products/3/LN_624055_BP_3.jpg,https://www.waitrose.com/ecom/products/graze-lemon-blueberry-oat-boosts/624055-786182-786183,Graze Lemon Blueberry Oat Boosts,4x30g,£2.90,£2.42/100g,,Fresh & Chilled
710924,No. 1 Mature Wookey Hole Cheddar Cheese Strength 5,G,false,1595,https://ecom-su-static-prod.wtrecom.com/images/products/3/LN_710924_BP_3.jpg,https://www.waitrose.com/ecom/products/no-1-mature-wookey-hole-cheddar-cheese-strength-5/710924-743898-743899,No. 1 Mature Wookey Hole Cheddar Cheese Strength 5,200g,£2.85,£14.25/kg,,Fresh & Chilled
626136,Waitrose British Venison Mince,G,true,1596,https://ecom-su-static-prod.wtrecom.com/images/products/3/LN_626136_BP_3.jpg,https://www.waitrose.com/ecom/products/waitrose-british-venison-mince/626136-702939-702940,Waitrose British Venison Mince,300g,£5.00,£16.67/kg,Add 3 for £12,Fresh & Chilled
044155,Utterly Butterly Dairy Spread,G,false,1597,https://ecom-su-static-prod.wtrecom.com/images/products/3/LN_044155_BP_3.jpg,https://www.waitrose.com/ecom/products/utterly-butterly-dairy-spread/044155-21754-21755,Utterly Butterly Dairy Spread,500g,£1.50,£3/kg,,Fresh & Chilled
403051,Equinox Kombucha Ginger Organic Fruit Juice Single,G,false,1598,https://ecom-su-static-prod.wtrecom.com/images/products/3/LN_403051_BP_3.jpg,https://www.waitrose.com/ecom/products/equinox-kombucha-ginger-organic-fruit-juice-single/403051-712961-712962,Equinox Kombucha Ginger Organic Fruit Juice Single,275ml,£2.20,80p/100ml,,Fresh & Chilled
576173,Waitrose Honey & Mustard Cocktail Sausages,G,true,1599,https://ecom-su-static-prod.wtrecom.com/images/products/3/LN_576173_BP_3.jpg,https://www.waitrose.com/ecom/products/waitrose-honey-mustard-cocktail-sausages/576173-804666-804667,Waitrose Honey & Mustard Cocktail Sausages,255g,£3.50,£1.38/100g,Add 2 for £5.50,Fresh & Chilled
876790,Waitrose Southern Fried Chicken Drumsticks & Thighs,G,true,1600,https://ecom-su-static-prod.wtrecom.com/images/products/3/LN_876790_BP_3.jpg,https://www.waitrose.com/ecom/products/waitrose-southern-fried-chicken-drumsticks-thighs/876790-620235-620236,Waitrose Southern Fried Chicken Drumsticks & Thighs,800g,£4.50,£5.63/kg,£8 Chicken Dinner Meal Deal: Add 1 Main & 2 Extras,Fresh & Chilled
536830,Duchy Organic Chicken Breast Chunks,G,false,1601,https://ecom-su-static-prod.wtrecom.com/images/products/3/LN_536830_BP_3.jpg,https://www.waitrose.com/ecom/products/duchy-organic-chicken-breast-chunks/536830-713429-713430,Duchy Organic Chicken Breast Chunks,275g,£7.85,£28.55/kg,,Fresh & Chilled
053024,Yeo Valley Strawberry Organic Yogurt,G,true,1602,https://ecom-su-static-prod.wtrecom.com/images/products/3/LN_053024_BP_3.jpg,https://www.waitrose.com/ecom/products/yeo-valley-strawberry-organic-yogurt/053024-26459-26460,Yeo Valley Strawberry Organic Yogurt,450g,£1.50,33.3p/100g,save 85p. Was £2.35,Fresh & Chilled
582868,Easy to Cook Chicken Parmigiana,G,false,1603,https://ecom-su-static-prod.wtrecom.com/images/products/3/LN_582868_BP_3.jpg,https://www.waitrose.com/ecom/products/easy-to-cook-chicken-parmigiana/582868-702204-702205,Easy to Cook Chicken Parmigiana,450g,£7.50,£16.67/kg,,Fresh & Chilled
421937,"Onken Mango, Papaya & Passionfruit Yogurt",G,true,1604,https://ecom-su-static-prod.wtrecom.com/images/products/3/LN_421937_BP_3.jpg,https://www.waitrose.com/ecom/products/onken-mango-papaya-passionfruit-yogurt/421937-688389-688390,"Onken Mango, Papaya & Passionfruit Yogurt",450g,£1.50,33.3p/100g,save 85p. Was £2.35,Fresh & Chilled
010787,Waitrose 16 Cocktail Blinis,G,false,1605,https://ecom-su-static-prod.wtrecom.com/images/products/3/LN_010787_BP_3.jpg,https://www.waitrose.com/ecom/products/waitrose-16-cocktail-blinis/010787-5366-5367,Waitrose 16 Cocktail Blinis,162g,£3.25,£2.01/100g,,Fresh & Chilled
422494,Waitrose Classics Roast Chicken Dinner for 1,G,false,1606,https://ecom-su-static-prod.wtrecom.com/images/products/3/LN_422494_BP_3.jpg,https://www.waitrose.com/ecom/products/waitrose-classics-roast-chicken-dinner-for-1/422494-759357-759358,Waitrose Classics Roast Chicken Dinner for 1,400g,£5.25,£13.13/kg,,Fresh & Chilled
703092,Unearthed Spanish Omelette,G,true,1607,https://ecom-su-static-prod.wtrecom.com/images/products/3/LN_703092_BP_3.jpg,https://www.waitrose.com/ecom/products/unearthed-spanish-omelette/703092-657799-657800,Unearthed Spanish Omelette,250g,£2.40,96p/100g,25% Off. Was £3.20,Fresh & Chilled
848643,Waitrose Davidstow Cornish Mature Cheddar Cheese Strength 5,G,false,1608,https://ecom-su-static-prod.wtrecom.com/images/products/3/LN_848643_BP_3.jpg,https://www.waitrose.com/ecom/products/waitrose-davidstow-cornish-mature-cheddar-cheese-strength-5/848643-451974-451975,Waitrose Davidstow Cornish Mature Cheddar Cheese Strength 5,350g,£4.25,£12.15/kg,,Fresh & Chilled
811772,Essential British Finely Sliced Roast Ham,G,false,1609,https://ecom-su-static-prod.wtrecom.com/images/products/3/LN_811772_BP_3.jpg,https://www.waitrose.com/ecom/products/essential-british-finely-sliced-roast-ham/811772-724925-724926,Essential British Finely Sliced Roast Ham,260g,£3.45,£1.33/100g,,Fresh & Chilled
023188,Waitrose Brazil Nuts,G,false,1610,https://ecom-su-static-prod.wtrecom.com/images/products/3/LN_023188_BP_3.jpg,https://www.waitrose.com/ecom/products/waitrose-brazil-nuts/023188-11269-11270,Waitrose Brazil Nuts,300g,£4.50,£1.50/100g,,Fresh & Chilled
067375,Essential 50% Reduced Fat Soft Cheese Strength 1,G,false,1611,https://ecom-su-static-prod.wtrecom.com/images/products/3/LN_067375_BP_3.jpg,https://www.waitrose.com/ecom/products/essential-50-reduced-fat-soft-cheese-strength-1/067375-34179-34180,Essential 50% Reduced Fat Soft Cheese Strength 1,250g,£1.25,£5/kg,,Fresh & Chilled
511930,Cooks' Ingredients Jalapeno Chillies,G,false,1612,https://ecom-su-static-prod.wtrecom.com/images/products/3/LN_511930_BP_3.jpg,https://www.waitrose.com/ecom/products/cooks-ingredients-jalapeno-chillies/511930-239371-239372,Cooks' Ingredients Jalapeno Chillies,100g,£1.40,£14/kg,,Fresh & Chilled
097360,Waitrose Spinach Mornay,G,false,1613,https://ecom-su-static-prod.wtrecom.com/images/products/3/LN_097360_BP_3.jpg,https://www.waitrose.com/ecom/products/waitrose-spinach-mornay/097360-49715-49716,Waitrose Spinach Mornay,300g,£2.90,£9.67/kg,,Fresh & Chilled
890885,The Collective Gourmet Mango Yogurt,G,true,1614,https://ecom-su-static-prod.wtrecom.com/images/products/3/LN_890885_BP_3.jpg,https://www.waitrose.com/ecom/products/the-collective-gourmet-mango-yogurt/890885-405900-405901,The Collective Gourmet Mango Yogurt,425g,£2.00,47.1p/100g,save £1.10. Was £3.10,Fresh & Chilled
658566,Waitrose Italian Prosciutto Cotto,G,true,1615,https://ecom-su-static-prod.wtrecom.com/images/products/3/LN_658566_BP_3.jpg,https://www.waitrose.com/ecom/products/waitrose-italian-prosciutto-cotto/658566-486631-486632,Waitrose Italian Prosciutto Cotto,92g,£3.50,£3.81/100g,Add 2 for £5.50,Fresh & Chilled
404792,Bertolli Olivio Light Dairy Spread with Olive Oil,G,true,1616,https://ecom-su-static-prod.wtrecom.com/images/products/3/LN_404792_BP_3.jpg,https://www.waitrose.com/ecom/products/bertolli-olivio-light-dairy-spread-with-olive-oil/404792-56967-56968,Bertolli Olivio Light Dairy Spread with Olive Oil,450g,£2.35,£5.23/kg,save 60p. Was £2.95,Fresh & Chilled
393874,Waitrose Crumbly Belton Wensleydale Cheese Strength 2,G,true,1617,https://ecom-su-static-prod.wtrecom.com/images/products/3/LN_393874_BP_3.jpg,https://www.waitrose.com/ecom/products/waitrose-crumbly-belton-wensleydale-cheese-strength-2/393874-55351-55352,Waitrose Crumbly Belton Wensleydale Cheese Strength 2,250g,£1.95,£7.80/kg,25% Off. Was £2.60,Fresh & Chilled
067214,New Covent Garden Tomato & Basil Soup,G,false,1618,https://ecom-su-static-prod.wtrecom.com/images/products/3/LN_067214_BP_3.jpg,https://www.waitrose.com/ecom/products/new-covent-garden-tomato-basil-soup/067214-34074-34075,New Covent Garden Tomato & Basil Soup,560g,£2.35,42p/100g,,Fresh & Chilled
758674,New Covent Garden Lentil & Smoked Bacon,G,false,1619,https://ecom-su-static-prod.wtrecom.com/images/products/3/LN_758674_BP_3.jpg,https://www.waitrose.com/ecom/products/new-covent-garden-lentil-smoked-bacon/758674-299469-299470,New Covent Garden Lentil & Smoked Bacon,560g,£2.35,42p/100g,,Fresh & Chilled
009680,Ritter Sport Marzipan,G,false,1620,https://ecom-su-static-prod.wtrecom.com/images/products/3/LN_009680_BP_3.jpg,https://www.waitrose.com/ecom/products/ritter-sport-marzipan/009680-4793-4794,Ritter Sport Marzipan,100g,£1.30,£1.30/100g,,Fresh & Chilled
836176,English Cheesecake Company Lemon Crackable Cheesecake Pots,G,false,1621,https://ecom-su-static-prod.wtrecom.com/images/products/3/LN_836176_BP_3.jpg,https://www.waitrose.com/ecom/products/english-cheesecake-company-lemon-crackable-cheesecake-pots/836176-825275-825276,English Cheesecake Company Lemon Crackable Cheesecake Pots,2x90g,£3.95,£2.20/100g,,Fresh & Chilled
572670,GOOD TO GO Mango,G,true,1622,https://ecom-su-static-prod.wtrecom.com/images/products/3/LN_572670_BP_3.jpg,https://www.waitrose.com/ecom/products/good-to-go-mango/572670-133568-133569,GOOD TO GO Mango,130g,£1.55,£11.93/kg,"£5 Food to Go Meal Deal: Add 1 Main, 1 Snack and 1 Drink",Fresh & Chilled
789977,Equinox Kombucha Sicilian Lemon Organic Fruit Juice,G,false,1623,https://ecom-su-static-prod.wtrecom.com/images/products/3/LN_789977_BP_3.jpg,https://www.waitrose.com/ecom/products/equinox-kombucha-sicilian-lemon-organic-fruit-juice/789977-806450-806451,Equinox Kombucha Sicilian Lemon Organic Fruit Juice,275ml,£2.20,80p/100ml,,Fresh & Chilled
835461,Waitrose British Goats Cheese Strength 2,G,false,1624,https://ecom-su-static-prod.wtrecom.com/images/products/3/LN_835461_BP_3.jpg,https://www.waitrose.com/ecom/products/waitrose-british-goats-cheese-strength-2/835461-151974-151975,Waitrose British Goats Cheese Strength 2,100g,£2.30,£23/kg,,Fresh & Chilled
551047,Richmond 8 Vegan Meat Free Sausages,G,true,1625,https://ecom-su-static-prod.wtrecom.com/images/products/3/LN_551047_BP_3.jpg,https://www.waitrose.com/ecom/products/richmond-8-vegan-meat-free-sausages/551047-745730-745731,Richmond 8 Vegan Meat Free Sausages,304g,£2.10,£6.91/kg,25% Off. Was £2.80,Fresh & Chilled
791207,Yorkshire Provender Tomato Red Pepper Soup,G,true,1626,https://ecom-su-static-prod.wtrecom.com/images/products/3/LN_791207_BP_3.jpg,https://www.waitrose.com/ecom/products/yorkshire-provender-tomato-red-pepper-soup/791207-112557-112558,Yorkshire Provender Tomato Red Pepper Soup,560g,£2.65,47.3p/100g,save 55p. Was £3.20,Fresh & Chilled
853585,Waitrose Sausage Rolls 2pk,G,false,1627,https://ecom-su-static-prod.wtrecom.com/images/products/3/LN_853585_BP_3.jpg,https://www.waitrose.com/ecom/products/waitrose-sausage-rolls-2pk/853585-824610-824611,Waitrose Sausage Rolls 2pk,120g,£1.00,83.3p/100g,,Fresh & Chilled
690476,Duchy Organic Free Range Dry-Cured Smoked Back Bacon,G,false,1628,https://ecom-su-static-prod.wtrecom.com/images/products/3/LN_690476_BP_3.jpg,https://www.waitrose.com/ecom/products/duchy-organic-free-range-dry-cured-smoked-back-bacon/690476-98077-98078,Duchy Organic Free Range Dry-Cured Smoked Back Bacon,184g,£5.25,£28.54/kg,,Fresh & Chilled
886443,Waitrose Arrabbiata Sauce,G,false,1629,https://ecom-su-static-prod.wtrecom.com/images/products/3/LN_886443_BP_3.jpg,https://www.waitrose.com/ecom/products/waitrose-arrabbiata-sauce/886443-793296-793297,Waitrose Arrabbiata Sauce,350g,£2.95,84.3p/100g,,Fresh & Chilled
517362,Yeo Valley Lemon Curd Organic Yogurt,G,true,1630,https://ecom-su-static-prod.wtrecom.com/images/products/3/LN_517362_BP_3.jpg,https://www.waitrose.com/ecom/products/yeo-valley-lemon-curd-organic-yogurt/517362-73149-73150,Yeo Valley Lemon Curd Organic Yogurt,450g,£1.50,33.3p/100g,save 85p. Was £2.35,Fresh & Chilled
534324,Waitrose Cajun Chicken Breast Fillets,G,true,1631,https://ecom-su-static-prod.wtrecom.com/images/products/3/LN_534324_BP_3.jpg,https://www.waitrose.com/ecom/products/waitrose-cajun-chicken-breast-fillets/534324-619767-619768,Waitrose Cajun Chicken Breast Fillets,270g,£4.30,£15.93/kg,£8 Chicken Dinner Meal Deal: Add 1 Main & 2 Extras,Fresh & Chilled
048743,No.1 Scottish Salmon Gravadlax,G,false,1632,https://ecom-su-static-prod.wtrecom.com/images/products/3/LN_048743_BP_3.jpg,https://www.waitrose.com/ecom/products/no1-scottish-salmon-gravadlax/048743-24237-24237,No.1 Scottish Salmon Gravadlax,120g,£6.95,£5.80/100g,,Fresh & Chilled
031579,Pie d'Angloys French Soft Cheese,G,false,1633,https://ecom-su-static-prod.wtrecom.com/images/products/3/LN_031579_BP_3.jpg,https://www.waitrose.com/ecom/products/pie-dangloys-french-soft-cheese/031579-15381-15382,Pie d'Angloys French Soft Cheese,200g,£3.00,£15/kg,,Fresh & Chilled
517528,Charlie Bigham's Roast Chicken & Mushroom Full Pastry Pie,G,true,1634,https://ecom-su-static-prod.wtrecom.com/images/products/3/LN_517528_BP_3.jpg,https://www.waitrose.com/ecom/products/charlie-bighams-roast-chicken-mushroom-full-pastry-pie/517528-707086-707087,Charlie Bigham's Roast Chicken & Mushroom Full Pastry Pie,270g,£5.00,£1.86/100g,Add 2 for £9,Fresh & Chilled
602078,"Waitrose Pineapple, Melon and Mango Fingers",G,false,1635,https://ecom-su-static-prod.wtrecom.com/images/products/3/LN_602078_BP_3.jpg,https://www.waitrose.com/ecom/products/waitrose-pineapple-melon-and-mango-fingers/602078-772472-772473,"Waitrose Pineapple, Melon and Mango Fingers",240g,£3.25,£1.36/100g,,Fresh & Chilled
898628,Essential 4 Slices British Corned Beef,G,false,1636,https://ecom-su-static-prod.wtrecom.com/images/products/3/LN_898628_BP_3.jpg,https://www.waitrose.com/ecom/products/essential-4-slices-british-corned-beef/898628-620271-620272,Essential 4 Slices British Corned Beef,140g,£3.45,£2.47/100g,,Fresh & Chilled
866443,Rachels Dairy Rhubarb Organic Greek Style Yogurt,G,true,1637,https://ecom-su-static-prod.wtrecom.com/images/products/3/LN_866443_BP_3.jpg,https://www.waitrose.com/ecom/products/rachels-dairy-rhubarb-organic-greek-style-yogurt/866443-683965-683966,Rachels Dairy Rhubarb Organic Greek Style Yogurt,450g,£2.00,44.4p/100g,save 80p. Was £2.80,Fresh & Chilled
499648,Urban Fruit No Added Sugar Baked Mango,G,true,1638,https://ecom-su-static-prod.wtrecom.com/images/products/3/LN_499648_BP_3.jpg,https://www.waitrose.com/ecom/products/urban-fruit-no-added-sugar-baked-mango/499648-271362-271363,Urban Fruit No Added Sugar Baked Mango,100g,£2.75,£2.75/100g,Add 2 for £4.20,Fresh & Chilled
053559,Cadbury Flake Chocolate Dessert,G,true,1639,https://ecom-su-static-prod.wtrecom.com/images/products/3/LN_053559_BP_3.jpg,https://www.waitrose.com/ecom/products/cadbury-flake-chocolate-dessert/053559-26815-26816,Cadbury Flake Chocolate Dessert,75g,85p,£1.14/100g,Save 1/3. Was £1.30,Fresh & Chilled
655160,Waitrose Rope Grown Scottish Mussels in White Wine & Cream,G,false,1640,https://ecom-su-static-prod.wtrecom.com/images/products/3/LN_655160_BP_3.jpg,https://www.waitrose.com/ecom/products/waitrose-rope-grown-scottish-mussels-in-white-wine-cream/655160-538796-538797,Waitrose Rope Grown Scottish Mussels in White Wine & Cream,2x250g,£3.95,£7.90/kg,,Fresh & Chilled
725476,Lindahls Kvarg Raspberry High Protein Yogurt Single,G,true,1641,https://ecom-su-static-prod.wtrecom.com/images/products/3/LN_725476_BP_3.jpg,https://www.waitrose.com/ecom/products/lindahls-kvarg-raspberry-high-protein-yogurt-single/725476-653608-653609,Lindahls Kvarg Raspberry High Protein Yogurt Single,150g,£1.30,86.7p/100g,Add 2 for £1.50,Fresh & Chilled
048160,Waitrose Smoked Salmon & Cream Cheese Sandwich,G,true,1642,https://ecom-su-static-prod.wtrecom.com/images/products/3/LN_048160_BP_3.jpg,https://www.waitrose.com/ecom/products/waitrose-smoked-salmon-cream-cheese-sandwich/048160-23875-23876,Waitrose Smoked Salmon & Cream Cheese Sandwich,each,£4.50,£4.50 each,"£5 Food to Go Meal Deal: Add 1 Main, 1 Snack and 1 Drink",Fresh & Chilled
826543,Charlie Bigham's Chicken Jalfrezi & Pilau Rice for 2,G,false,1643,https://ecom-su-static-prod.wtrecom.com/images/products/3/LN_826543_BP_3.jpg,https://www.waitrose.com/ecom/products/charlie-bighams-chicken-jalfrezi-pilau-rice-for-2/826543-382340-382341,Charlie Bigham's Chicken Jalfrezi & Pilau Rice for 2,845g,£9.50,£11.25/kg,,Fresh & Chilled
431987,Bisto Best Beef Gravy Granules,G,false,1644,https://ecom-su-static-prod.wtrecom.com/images/products/3/LN_431987_BP_3.jpg,https://www.waitrose.com/ecom/products/bisto-best-beef-gravy-granules/431987-711062-711063,Bisto Best Beef Gravy Granules,230g,£4.00,£1.74/100g,,Fresh & Chilled
085866,Essential Fresh Custard,G,false,1645,https://ecom-su-static-prod.wtrecom.com/images/products/3/LN_085866_BP_3.jpg,https://www.waitrose.com/ecom/products/essential-fresh-custard/085866-43804-43805,Essential Fresh Custard,500g,£2.35,47p/100g,,Fresh & Chilled
862793,"Waitrose 2 Sea Bass Fillets with Coriander, Lime & Chilli",G,false,1646,https://ecom-su-static-prod.wtrecom.com/images/products/3/LN_862793_BP_3.jpg,https://www.waitrose.com/ecom/products/waitrose-2-sea-bass-fillets-with-coriander-lime-chilli/862793-539057-539058,"Waitrose 2 Sea Bass Fillets with Coriander, Lime & Chilli",200g,£6.25,£31.25/kg,,Fresh & Chilled
565042,Graze Cocoa Vanilla Oat Boosts,G,false,1647,https://ecom-su-static-prod.wtrecom.com/images/products/3/LN_565042_BP_3.jpg,https://www.waitrose.com/ecom/products/graze-cocoa-vanilla-oat-boosts/565042-589217-589218,Graze Cocoa Vanilla Oat Boosts,4x30g,£2.90,£2.42/100g,,Fresh & Chilled
784966,Pots & Co Lemon & Lime Posset,G,false,1648,https://ecom-su-static-prod.wtrecom.com/images/products/3/LN_784966_BP_3.jpg,https://www.waitrose.com/ecom/products/pots-co-lemon-lime-posset/784966-789002-789003,Pots & Co Lemon & Lime Posset,91g,£2.20,£24.18/kg,,Fresh & Chilled
707170,No. 1 Italian Gorgonzola DOP Piccante Blue Cheese Strength 6,G,false,1649,https://ecom-su-static-prod.wtrecom.com/images/products/3/LN_707170_BP_3.jpg,https://www.waitrose.com/ecom/products/no-1-italian-gorgonzola-dop-piccante-blue-cheese-strength-6/707170-254576-254577,No. 1 Italian Gorgonzola DOP Piccante Blue Cheese Strength 6,200g,£3.75,£18.75/kg,,Fresh & Chilled
630690,Waitrose Coconut & Lemongrass Sauce,G,true,1650,https://ecom-su-static-prod.wtrecom.com/images/products/3/LN_630690_BP_3.jpg,https://www.waitrose.com/ecom/products/waitrose-coconut-lemongrass-sauce/630690-824568-824569,Waitrose Coconut & Lemongrass Sauce,150g,£1.15,76.7p/100g,"£7 Stir Fry Meal Deal: Add protein, veg, sauce & rice or noodles",Fresh & Chilled
892643,"Waitrose Mango, Pineapple & Passion Fruit",G,false,1651,https://ecom-su-static-prod.wtrecom.com/images/products/3/LN_892643_BP_3.jpg,https://www.waitrose.com/ecom/products/waitrose-mango-pineapple-passion-fruit/892643-698218-698219,"Waitrose Mango, Pineapple & Passion Fruit",300g,£3.50,£1.17/100g,,Fresh & Chilled
831503,Unearthed Spanish Serrano Ham,G,true,1652,https://ecom-su-static-prod.wtrecom.com/images/products/3/LN_831503_BP_3.jpg,https://www.waitrose.com/ecom/products/unearthed-spanish-serrano-ham/831503-347894-347895,Unearthed Spanish Serrano Ham,90g,£3.15,£3.50/100g,25% Off. Was £4.20,Fresh & Chilled
822624,Rude Health Brown Rice Milk Long Life Organic Milk Alternative,G,true,1653,https://ecom-su-static-prod.wtrecom.com/images/products/3/LN_822624_BP_3.jpg,https://www.waitrose.com/ecom/products/rude-health-brown-rice-milk-long-life-organic-milk-alternative/822624-287775-287776,Rude Health Brown Rice Milk Long Life Organic Milk Alternative,1litre,£2.30,£2.30/litre,Add 2 for £3.80,Fresh & Chilled
833953,Plenish Cashew Long Life Unsweetened Organic Milk Alternative,G,false,1654,https://ecom-su-static-prod.wtrecom.com/images/products/3/LN_833953_BP_3.jpg,https://www.waitrose.com/ecom/products/plenish-cashew-long-life-unsweetened-organic-milk-alternative/833953-513166-513167,Plenish Cashew Long Life Unsweetened Organic Milk Alternative,1litre,£2.35,£2.35/litre,,Fresh & Chilled
026394,Fage Total 2% Fat Natural Greek Yogurt,G,true,1655,https://ecom-su-static-prod.wtrecom.com/images/products/3/LN_026394_BP_3.jpg,https://www.waitrose.com/ecom/products/fage-total-2-fat-natural-greek-yogurt/026394-12843-12844,Fage Total 2% Fat Natural Greek Yogurt,450g,£3.00,66.7p/100g,save 70p. Was £3.70,Fresh & Chilled
488582,Waitrose Stock Brined Whole Chicken,G,false,1656,https://ecom-su-static-prod.wtrecom.com/images/products/3/LN_488582_BP_3.jpg,https://www.waitrose.com/ecom/products/waitrose-stock-brined-whole-chicken/488582-400123-400124,Waitrose Stock Brined Whole Chicken,1.5Kg,£6.95,£4.64/kg,,Fresh & Chilled
825447,Lurpak Spreadable Slightly Salted Spreadable Butter with Rapeseed Oil,G,true,1657,https://ecom-su-static-prod.wtrecom.com/images/products/3/LN_825447_BP_3.jpg,https://www.waitrose.com/ecom/products/lurpak-spreadable-slightly-salted-spreadable-butter-with-rapeseed-oil/825447-592817-592818,Lurpak Spreadable Slightly Salted Spreadable Butter with Rapeseed Oil,750g,£5.50,£7.34/kg,save £1.50. Was £7.00,Fresh & Chilled
484216,President Brie Cheese,G,false,1658,https://ecom-su-static-prod.wtrecom.com/images/products/3/LN_484216_BP_3.jpg,https://www.waitrose.com/ecom/products/president-brie-cheese/484216-68373-68374,President Brie Cheese,200g,£3.00,£15/kg,,Fresh & Chilled
574278,Biotiful Kefir Protein Original,G,false,1659,https://ecom-su-static-prod.wtrecom.com/images/products/3/LN_574278_BP_3.jpg,https://www.waitrose.com/ecom/products/biotiful-kefir-protein-original/574278-822497-822498,Biotiful Kefir Protein Original,250g,£2.00,80p/100g,,Fresh & Chilled
596709,Waitrose British Pork Belly Slices,G,false,1660,https://ecom-su-static-prod.wtrecom.com/images/products/3/LN_596709_BP_3.jpg,https://www.waitrose.com/ecom/products/waitrose-british-pork-belly-slices/596709-84584-84585,Waitrose British Pork Belly Slices,Typical weight 0.7kg,£7.00 each est.,£10.00/kg,,Fresh & Chilled
021639,Waitrose Brazil Nuts,G,false,1661,https://ecom-su-static-prod.wtrecom.com/images/products/3/LN_021639_BP_3.jpg,https://www.waitrose.com/ecom/products/waitrose-brazil-nuts/021639-10564-10565,Waitrose Brazil Nuts,150g,£2.75,£1.84/100g,,Fresh & Chilled
701562,"Charlie Bigham's Chicken, Ham & Leek Full Pastry Pie",G,true,1662,https://ecom-su-static-prod.wtrecom.com/images/products/3/LN_701562_BP_3.jpg,https://www.waitrose.com/ecom/products/charlie-bighams-chicken-ham-leek-full-pastry-pie/701562-707118-707119,"Charlie Bigham's Chicken, Ham & Leek Full Pastry Pie",270g,£5.00,£1.86/100g,Add 2 for £9,Fresh & Chilled
066568,Waitrose British Rose Veal Escalopes,G,false,1663,https://ecom-su-static-prod.wtrecom.com/images/products/3/LN_066568_BP_3.jpg,https://www.waitrose.com/ecom/products/waitrose-british-rose-veal-escalopes/066568-33709-33710,Waitrose British Rose Veal Escalopes,Typical weight 0.12kg,£3.74 each est.,£32.50/kg,,Fresh & Chilled
506679,Gourmet Burger Kitchen 2 Gourmet Beef Burgers,G,false,1664,https://ecom-su-static-prod.wtrecom.com/images/products/3/LN_506679_BP_3.jpg,https://www.waitrose.com/ecom/products/gourmet-burger-kitchen-2-gourmet-beef-burgers/506679-71606-71607,Gourmet Burger Kitchen 2 Gourmet Beef Burgers,342g,£5.50,£16.09/kg,,Fresh & Chilled
016095,Rachels Dairy Coconut Organic Greek Style Yogurt,G,true,1665,https://ecom-su-static-prod.wtrecom.com/images/products/3/LN_016095_BP_3.jpg,https://www.waitrose.com/ecom/products/rachels-dairy-coconut-organic-greek-style-yogurt/016095-7712-7713,Rachels Dairy Coconut Organic Greek Style Yogurt,450g,£2.00,44.4p/100g,save 80p. Was £2.80,Fresh & Chilled
741259,Essential 8 Buttermilk Pancakes,G,false,1666,https://ecom-su-static-prod.wtrecom.com/images/products/3/LN_741259_BP_3.jpg,https://www.waitrose.com/ecom/products/essential-8-buttermilk-pancakes/741259-105395-105396,Essential 8 Buttermilk Pancakes,280g,£2.25,80.4p/100g,,Fresh & Chilled
015355,Benecol Olive Oil Spreadable Butter,G,true,1667,https://ecom-su-static-prod.wtrecom.com/images/products/3/LN_015355_BP_3.jpg,https://www.waitrose.com/ecom/products/benecol-olive-oil-spreadable-butter/015355-7365-7366,Benecol Olive Oil Spreadable Butter,500g,£3.50,£7/kg,save £1.25. Was £4.75,Fresh & Chilled
013894,Waitrose Chinese Sweet & Sour Chicken for 2,G,true,1668,https://ecom-su-static-prod.wtrecom.com/images/products/3/LN_013894_BP_3.jpg,https://www.waitrose.com/ecom/products/waitrose-chinese-sweet-sour-chicken-for-2/013894-6729-6730,Waitrose Chinese Sweet & Sour Chicken for 2,350g,£5.10,£14.58/kg,£12 South East & East Asian Meal Deal : Add 2 Mains & 2 Sides,Fresh & Chilled
856878,Waitrose Italian Vegetarian Parmesan Cheese Strength 4,G,false,1669,https://ecom-su-static-prod.wtrecom.com/images/products/3/LN_856878_BP_3.jpg,https://www.waitrose.com/ecom/products/waitrose-italian-vegetarian-parmesan-cheese-strength-4/856878-688834-688835,Waitrose Italian Vegetarian Parmesan Cheese Strength 4,150g,£2.25,£15/kg,,Fresh & Chilled
593862,POM Wonderful Pomegranate Fruit Juice,G,false,1670,https://ecom-su-static-prod.wtrecom.com/images/products/3/LN_593862_BP_3.jpg,https://www.waitrose.com/ecom/products/pom-wonderful-pomegranate-fruit-juice/593862-84183-84184,POM Wonderful Pomegranate Fruit Juice,710ml,£5.00,70.4p/100ml,,Fresh & Chilled
890523,Pizza Express Ready to Roll Pizza Dough,G,false,1671,https://ecom-su-static-prod.wtrecom.com/images/products/3/LN_890523_BP_3.jpg,https://www.waitrose.com/ecom/products/pizza-express-ready-to-roll-pizza-dough/890523-811078-811079,Pizza Express Ready to Roll Pizza Dough,400g,£2.50,£6.25/kg,,Fresh & Chilled
471544,Alpro Soya Soya Long Life Dairy Free Growing Up Milk Alternative 1-3+ Years,G,true,1672,https://ecom-su-static-prod.wtrecom.com/images/products/3/LN_471544_BP_3.jpg,https://www.waitrose.com/ecom/products/alpro-soya-soya-long-life-dairy-free-growing-up-milk-alternative-1-3-years/471544-134877-134878,Alpro Soya Soya Long Life Dairy Free Growing Up Milk Alternative 1-3+ Years,1litre,£1.50,£1.50/litre,save 50p. Was £2.00,Fresh & Chilled
621272,Ghillie & Glen Scottish Smoked Salmon,G,false,1673,https://ecom-su-static-prod.wtrecom.com/images/products/3/LN_621272_BP_3.jpg,https://www.waitrose.com/ecom/products/ghillie-glen-scottish-smoked-salmon/621272-822505-822506,Ghillie & Glen Scottish Smoked Salmon,100g,£3.95,£3.95/100g,,Fresh & Chilled
622566,Waitrose Indian Vegetable Biryani for 1,G,false,1674,https://ecom-su-static-prod.wtrecom.com/images/products/3/LN_622566_BP_3.jpg,https://www.waitrose.com/ecom/products/waitrose-indian-vegetable-biryani-for-1/622566-672041-672042,Waitrose Indian Vegetable Biryani for 1,450g,£4.95,£11/kg,,Fresh & Chilled
423053,Actimel Immunity 0% Added Sugar Fat Free Live Yogurt Drinks Large Pack,G,true,1675,https://ecom-su-static-prod.wtrecom.com/images/products/3/LN_423053_BP_3.jpg,https://www.waitrose.com/ecom/products/actimel-immunity-0-added-sugar-fat-free-live-yogurt-drinks-large-pack/423053-113842-113843,Actimel Immunity 0% Added Sugar Fat Free Live Yogurt Drinks Large Pack,12x100g,£3.00,25p/100g,save £1.75. Was £4.75,Fresh & Chilled
060730,Duchy Organic Mild Cheddar Cheese Strength 2,G,true,1676,https://ecom-su-static-prod.wtrecom.com/images/products/3/LN_060730_BP_3.jpg,https://www.waitrose.com/ecom/products/duchy-organic-mild-cheddar-cheese-strength-2/060730-30692-30693,Duchy Organic Mild Cheddar Cheese Strength 2,350g,£3.37,£9.63/kg,25% Off. Was £4.80,Fresh & Chilled
642758,Waitrose Swiss Chard,G,false,1677,https://ecom-su-static-prod.wtrecom.com/images/products/3/LN_642758_BP_3.jpg,https://www.waitrose.com/ecom/products/waitrose-swiss-chard/642758-138093-138094,Waitrose Swiss Chard,200g,£1.95,£9.75/kg,,Fresh & Chilled
776539,Plenish Coconut Long Life Unsweetened Organic Milk Alternative,G,false,1678,https://ecom-su-static-prod.wtrecom.com/images/products/3/LN_776539_BP_3.jpg,https://www.waitrose.com/ecom/products/plenish-coconut-long-life-unsweetened-organic-milk-alternative/776539-743973-743974,Plenish Coconut Long Life Unsweetened Organic Milk Alternative,1litre,£2.35,£2.35/litre,,Fresh & Chilled
858706,Plants By Deliciously Ella Butternut Squash & Sage Tortelloni,G,false,1679,https://ecom-su-static-prod.wtrecom.com/images/products/3/LN_858706_BP_3.jpg,https://www.waitrose.com/ecom/products/plants-by-deliciously-ella-butternut-squash-sage-tortelloni/858706-804372-804373,Plants By Deliciously Ella Butternut Squash & Sage Tortelloni,250g,£3.50,£14/kg,,Fresh & Chilled
373893,Shaken Udder Chocolush! Chocolate Milkshake,G,false,1680,https://ecom-su-static-prod.wtrecom.com/images/products/3/LN_373893_BP_3.jpg,https://www.waitrose.com/ecom/products/shaken-udder-chocolush-chocolate-milkshake/373893-52587-52588,Shaken Udder Chocolush! Chocolate Milkshake,330ml,£1.70,£5.16/litre,,Fresh & Chilled
681626,Dell'Ugo Crab & Crayfish Raviolo,G,false,1681,https://ecom-su-static-prod.wtrecom.com/images/products/3/LN_681626_BP_3.jpg,https://www.waitrose.com/ecom/products/dellugo-crab-crayfish-raviolo/681626-661873-661874,Dell'Ugo Crab & Crayfish Raviolo,250g,£5.95,£2.38/100g,,Fresh & Chilled
589762,Cauldron Marinated Tofu Pieces,G,false,1682,https://ecom-su-static-prod.wtrecom.com/images/products/3/LN_589762_BP_3.jpg,https://www.waitrose.com/ecom/products/cauldron-marinated-tofu-pieces/589762-83588-83589,Cauldron Marinated Tofu Pieces,160g,£3.00,£18.75/kg,,Fresh & Chilled
637177,Boursin Velvety French Garlic & Herb Whipped Soft Cheese Dip,G,false,1683,https://ecom-su-static-prod.wtrecom.com/images/products/3/LN_637177_BP_3.jpg,https://www.waitrose.com/ecom/products/boursin-velvety-french-garlic-herb-whipped-soft-cheese-dip/637177-677396-677397,Boursin Velvety French Garlic & Herb Whipped Soft Cheese Dip,125g,£2.75,£22/kg,,Fresh & Chilled
080947,Cheestrings Strings & Things Lunchbox Snack Cheese,G,false,1684,https://ecom-su-static-prod.wtrecom.com/images/products/3/LN_080947_BP_3.jpg,https://www.waitrose.com/ecom/products/cheestrings-strings-things-lunchbox-snack-cheese/080947-41187-41188,Cheestrings Strings & Things Lunchbox Snack Cheese,160g,£3.10,£19.38/kg,,Fresh & Chilled
882664,Waitrose Prawn Mayo Sandwich,G,true,1685,https://ecom-su-static-prod.wtrecom.com/images/products/3/LN_882664_BP_3.jpg,https://www.waitrose.com/ecom/products/waitrose-prawn-mayo-sandwich/882664-817578-817579,Waitrose Prawn Mayo Sandwich,each,£3.65,£3.65 each,"£5 Food to Go Meal Deal: Add 1 Main, 1 Snack and 1 Drink",Fresh & Chilled
453443,Warrendale Wagyu Beef Burgers,G,true,1686,https://ecom-su-static-prod.wtrecom.com/images/products/3/LN_453443_BP_3.jpg,https://www.waitrose.com/ecom/products/warrendale-wagyu-beef-burgers/453443-783236-783237,Warrendale Wagyu Beef Burgers,340g,£3.93,£11.56/kg,25% Off. Was £5.25,Fresh & Chilled
085046,Waitrose Ruby Gem Potatoes,G,true,1687,https://ecom-su-static-prod.wtrecom.com/images/products/3/LN_085046_BP_3.jpg,https://www.waitrose.com/ecom/products/waitrose-ruby-gem-potatoes/085046-43157-43158,Waitrose Ruby Gem Potatoes,500g,£1.52,£3.04/kg,20% Off. Was £1.90,Fresh & Chilled
782864,Waitrose Nduja & Mozarella Calzones,G,true,1688,https://ecom-su-static-prod.wtrecom.com/images/products/3/LN_782864_BP_3.jpg,https://www.waitrose.com/ecom/products/waitrose-nduja-mozarella-calzones/782864-824598-824599,Waitrose Nduja & Mozarella Calzones,140g,£3.50,£2.50/100g,Add 2 for £5.50,Fresh & Chilled
710434,Charlie Bigham's Chicken & Ham Gratin For 1,G,true,1689,https://ecom-su-static-prod.wtrecom.com/images/products/3/LN_710434_BP_3.jpg,https://www.waitrose.com/ecom/products/charlie-bighams-chicken-ham-gratin-for-1/710434-805645-805646,Charlie Bigham's Chicken & Ham Gratin For 1,325g,£6.00,£1.85/100g,Add 2 for £11,Fresh & Chilled
058932,Essential 30 British Pork Cocktail Sausages,G,false,1690,https://ecom-su-static-prod.wtrecom.com/images/products/3/LN_058932_BP_3.jpg,https://www.waitrose.com/ecom/products/essential-30-british-pork-cocktail-sausages/058932-29662-29663,Essential 30 British Pork Cocktail Sausages,390g,£3.75,£9.62/kg,,Fresh & Chilled
826976,Duchy Organic Chicken Wings,G,false,1691,https://ecom-su-static-prod.wtrecom.com/images/products/3/LN_826976_BP_3.jpg,https://www.waitrose.com/ecom/products/duchy-organic-chicken-wings/826976-389163-389164,Duchy Organic Chicken Wings,400g,£3.80,£9.50/kg,,Fresh & Chilled
879309,Waitrose Fresh Lasagne,G,false,1692,https://ecom-su-static-prod.wtrecom.com/images/products/3/LN_879309_BP_3.jpg,https://www.waitrose.com/ecom/products/waitrose-fresh-lasagne/879309-793290-793291,Waitrose Fresh Lasagne,300g,£2.30,£7.67/kg,,Fresh & Chilled
537823,Waitrose Cooked Smokey Chipotle & Lime Chicken Pieces,G,true,1693,https://ecom-su-static-prod.wtrecom.com/images/products/3/LN_537823_BP_3.jpg,https://www.waitrose.com/ecom/products/waitrose-cooked-smokey-chipotle-lime-chicken-pieces/537823-824560-824561,Waitrose Cooked Smokey Chipotle & Lime Chicken Pieces,120g,£3.25,£2.71/100g,Add 2 for £5.50,Fresh & Chilled
604302,Essential Mature Grated Cheddar Cheese Strength 4 Large,G,false,1694,https://ecom-su-static-prod.wtrecom.com/images/products/3/LN_604302_BP_3.jpg,https://www.waitrose.com/ecom/products/essential-mature-grated-cheddar-cheese-strength-4-large/604302-85723-85724,Essential Mature Grated Cheddar Cheese Strength 4 Large,500g,£4.40,£8.80/kg,,Fresh & Chilled
709760,Waitrose Tempura Prawns,G,true,1695,https://ecom-su-static-prod.wtrecom.com/images/products/3/LN_709760_BP_3.jpg,https://www.waitrose.com/ecom/products/waitrose-tempura-prawns/709760-785910-785911,Waitrose Tempura Prawns,200g,£3.37,£16.85/kg,25% Off. Was £4.50,Fresh & Chilled
867430,Biotiful Gut Health Rubie Raspberry Kefir Yogurt,G,false,1696,https://ecom-su-static-prod.wtrecom.com/images/products/3/LN_867430_BP_3.jpg,https://www.waitrose.com/ecom/products/biotiful-gut-health-rubie-raspberry-kefir-yogurt/867430-811055-811056,Biotiful Gut Health Rubie Raspberry Kefir Yogurt,350g,£2.00,57.1p/100g,,Fresh & Chilled
078281,No.1 Free Range Pork Spare Ribs,G,false,1697,https://ecom-su-static-prod.wtrecom.com/images/products/3/LN_078281_BP_3.jpg,https://www.waitrose.com/ecom/products/no1-free-range-pork-spare-ribs/078281-39849-39850,No.1 Free Range Pork Spare Ribs,Typical weight 0.56kg,£5.58 each est.,£10.01/kg,,Fresh & Chilled
467507,Dairylea Lunchers Ham 'n' Cheese Lunchbox Snack Cheese,G,false,1698,https://ecom-su-static-prod.wtrecom.com/images/products/3/LN_467507_BP_3.jpg,https://www.waitrose.com/ecom/products/dairylea-lunchers-ham-n-cheese-lunchbox-snack-cheese/467507-769443-769444,Dairylea Lunchers Ham 'n' Cheese Lunchbox Snack Cheese,74g,£1.70,£2.30/100g,,Fresh & Chilled
544322,Waitrose British Rose Veal Mince,G,true,1699,https://ecom-su-static-prod.wtrecom.com/images/products/3/LN_544322_BP_3.jpg,https://www.waitrose.com/ecom/products/waitrose-british-rose-veal-mince/544322-152593-152594,Waitrose British Rose Veal Mince,400g,£4.80,£12/kg,Add 3 for £12,Fresh & Chilled
692559,Waitrose GF Smoked Haddock & Cod Fishcakes,G,true,1700,https://ecom-su-static-prod.wtrecom.com/images/products/3/LN_692559_BP_3.jpg,https://www.waitrose.com/ecom/products/waitrose-gf-smoked-haddock-cod-fishcakes/692559-703098-703099,Waitrose GF Smoked Haddock & Cod Fishcakes,270g,£4.25,£1.58/100g,Add 3 for £12,Fresh & Chilled
092964,Waitrose Indian Chicken Biryani for 1,G,false,1701,https://ecom-su-static-prod.wtrecom.com/images/products/3/LN_092964_BP_3.jpg,https://www.waitrose.com/ecom/products/waitrose-indian-chicken-biryani-for-1/092964-47783-47784,Waitrose Indian Chicken Biryani for 1,450g,£4.95,£11/kg,,Fresh & Chilled
686826,Waitrose 2 Bramley Apple Crumbles,G,false,1702,https://ecom-su-static-prod.wtrecom.com/images/products/3/LN_686826_BP_3.jpg,https://www.waitrose.com/ecom/products/waitrose-2-bramley-apple-crumbles/686826-527497-527498,Waitrose 2 Bramley Apple Crumbles,250g,£2.50,£1/100g,,Fresh & Chilled
641627,Easy to Cook Asparagus & Prosciutto Chicken Breasts,G,false,1703,https://ecom-su-static-prod.wtrecom.com/images/products/3/LN_641627_BP_3.jpg,https://www.waitrose.com/ecom/products/easy-to-cook-asparagus-prosciutto-chicken-breasts/641627-91113-91114,Easy to Cook Asparagus & Prosciutto Chicken Breasts,346g,£6.50,£18.79/kg,,Fresh & Chilled
064324,Alpro Soya Long Life Dairy Free Alternative to Cream,G,false,1704,https://ecom-su-static-prod.wtrecom.com/images/products/3/LN_064324_BP_3.jpg,https://www.waitrose.com/ecom/products/alpro-soya-long-life-dairy-free-alternative-to-cream/064324-32655-32656,Alpro Soya Long Life Dairy Free Alternative to Cream,250ml,£1.30,52p/100ml,,Fresh & Chilled
711811,Waitrose Steak & Onion Chutney Sandwich,G,true,1705,https://ecom-su-static-prod.wtrecom.com/images/products/3/LN_711811_BP_3.jpg,https://www.waitrose.com/ecom/products/waitrose-steak-onion-chutney-sandwich/711811-369240-369241,Waitrose Steak & Onion Chutney Sandwich,each,£4.50,£4.50 each,"£5 Food to Go Meal Deal: Add 1 Main, 1 Snack and 1 Drink",Fresh & Chilled
042698,Waitrose Ready Popped Petits Pois,G,false,1706,https://ecom-su-static-prod.wtrecom.com/images/products/3/LN_042698_BP_3.jpg,https://www.waitrose.com/ecom/products/waitrose-ready-popped-petits-pois/042698-21120-21121,Waitrose Ready Popped Petits Pois,180g,£2.00,£1.12/100g,,Fresh & Chilled
853586,Waitrose Classic Dip Selection,G,false,1707,https://ecom-su-static-prod.wtrecom.com/images/products/3/LN_853586_BP_3.jpg,https://www.waitrose.com/ecom/products/waitrose-classic-dip-selection/853586-824613-824613,Waitrose Classic Dip Selection,500g,£3.00,60p/100g,,Fresh & Chilled
519802,No.1 Smoked Haddock Loins,G,false,1708,https://ecom-su-static-prod.wtrecom.com/images/products/3/LN_519802_BP_3.jpg,https://www.waitrose.com/ecom/products/no1-smoked-haddock-loins/519802-525540-525541,No.1 Smoked Haddock Loins,260g,£7.50,£28.85/kg,,Fresh & Chilled
088809,Waitrose Medjool Dates,G,false,1709,https://ecom-su-static-prod.wtrecom.com/images/products/3/LN_088809_BP_3.jpg,https://www.waitrose.com/ecom/products/waitrose-medjool-dates/088809-45641-45642,Waitrose Medjool Dates,180g,£2.60,£14.45/kg,,Fresh & Chilled
897453,"Levantine Table Freekeh, Black Rice, Chickpea",G,false,1710,https://ecom-su-static-prod.wtrecom.com/images/products/3/LN_897453_BP_3.jpg,https://www.waitrose.com/ecom/products/levantine-table-freekeh-black-rice-chickpea/897453-756486-756487,"Levantine Table Freekeh, Black Rice, Chickpea",300g,£2.50,£8.34/kg,,Fresh & Chilled
787410,St Helen's Farm Mature Goats Cheese,G,false,1711,https://ecom-su-static-prod.wtrecom.com/images/products/3/LN_787410_BP_3.jpg,https://www.waitrose.com/ecom/products/st-helens-farm-mature-goats-cheese/787410-723590-723591,St Helen's Farm Mature Goats Cheese,170g,£3.50,£20.59/kg,,Fresh & Chilled
535372,Waitrose Moroccan Spiced Fruity Couscous,G,false,1712,https://ecom-su-static-prod.wtrecom.com/images/products/3/LN_535372_BP_3.jpg,https://www.waitrose.com/ecom/products/waitrose-moroccan-spiced-fruity-couscous/535372-75695-75696,Waitrose Moroccan Spiced Fruity Couscous,410g,£3.35,81.7p/100g,,Fresh & Chilled
024454,Waitrose Creamy Carrot & Coriander Soup,G,false,1713,https://ecom-su-static-prod.wtrecom.com/images/products/3/LN_024454_BP_3.jpg,https://www.waitrose.com/ecom/products/waitrose-creamy-carrot-coriander-soup/024454-11850-11851,Waitrose Creamy Carrot & Coriander Soup,600g,£2.85,47.5p/100g,,Fresh & Chilled
367696,Cooks' Ingredients Thai Basil,G,false,1714,https://ecom-su-static-prod.wtrecom.com/images/products/3/LN_367696_BP_3.jpg,https://www.waitrose.com/ecom/products/cooks-ingredients-thai-basil/367696-197812-197813,Cooks' Ingredients Thai Basil,20g,80p,40p/10g,,Fresh & Chilled
065442,Waitrose Baby Pak Choi,G,false,1715,https://ecom-su-static-prod.wtrecom.com/images/products/3/LN_065442_BP_3.jpg,https://www.waitrose.com/ecom/products/waitrose-baby-pak-choi/065442-33177-33178,Waitrose Baby Pak Choi,90g,£2.00,£22.23/kg,,Fresh & Chilled
899264,Essential Greek Style Yogurt Multipack,G,false,1716,https://ecom-su-static-prod.wtrecom.com/images/products/3/LN_899264_BP_3.jpg,https://www.waitrose.com/ecom/products/essential-greek-style-yogurt-multipack/899264-822539-822540,Essential Greek Style Yogurt Multipack,4x100g,£1.30,32.5p/100g,,Fresh & Chilled
419901,Les Délices De Rose Collection Macarons,G,false,1717,https://ecom-su-static-prod.wtrecom.com/images/products/3/LN_419901_BP_3.jpg,https://www.waitrose.com/ecom/products/les-delices-de-rose-collection-macarons/419901-586386-586387,Les Délices De Rose Collection Macarons,144g,£6.00,£4.17/100g,,Fresh & Chilled
649562,Waitrose Crumbly Cheshire Cheese Strength 2,G,false,1718,https://ecom-su-static-prod.wtrecom.com/images/products/3/LN_649562_BP_3.jpg,https://www.waitrose.com/ecom/products/waitrose-crumbly-cheshire-cheese-strength-2/649562-92184-92185,Waitrose Crumbly Cheshire Cheese Strength 2,250g,£2.70,£10.80/kg,,Fresh & Chilled
447391,Waitrose Sweet Kingdom Orange Mini Carrots,G,false,1719,https://ecom-su-static-prod.wtrecom.com/images/products/3/LN_447391_BP_3.jpg,https://www.waitrose.com/ecom/products/waitrose-sweet-kingdom-orange-mini-carrots/447391-712475-712476,Waitrose Sweet Kingdom Orange Mini Carrots,340g,£1.60,47.1p/100g,,Fresh & Chilled
048448,Saint Agur Blue Creme Blue Cheese,G,false,1720,https://ecom-su-static-prod.wtrecom.com/images/products/3/LN_048448_BP_3.jpg,https://www.waitrose.com/ecom/products/saint-agur-blue-creme-blue-cheese/048448-24034-24035,Saint Agur Blue Creme Blue Cheese,150g,£2.90,£19.34/kg,,Fresh & Chilled
741772,No.1 Antipasto Misto,G,false,1721,https://ecom-su-static-prod.wtrecom.com/images/products/3/LN_741772_BP_3.jpg,https://www.waitrose.com/ecom/products/no1-antipasto-misto/741772-498069-498069,No.1 Antipasto Misto,120g,£6.40,£5.34/100g,,Fresh & Chilled
401056,Charlie Bigham's Moussaka for 2,G,false,1722,https://ecom-su-static-prod.wtrecom.com/images/products/3/LN_401056_BP_3.jpg,https://www.waitrose.com/ecom/products/charlie-bighams-moussaka-for-2/401056-56412-56413,Charlie Bigham's Moussaka for 2,655g,£9.95,£15.20/kg,,Fresh & Chilled
785941,Quorn Vegan Smoky Ham Free Slices,G,false,1723,https://ecom-su-static-prod.wtrecom.com/images/products/3/LN_785941_BP_3.jpg,https://www.waitrose.com/ecom/products/quorn-vegan-smoky-ham-free-slices/785941-665129-665130,Quorn Vegan Smoky Ham Free Slices,100g,£2.75,£2.75/100g,,Fresh & Chilled
043630,Gü Spanish Lemon Cheesecakes,G,false,1724,https://ecom-su-static-prod.wtrecom.com/images/products/3/LN_043630_BP_3.jpg,https://www.waitrose.com/ecom/products/gu-spanish-lemon-cheesecakes/043630-21522-21523,Gü Spanish Lemon Cheesecakes,2x90g,£3.95,£2.20/100g,,Fresh & Chilled
798333,Findlater's Smoked Mackerel Paté,G,false,1725,https://ecom-su-static-prod.wtrecom.com/images/products/3/LN_798333_BP_3.jpg,https://www.waitrose.com/ecom/products/findlaters-smoked-mackerel-pate/798333-113580-113581,Findlater's Smoked Mackerel Paté,115g,£3.75,£3.27/100g,,Fresh & Chilled
880146,Waitrose LoveLife Keralan Chicken Biryani for 1,G,false,1726,https://ecom-su-static-prod.wtrecom.com/images/products/3/LN_880146_BP_3.jpg,https://www.waitrose.com/ecom/products/waitrose-lovelife-keralan-chicken-biryani-for-1/880146-470025-470026,Waitrose LoveLife Keralan Chicken Biryani for 1,350g,£3.75,£10.72/kg,,Fresh & Chilled
030964,No.1 Free Range Unsmoked Bacon Lardons,G,true,1727,https://ecom-su-static-prod.wtrecom.com/images/products/3/LN_030964_BP_3.jpg,https://www.waitrose.com/ecom/products/no1-free-range-unsmoked-bacon-lardons/030964-15103-15104,No.1 Free Range Unsmoked Bacon Lardons,200g,£4.00,£20/kg,Add 2 for £6.50,Fresh & Chilled
662470,Moma Organic Oat Barista Dairy Free Milk Alternative,G,true,1728,https://ecom-su-static-prod.wtrecom.com/images/products/3/LN_662470_BP_3.jpg,https://www.waitrose.com/ecom/products/moma-organic-oat-barista-dairy-free-milk-alternative/662470-813534-813535,Moma Organic Oat Barista Dairy Free Milk Alternative,1litre,£1.80,£1.80/litre,save 50p. Was £2.30,Fresh & Chilled
526911,Cooks' Ingredients Lemon Juice,G,false,1729,https://ecom-su-static-prod.wtrecom.com/images/products/3/LN_526911_BP_3.jpg,https://www.waitrose.com/ecom/products/cooks-ingredients-lemon-juice/526911-795734-795735,Cooks' Ingredients Lemon Juice,200ml,75p,37.5p/100ml,,Fresh & Chilled
856919,New Covent Garden Creamy Tomato Soup,G,false,1730,https://ecom-su-static-prod.wtrecom.com/images/products/3/LN_856919_BP_3.jpg,https://www.waitrose.com/ecom/products/new-covent-garden-creamy-tomato-soup/856919-789062-789063,New Covent Garden Creamy Tomato Soup,560g,£2.35,42p/100g,,Fresh & Chilled
817370,"Waitrose Wheatberries, Lentils & Green Veg",G,false,1731,https://ecom-su-static-prod.wtrecom.com/images/products/3/LN_817370_BP_3.jpg,https://www.waitrose.com/ecom/products/waitrose-wheatberries-lentils-green-veg/817370-498182-498183,"Waitrose Wheatberries, Lentils & Green Veg",300g,£2.50,83.3p/100g,,Fresh & Chilled
002463,Cathedral City Mature Cheddar Cheese Large,G,false,1732,https://ecom-su-static-prod.wtrecom.com/images/products/3/LN_002463_BP_3.jpg,https://www.waitrose.com/ecom/products/cathedral-city-mature-cheddar-cheese-large/002463-816-817,Cathedral City Mature Cheddar Cheese Large,550g,£5.75,£10.46/kg,,Fresh & Chilled
405066,Bio-tiful Dairy Morello Cherry Kefir Drink,G,false,1733,https://ecom-su-static-prod.wtrecom.com/images/products/3/LN_405066_BP_3.jpg,https://www.waitrose.com/ecom/products/bio-tiful-dairy-morello-cherry-kefir-drink/405066-721004-721005,Bio-tiful Dairy Morello Cherry Kefir Drink,500ml,£2.75,55p/100ml,,Fresh & Chilled
531272,Waitrose Quinoa & Garden Pea Salad,G,false,1734,https://ecom-su-static-prod.wtrecom.com/images/products/3/LN_531272_BP_3.jpg,https://www.waitrose.com/ecom/products/waitrose-quinoa-garden-pea-salad/531272-801354-801355,Waitrose Quinoa & Garden Pea Salad,165g,£2.50,£1.52/100g,,Fresh & Chilled
766527,Goikoa Chorizo De Navarra,G,false,1735,https://ecom-su-static-prod.wtrecom.com/images/products/3/LN_766527_BP_3.jpg,https://www.waitrose.com/ecom/products/goikoa-chorizo-de-navarra/766527-109013-109014,Goikoa Chorizo De Navarra,260g,£5.85,£2.25/100g,,Fresh & Chilled
551915,Pukka All Steak Pie,G,false,1736,https://ecom-su-static-prod.wtrecom.com/images/products/3/LN_551915_BP_3.jpg,https://www.waitrose.com/ecom/products/pukka-all-steak-pie/551915-684159-684160,Pukka All Steak Pie,209g,£2.10,£1.01/100g,,Fresh & Chilled
751418,Waitrose Cheddar & Hot Honey Pinwheels,G,true,1737,https://ecom-su-static-prod.wtrecom.com/images/products/3/LN_751418_BP_3.jpg,https://www.waitrose.com/ecom/products/waitrose-cheddar-hot-honey-pinwheels/751418-824588-824589,Waitrose Cheddar & Hot Honey Pinwheels,96g,£3.50,£3.65/100g,Add 2 for £5.50,Fresh & Chilled
508684,Just Lard,G,false,1738,https://ecom-su-static-prod.wtrecom.com/images/products/3/LN_508684_BP_3.jpg,https://www.waitrose.com/ecom/products/just-lard/508684-661605-661606,Just Lard,250g,75p,£3/kg,,Fresh & Chilled
840095,Waitrose 6 Mini Thai-Style Salmon Fishcakes,G,true,1739,https://ecom-su-static-prod.wtrecom.com/images/products/3/LN_840095_BP_3.jpg,https://www.waitrose.com/ecom/products/waitrose-6-mini-thai-style-salmon-fishcakes/840095-785918-785919,Waitrose 6 Mini Thai-Style Salmon Fishcakes,330g,£6.50,£19.70/kg,Add 3 for £12,Fresh & Chilled
562392,Waitrose Black Pepper & Soy Flat Iron Steak,G,false,1740,https://ecom-su-static-prod.wtrecom.com/images/products/3/LN_562392_BP_3.jpg,https://www.waitrose.com/ecom/products/waitrose-black-pepper-soy-flat-iron-steak/562392-726144-726145,Waitrose Black Pepper & Soy Flat Iron Steak,505g,£9.00,£17.83/kg,,Fresh & Chilled
798809,WR Bresaola Della Valtellina PGI,G,false,1741,https://ecom-su-static-prod.wtrecom.com/images/products/3/LN_798809_BP_3.jpg,https://www.waitrose.com/ecom/products/wr-bresaola-della-valtellina-pgi/798809-486717-486718,WR Bresaola Della Valtellina PGI,70g,£3.75,£5.36/100g,,Fresh & Chilled
636486,President Slightly Salted Spreadable Butter Large,G,false,1742,https://ecom-su-static-prod.wtrecom.com/images/products/3/LN_636486_BP_3.jpg,https://www.waitrose.com/ecom/products/president-slightly-salted-spreadable-butter-large/636486-525734-525735,President Slightly Salted Spreadable Butter Large,500g,£4.75,£9.50/kg,,Fresh & Chilled
053918,Waitrose Perfectly Ripe Diamond Blush Nectarines,G,false,1743,https://ecom-su-static-prod.wtrecom.com/images/products/3/LN_053918_BP_3.jpg,https://www.waitrose.com/ecom/products/waitrose-perfectly-ripe-diamond-blush-nectarines/053918-27026-27027,Waitrose Perfectly Ripe Diamond Blush Nectarines,4s,£3.99,99.8p each,,Fresh & Chilled
705580,Gressingham Duck Legs,G,false,1744,https://ecom-su-static-prod.wtrecom.com/images/products/3/LN_705580_BP_3.jpg,https://www.waitrose.com/ecom/products/gressingham-duck-legs/705580-400237-400238,Gressingham Duck Legs,440g,£5.10,£11.60/kg,,Fresh & Chilled
044207,Stork Vegan Baking Block,G,false,1745,https://ecom-su-static-prod.wtrecom.com/images/products/3/LN_044207_BP_3.jpg,https://www.waitrose.com/ecom/products/stork-vegan-baking-block/044207-21782-21783,Stork Vegan Baking Block,250g,£1.50,£6/kg,,Fresh & Chilled
053699,Tuna Niçoise Salad,G,false,1746,https://ecom-su-static-prod.wtrecom.com/images/products/3/LN_053699_BP_3.jpg,https://www.waitrose.com/ecom/products/tuna-nicoise-salad/053699-26917-26918,Tuna Niçoise Salad,310g,£4.15,£1.34/100g,,Fresh & Chilled
639371,Easy To Cook Honey & Mustard Deboned Chicken,G,false,1747,https://ecom-su-static-prod.wtrecom.com/images/products/3/LN_639371_BP_3.jpg,https://www.waitrose.com/ecom/products/easy-to-cook-honey-mustard-deboned-chicken/639371-151587-151588,Easy To Cook Honey & Mustard Deboned Chicken,675g,£9.95,£14.75/kg,,Fresh & Chilled
776908,Tate & Lyle Fairtrade Granulated Sugar,G,false,1748,https://ecom-su-static-prod.wtrecom.com/images/products/3/LN_776908_BP_3.jpg,https://www.waitrose.com/ecom/products/tate-lyle-fairtrade-granulated-sugar/776908-368200-368201,Tate & Lyle Fairtrade Granulated Sugar,500g,£1.00,£2/kg,,Fresh & Chilled
630490,Emmi Caffe Latte Cappuccino Mr Big Iced Coffee,G,true,1749,https://ecom-su-static-prod.wtrecom.com/images/products/3/LN_630490_BP_3.jpg,https://www.waitrose.com/ecom/products/emmi-caffe-latte-cappuccino-mr-big-iced-coffee/630490-497910-497911,Emmi Caffe Latte Cappuccino Mr Big Iced Coffee,370ml,£2.80,£7.57/litre,"£5 Food to Go Meal Deal: Add 1 Main, 1 Snack and 1 Drink",Fresh & Chilled
613640,Essential Pears,G,false,1750,https://ecom-su-static-prod.wtrecom.com/images/products/3/LN_613640_BP_3.jpg,https://www.waitrose.com/ecom/products/essential-pears/613640-255413-255414,Essential Pears,6s,£1.80,30p each,,Fresh & Chilled
730691,Waitrose Chicken & Bacon Pasta Bake for 1,G,true,1751,https://ecom-su-static-prod.wtrecom.com/images/products/3/LN_730691_BP_3.jpg,https://www.waitrose.com/ecom/products/waitrose-chicken-bacon-pasta-bake-for-1/730691-810977-810978,Waitrose Chicken & Bacon Pasta Bake for 1,375g,£3.50,93.3p/100g,Add 2 for £6.50,Fresh & Chilled
718674,Essential Oat Milk Chilled Unsweetened Dairy Free Milk Alternative,G,false,1752,https://ecom-su-static-prod.wtrecom.com/images/products/3/LN_718674_BP_3.jpg,https://www.waitrose.com/ecom/products/essential-oat-milk-chilled-unsweetened-dairy-free-milk-alternative/718674-735872-735873,Essential Oat Milk Chilled Unsweetened Dairy Free Milk Alternative,1litre,£1.50,£1.50/litre,,Fresh & Chilled
858265,Unearthed Spanish Potato Omelette,G,true,1753,https://ecom-su-static-prod.wtrecom.com/images/products/3/LN_858265_BP_3.jpg,https://www.waitrose.com/ecom/products/unearthed-spanish-potato-omelette/858265-350169-350170,Unearthed Spanish Potato Omelette,500g,£3.15,63p/100g,25% Off. Was £4.20,Fresh & Chilled
559427,Charlie Bigham's Thai Red Chicken Curry & Fragrant Rice for 1,G,true,1754,https://ecom-su-static-prod.wtrecom.com/images/products/3/LN_559427_BP_3.jpg,https://www.waitrose.com/ecom/products/charlie-bighams-thai-red-chicken-curry-fragrant-rice-for-1/559427-690196-690197,Charlie Bigham's Thai Red Chicken Curry & Fragrant Rice for 1,418g,£6.00,£14.36/kg,Add 2 for £11,Fresh & Chilled
550685,"Waitrose Sun-Drenched Tomatoes, Mozzarella & Pesto",G,true,1755,https://ecom-su-static-prod.wtrecom.com/images/products/3/LN_550685_BP_3.jpg,https://www.waitrose.com/ecom/products/waitrose-sun-drenched-tomatoes-mozzarella-pesto/550685-202353-202354,"Waitrose Sun-Drenched Tomatoes, Mozzarella & Pesto",200g,£4.00,£2/100g,Add 2 for £5.50,Fresh & Chilled
821375,Arla Protein Lactose Free Chocolate Milkshake,G,false,1756,https://ecom-su-static-prod.wtrecom.com/images/products/3/LN_821375_BP_3.jpg,https://www.waitrose.com/ecom/products/arla-protein-lactose-free-chocolate-milkshake/821375-438218-438219,Arla Protein Lactose Free Chocolate Milkshake,479ml,£2.00,41.8p/100ml,,Fresh & Chilled
018859,Duchy Organic Dry Cured Unsmoked Back Bacon,G,false,1757,https://ecom-su-static-prod.wtrecom.com/images/products/3/LN_018859_BP_3.jpg,https://www.waitrose.com/ecom/products/duchy-organic-dry-cured-unsmoked-back-bacon/018859-9121-9122,Duchy Organic Dry Cured Unsmoked Back Bacon,184g,£5.25,£28.54/kg,,Fresh & Chilled
549731,Kri Kri 10% Fat Authentic Greek Yogurt,G,false,1758,https://ecom-su-static-prod.wtrecom.com/images/products/3/LN_549731_BP_3.jpg,https://www.waitrose.com/ecom/products/kri-kri-10-fat-authentic-greek-yogurt/549731-653496-653497,Kri Kri 10% Fat Authentic Greek Yogurt,500g,£2.85,57p/100g,,Fresh & Chilled
013202,Essential Reduced Fat Houmous,G,false,1759,https://ecom-su-static-prod.wtrecom.com/images/products/3/LN_013202_BP_3.jpg,https://www.waitrose.com/ecom/products/essential-reduced-fat-houmous/013202-6419-6420,Essential Reduced Fat Houmous,3x60g,£1.65,91.7p/100g,,Fresh & Chilled
772524,Bonne Maman Clementine Mousse,G,true,1760,https://ecom-su-static-prod.wtrecom.com/images/products/3/LN_772524_BP_3.jpg,https://www.waitrose.com/ecom/products/bonne-maman-clementine-mousse/772524-767435-767436,Bonne Maman Clementine Mousse,2x70g,£1.50,£1.08/100g,save 80p. Was £2.30,Fresh & Chilled
745363,Waitrose Plant Living Organic Firm Tofu,G,false,1761,https://ecom-su-static-prod.wtrecom.com/images/products/3/LN_745363_BP_3.jpg,https://www.waitrose.com/ecom/products/waitrose-plant-living-organic-firm-tofu/745363-825205-825206,Waitrose Plant Living Organic Firm Tofu,300g,£1.95,65p/100g,,Fresh & Chilled
856090,Yeo Valley Organic Natural Kefir Drink,G,true,1762,https://ecom-su-static-prod.wtrecom.com/images/products/3/LN_856090_BP_3.jpg,https://www.waitrose.com/ecom/products/yeo-valley-organic-natural-kefir-drink/856090-785844-785845,Yeo Valley Organic Natural Kefir Drink,500ml,£1.75,35p/100ml,save 75p. Was £2.50,Fresh & Chilled
791409,Starbucks Caffe Latte Iced Coffee,G,false,1763,https://ecom-su-static-prod.wtrecom.com/images/products/3/LN_791409_BP_3.jpg,https://www.waitrose.com/ecom/products/starbucks-caffe-latte-iced-coffee/791409-112589-112590,Starbucks Caffe Latte Iced Coffee,220ml,£2.30,£10.46/litre,,Fresh & Chilled
085405,Trimmed Mange Tout Peas,G,false,1764,https://ecom-su-static-prod.wtrecom.com/images/products/3/LN_085405_BP_3.jpg,https://www.waitrose.com/ecom/products/trimmed-mange-tout-peas/085405-43442-43443,Trimmed Mange Tout Peas,200g,£1.50,£7.50/kg,,Fresh & Chilled
532582,"Waitrose Steak, Mushroom & Red Wine Pie",G,false,1765,https://ecom-su-static-prod.wtrecom.com/images/products/3/LN_532582_BP_3.jpg,https://www.waitrose.com/ecom/products/waitrose-steak-mushroom-red-wine-pie/532582-232363-232364,"Waitrose Steak, Mushroom & Red Wine Pie",200g,£2.75,£1.38/100g,,Fresh & Chilled
089756,Aspall Organic Cyder Vinegar,G,true,1766,https://ecom-su-static-prod.wtrecom.com/images/products/3/LN_089756_BP_3.jpg,https://www.waitrose.com/ecom/products/aspall-organic-cyder-vinegar/089756-46282-46283,Aspall Organic Cyder Vinegar,350ml,£1.70,48.6p/100ml,20% Off. Was £2.15,Fresh & Chilled
052278,Waitrose Cooked Sweet Chilli Chicken Mini Fillets,G,false,1767,https://ecom-su-static-prod.wtrecom.com/images/products/3/LN_052278_BP_3.jpg,https://www.waitrose.com/ecom/products/waitrose-cooked-sweet-chilli-chicken-mini-fillets/052278-26063-26064,Waitrose Cooked Sweet Chilli Chicken Mini Fillets,165g,£4.25,£2.58/100g,,Fresh & Chilled
436669,Waitrose British Thick Cut 2 Pork Chops,G,false,1768,https://ecom-su-static-prod.wtrecom.com/images/products/3/LN_436669_BP_3.jpg,https://www.waitrose.com/ecom/products/waitrose-british-thick-cut-2-pork-chops/436669-753515-753516,Waitrose British Thick Cut 2 Pork Chops,500g,£4.50,£9/kg,,Fresh & Chilled
763035,Charlie Bigham's Macaroni Cheese for 2,G,false,1769,https://ecom-su-static-prod.wtrecom.com/images/products/3/LN_763035_BP_3.jpg,https://www.waitrose.com/ecom/products/charlie-bighams-macaroni-cheese-for-2/763035-108498-108499,Charlie Bigham's Macaroni Cheese for 2,670g,£9.50,£14.18/kg,,Fresh & Chilled
894357,Levantine Table Halloumi Filo Pastries,G,false,1770,https://ecom-su-static-prod.wtrecom.com/images/products/3/LN_894357_BP_3.jpg,https://www.waitrose.com/ecom/products/levantine-table-halloumi-filo-pastries/894357-755705-755706,Levantine Table Halloumi Filo Pastries,128g,£3.90,£3.05/100g,,Fresh & Chilled
436503,Bisto Best Chicken Gravy Granules,G,false,1771,https://ecom-su-static-prod.wtrecom.com/images/products/3/LN_436503_BP_3.jpg,https://www.waitrose.com/ecom/products/bisto-best-chicken-gravy-granules/436503-711068-711069,Bisto Best Chicken Gravy Granules,230g,£4.00,£1.74/100g,,Fresh & Chilled
416011,Oykos Peach Luxury Greek Style Yogurts,G,false,1772,https://ecom-su-static-prod.wtrecom.com/images/products/3/LN_416011_BP_3.jpg,https://www.waitrose.com/ecom/products/oykos-peach-luxury-greek-style-yogurts/416011-755765-755766,Oykos Peach Luxury Greek Style Yogurts,4x110g,£2.20,50p/100g,,Fresh & Chilled
711842,New Covent Garden Carrot & Butternut Soup,G,false,1773,https://ecom-su-static-prod.wtrecom.com/images/products/3/LN_711842_BP_3.jpg,https://www.waitrose.com/ecom/products/new-covent-garden-carrot-butternut-soup/711842-299405-299406,New Covent Garden Carrot & Butternut Soup,560g,£2.35,42p/100g,,Fresh & Chilled
092144,Yeo Valley 0% Fat Vanilla Organic Fat Free Yogurt,G,true,1774,https://ecom-su-static-prod.wtrecom.com/images/products/3/LN_092144_BP_3.jpg,https://www.waitrose.com/ecom/products/yeo-valley-0-fat-vanilla-organic-fat-free-yogurt/092144-47420-47421,Yeo Valley 0% Fat Vanilla Organic Fat Free Yogurt,450g,£1.50,33.3p/100g,save 85p. Was £2.35,Fresh & Chilled
620027,Alpro Dark Chocolate Dairy Free Vegan Soya Dessert,G,false,1775,https://ecom-su-static-prod.wtrecom.com/images/products/3/LN_620027_BP_3.jpg,https://www.waitrose.com/ecom/products/alpro-dark-chocolate-dairy-free-vegan-soya-dessert/620027-295413-295414,Alpro Dark Chocolate Dairy Free Vegan Soya Dessert,4x125g,£2.10,42p/100g,,Fresh & Chilled
528679,Elmlea Plant Vegetarian Double Cream Alternative,G,false,1776,https://ecom-su-static-prod.wtrecom.com/images/products/3/LN_528679_BP_3.jpg,https://www.waitrose.com/ecom/products/elmlea-plant-vegetarian-double-cream-alternative/528679-723752-723753,Elmlea Plant Vegetarian Double Cream Alternative,250ml,£1.75,70p/100ml,,Fresh & Chilled
654188,Waitrose Cheese & Onion Deli Filler,G,false,1777,https://ecom-su-static-prod.wtrecom.com/images/products/3/LN_654188_BP_3.jpg,https://www.waitrose.com/ecom/products/waitrose-cheese-onion-deli-filler/654188-816460-816461,Waitrose Cheese & Onion Deli Filler,220g,£2.40,£1.10/100g,,Fresh & Chilled
447846,Califia Farms Oat Barista Blend Chilled Dairy Free Milk Alternative,G,false,1778,https://ecom-su-static-prod.wtrecom.com/images/products/3/LN_447846_BP_3.jpg,https://www.waitrose.com/ecom/products/califia-farms-oat-barista-blend-chilled-dairy-free-milk-alternative/447846-780029-780030,Califia Farms Oat Barista Blend Chilled Dairy Free Milk Alternative,1litre,£2.20,£2.20/litre,,Fresh & Chilled
867733,"Duchy Organic Chicken Drumsticks 6, Skin-on & Bone-in",G,false,1779,https://ecom-su-static-prod.wtrecom.com/images/products/3/LN_867733_BP_3.jpg,https://www.waitrose.com/ecom/products/duchy-organic-chicken-drumsticks-6-skin-on-bone-in/867733-756303-756304,"Duchy Organic Chicken Drumsticks 6, Skin-on & Bone-in",Typical weight 0.66kg,£7.06 each est.,£10.70/kg,,Fresh & Chilled
809648,Borough Broth Organic Grass Fed Beef Bone Broth,G,false,1780,https://ecom-su-static-prod.wtrecom.com/images/products/3/LN_809648_BP_3.jpg,https://www.waitrose.com/ecom/products/borough-broth-organic-grass-fed-beef-bone-broth/809648-812671-812672,Borough Broth Organic Grass Fed Beef Bone Broth,324g,£5.00,,,Fresh & Chilled
840634,Waitrose Chorizo & Gouda Cheese Involtinis,G,true,1781,https://ecom-su-static-prod.wtrecom.com/images/products/3/LN_840634_BP_3.jpg,https://www.waitrose.com/ecom/products/waitrose-chorizo-gouda-cheese-involtinis/840634-661209-661210,Waitrose Chorizo & Gouda Cheese Involtinis,80g,£3.75,£4.69/100g,Add 2 for £5.50,Fresh & Chilled
582626,Essential 2 Garlic And Herb Chicken Kyivs,G,false,1782,https://ecom-su-static-prod.wtrecom.com/images/products/3/LN_582626_BP_3.jpg,https://www.waitrose.com/ecom/products/essential-2-garlic-and-herb-chicken-kyivs/582626-82583-82584,Essential 2 Garlic And Herb Chicken Kyivs,250g,£2.95,£11.80/kg,,Fresh & Chilled
721097,GetPro Blueberry High Protein Yogurt Single,G,true,1783,https://ecom-su-static-prod.wtrecom.com/images/products/3/LN_721097_BP_3.jpg,https://www.waitrose.com/ecom/products/getpro-blueberry-high-protein-yogurt-single/721097-810973-810974,GetPro Blueberry High Protein Yogurt Single,160g,80p,50p/100g,save 50p. Was £1.30,Fresh & Chilled
641065,Charlie Bigham's Spaghetti Carbonara for 1,G,true,1784,https://ecom-su-static-prod.wtrecom.com/images/products/3/LN_641065_BP_3.jpg,https://www.waitrose.com/ecom/products/charlie-bighams-spaghetti-carbonara-for-1/641065-810939-810940,Charlie Bigham's Spaghetti Carbonara for 1,338g,£6.00,£17.76/kg,Add 2 for £11,Fresh & Chilled
827732,Waitrose Rainbow Side Salad,G,false,1785,https://ecom-su-static-prod.wtrecom.com/images/products/3/LN_827732_BP_3.jpg,https://www.waitrose.com/ecom/products/waitrose-rainbow-side-salad/827732-581558-581559,Waitrose Rainbow Side Salad,116g,£2.50,£21.56/kg,,Fresh & Chilled
086111,Cooks' Ingredients Sage,G,false,1786,https://ecom-su-static-prod.wtrecom.com/images/products/3/LN_086111_BP_3.jpg,https://www.waitrose.com/ecom/products/cooks-ingredients-sage/086111-43939-43940,Cooks' Ingredients Sage,20g,80p,40p/10g,,Fresh & Chilled
780972,Essential British Lamb Ribs,G,false,1787,https://ecom-su-static-prod.wtrecom.com/images/products/3/LN_780972_BP_3.jpg,https://www.waitrose.com/ecom/products/essential-british-lamb-ribs/780972-111127-111128,Essential British Lamb Ribs,Typical weight 0.5kg,£4.00 each est.,£8.00/kg,,Fresh & Chilled
811492,Cawston Press Blend Apple & Summer Berries,G,false,1788,https://ecom-su-static-prod.wtrecom.com/images/products/3/LN_811492_BP_3.jpg,https://www.waitrose.com/ecom/products/cawston-press-blend-apple-summer-berries/811492-343490-343491,Cawston Press Blend Apple & Summer Berries,3x200ml,£2.35,39.2p/100ml,,Fresh & Chilled
372972,Linda McCartney's 2 Frozen Vegetarian Mozzarella 1/4lb Burgers,G,true,1789,https://ecom-su-static-prod.wtrecom.com/images/products/3/LN_372972_BP_3.jpg,https://www.waitrose.com/ecom/products/linda-mccartneys-2-frozen-vegetarian-mozzarella-1-4lb-burgers/372972-271324-271325,Linda McCartney's 2 Frozen Vegetarian Mozzarella 1/4lb Burgers,227g,£1.95,£8.60/kg,25% Off. Was £2.65,Fresh & Chilled
509848,Duchy Organic Chicken Breast Fillets 4,G,false,1790,https://ecom-su-static-prod.wtrecom.com/images/products/3/LN_509848_BP_3.jpg,https://www.waitrose.com/ecom/products/duchy-organic-chicken-breast-fillets-4/509848-661613-661614,Duchy Organic Chicken Breast Fillets 4,Typical weight 0.59kg,£16.61 each est.,£28.01/kg,,Fresh & Chilled
659688,"Waitrose 2 Sea Bass Fillets, Pesto Butter",G,true,1791,https://ecom-su-static-prod.wtrecom.com/images/products/3/LN_659688_BP_3.jpg,https://www.waitrose.com/ecom/products/waitrose-2-sea-bass-fillets-pesto-butter/659688-362377-362378,"Waitrose 2 Sea Bass Fillets, Pesto Butter",210g,£4.68,£22.29/kg,25% Off. Was £6.25,Fresh & Chilled
444457,Waitrose Free From Breaded Hake,G,false,1792,https://ecom-su-static-prod.wtrecom.com/images/products/3/LN_444457_BP_3.jpg,https://www.waitrose.com/ecom/products/waitrose-free-from-breaded-hake/444457-802254-802255,Waitrose Free From Breaded Hake,355g,£4.75,£1.34/100g,,Fresh & Chilled
895368,No.1 Pesto Alla Genovese,G,false,1793,https://ecom-su-static-prod.wtrecom.com/images/products/3/LN_895368_BP_3.jpg,https://www.waitrose.com/ecom/products/no1-pesto-alla-genovese/895368-306063-306064,No.1 Pesto Alla Genovese,145g,£3.60,£2.49/100g,,Fresh & Chilled
563981,No. 1 Cave Aged Goats Cheese,G,false,1794,https://ecom-su-static-prod.wtrecom.com/images/products/3/LN_563981_BP_3.jpg,https://www.waitrose.com/ecom/products/no-1-cave-aged-goats-cheese/563981-677314-677315,No. 1 Cave Aged Goats Cheese,170g,£4.25,£25/kg,,Fresh & Chilled
629360,Essential Broccoli Florets,G,false,1795,https://ecom-su-static-prod.wtrecom.com/images/products/3/LN_629360_BP_3.jpg,https://www.waitrose.com/ecom/products/essential-broccoli-florets/629360-756386-756387,Essential Broccoli Florets,240g,£1.50,62.5p/100g,,Fresh & Chilled
557673,Waitrose 6 Mini Yorkshire Puddings,G,false,1796,https://ecom-su-static-prod.wtrecom.com/images/products/3/LN_557673_BP_3.jpg,https://www.waitrose.com/ecom/products/waitrose-6-mini-yorkshire-puddings/557673-766104-766105,Waitrose 6 Mini Yorkshire Puddings,132g,£1.75,£13.26/kg,,Fresh & Chilled
861884,Waitrose Fresh Reduced Fat Caesar Dressing,G,false,1797,https://ecom-su-static-prod.wtrecom.com/images/products/3/LN_861884_BP_3.jpg,https://www.waitrose.com/ecom/products/waitrose-fresh-reduced-fat-caesar-dressing/861884-420599-420600,Waitrose Fresh Reduced Fat Caesar Dressing,150ml,£1.30,86.7p/100ml,,Fresh & Chilled
829485,Waitrose Stuffed Mushrooms,G,false,1798,https://ecom-su-static-prod.wtrecom.com/images/products/3/LN_829485_BP_3.jpg,https://www.waitrose.com/ecom/products/waitrose-stuffed-mushrooms/829485-756456-756457,Waitrose Stuffed Mushrooms,200g,£3.00,£15/kg,,Fresh & Chilled
498793,Shaken Udder Top Banana! Banana Milkshake,G,false,1799,https://ecom-su-static-prod.wtrecom.com/images/products/3/LN_498793_BP_3.jpg,https://www.waitrose.com/ecom/products/shaken-udder-top-banana-banana-milkshake/498793-70486-70487,Shaken Udder Top Banana! Banana Milkshake,330ml,£1.70,£5.16/litre,,Fresh & Chilled
737522,Clarence Court Liquid Egg White,G,false,1800,https://ecom-su-static-prod.wtrecom.com/images/products/3/LN_737522_BP_3.jpg,https://www.waitrose.com/ecom/products/clarence-court-liquid-egg-white/737522-741320-741321,Clarence Court Liquid Egg White,500g,£3.75,£7.50/kg,,Fresh & Chilled
799332,Charlie Bigham's Steak & Ale Ceramic Pie,G,true,1801,https://ecom-su-static-prod.wtrecom.com/images/products/3/LN_799332_BP_3.jpg,https://www.waitrose.com/ecom/products/charlie-bighams-steak-ale-ceramic-pie/799332-811019-811020,Charlie Bigham's Steak & Ale Ceramic Pie,300g,£6.00,£2/100g,Add 2 for £11,Fresh & Chilled
745135,Essential Grana Padano DOP Grated Cheese Strength 4,G,false,1802,https://ecom-su-static-prod.wtrecom.com/images/products/3/LN_745135_BP_3.jpg,https://www.waitrose.com/ecom/products/essential-grana-padano-dop-grated-cheese-strength-4/745135-683200-683201,Essential Grana Padano DOP Grated Cheese Strength 4,80g,£1.90,£23.75/kg,,Fresh & Chilled
083765,Waitrose British Pork Fillet,G,false,1803,https://ecom-su-static-prod.wtrecom.com/images/products/3/LN_083765_BP_3.jpg,https://www.waitrose.com/ecom/products/waitrose-british-pork-fillet/083765-42517-42518,Waitrose British Pork Fillet,Typical weight 0.42kg,£6.51 each est.,£15.49/kg,,Fresh & Chilled
095771,Waitrose British Boneless Pork Loin Crackling Joint,G,false,1804,https://ecom-su-static-prod.wtrecom.com/images/products/3/LN_095771_BP_3.jpg,https://www.waitrose.com/ecom/products/waitrose-british-boneless-pork-loin-crackling-joint/095771-49071-49072,Waitrose British Boneless Pork Loin Crackling Joint,Typical weight 0.81kg,£7.85 each est.,£9.74/kg,,Fresh & Chilled
059769,Essential Pitted Green Olives,G,false,1805,https://ecom-su-static-prod.wtrecom.com/images/products/3/LN_059769_BP_3.jpg,https://www.waitrose.com/ecom/products/essential-pitted-green-olives/059769-30165-30166,Essential Pitted Green Olives,drained 450g,£3.35,74.4p/100g,,Fresh & Chilled
027924,Benecol Light Spreadable Butter,G,true,1806,https://ecom-su-static-prod.wtrecom.com/images/products/3/LN_027924_BP_3.jpg,https://www.waitrose.com/ecom/products/benecol-light-spreadable-butter/027924-13585-13586,Benecol Light Spreadable Butter,500g,£3.50,£7/kg,save £1.25. Was £4.75,Fresh & Chilled
813398,Odysea Feta Cheese PDO,G,true,1807,https://ecom-su-static-prod.wtrecom.com/images/products/3/LN_813398_BP_3.jpg,https://www.waitrose.com/ecom/products/odysea-feta-cheese-pdo/813398-350073-350074,Odysea Feta Cheese PDO,120g,£2.00,£16.67/kg,20% Off. Was £2.50,Fresh & Chilled
587569,La Famiglia Rana Basil & Pine Nut Tortelloni,G,true,1808,https://ecom-su-static-prod.wtrecom.com/images/products/3/LN_587569_BP_3.jpg,https://www.waitrose.com/ecom/products/la-famiglia-rana-basil-pine-nut-tortelloni/587569-793242-793243,La Famiglia Rana Basil & Pine Nut Tortelloni,250g,£2.40,£9.60/kg,20% Off. Was £3.00,Fresh & Chilled
400039,Graham's Dairy Gold Top Original Jersey Whole Milk,G,false,1809,https://ecom-su-static-prod.wtrecom.com/images/products/3/LN_400039_BP_3.jpg,https://www.waitrose.com/ecom/products/grahams-dairy-gold-top-original-jersey-whole-milk/400039-56272-56273,Graham's Dairy Gold Top Original Jersey Whole Milk,1litre,£1.70,£1.70/litre,,Fresh & Chilled
642615,Waitrose British Native Breed Large Beef Topside,G,false,1810,https://ecom-su-static-prod.wtrecom.com/images/products/3/LN_642615_BP_3.jpg,https://www.waitrose.com/ecom/products/waitrose-british-native-breed-large-beef-topside/642615-806245-806246,Waitrose British Native Breed Large Beef Topside,Typical weight 1kg,£14.95 each est.,£14.95/kg,,Fresh & Chilled
849090,Gü Banoffee Cheesecake Twin Pack,G,false,1811,https://ecom-su-static-prod.wtrecom.com/images/products/3/LN_849090_BP_3.jpg,https://www.waitrose.com/ecom/products/gu-banoffee-cheesecake-twin-pack/849090-825289-825290,Gü Banoffee Cheesecake Twin Pack,2x86g,£3.95,£2.30/100g,,Fresh & Chilled
704585,Waitrose Egg Mayo & Cress Sandwich,G,true,1812,https://ecom-su-static-prod.wtrecom.com/images/products/3/LN_704585_BP_3.jpg,https://www.waitrose.com/ecom/products/waitrose-egg-mayo-cress-sandwich/704585-817534-817535,Waitrose Egg Mayo & Cress Sandwich,each,£2.55,£2.55 each,"£5 Food to Go Meal Deal: Add 1 Main, 1 Snack and 1 Drink",Fresh & Chilled
883231,Essential Pork Chops,G,false,1813,https://ecom-su-static-prod.wtrecom.com/images/products/3/LN_883231_BP_3.jpg,https://www.waitrose.com/ecom/products/essential-pork-chops/883231-350203-350204,Essential Pork Chops,400g,£4.00,£10/kg,,Fresh & Chilled
887604,Waitrose 2 Custard Slices,G,false,1814,https://ecom-su-static-prod.wtrecom.com/images/products/3/LN_887604_BP_3.jpg,https://www.waitrose.com/ecom/products/waitrose-2-custard-slices/887604-539118-539119,Waitrose 2 Custard Slices,2s,£2.00,£1 each,,Fresh & Chilled
818423,Schär Gluten Free Pretzels,G,false,1815,https://ecom-su-static-prod.wtrecom.com/images/products/3/LN_818423_BP_3.jpg,https://www.waitrose.com/ecom/products/schar-gluten-free-pretzels/818423-174707-174708,Schär Gluten Free Pretzels,60g,£1.15,£1.92/100g,,Fresh & Chilled
082745,Cooks' Ingredients Pot Thyme,G,false,1816,https://ecom-su-static-prod.wtrecom.com/images/products/3/LN_082745_BP_3.jpg,https://www.waitrose.com/ecom/products/cooks-ingredients-pot-thyme/082745-42075-42076,Cooks' Ingredients Pot Thyme,Each,£1.70,£1.70 each,,Fresh & Chilled
533873,Bonne Maman Baba au Rhum,G,false,1817,https://ecom-su-static-prod.wtrecom.com/images/products/3/LN_533873_BP_3.jpg,https://www.waitrose.com/ecom/products/bonne-maman-baba-au-rhum/533873-373205-373206,Bonne Maman Baba au Rhum,2x140g,£3.35,£1.20/100g,,Fresh & Chilled
754315,No.1 Chicken Cacio e Pepe,G,true,1818,https://ecom-su-static-prod.wtrecom.com/images/products/3/LN_754315_BP_3.jpg,https://www.waitrose.com/ecom/products/no1-chicken-cacio-e-pepe/754315-805521-805522,No.1 Chicken Cacio e Pepe,530g,£9.50,£17.93/kg,£12 Our Very Best Dine In: Add Main + Side + Starter or Dessert,Fresh & Chilled
470382,Muller Fruit Corner Strawberry & Chocolate Yogurts,G,false,1819,https://ecom-su-static-prod.wtrecom.com/images/products/3/LN_470382_BP_3.jpg,https://www.waitrose.com/ecom/products/muller-fruit-corner-strawberry-chocolate-yogurts/470382-810892-810892,Muller Fruit Corner Strawberry & Chocolate Yogurts,6x124g,£4.20,56.5p/100g,,Fresh & Chilled
511287,Yeo Valley Organic Greek Recipe 0% Strained Natural Yogurt,G,false,1820,https://ecom-su-static-prod.wtrecom.com/images/products/3/LN_511287_BP_3.jpg,https://www.waitrose.com/ecom/products/yeo-valley-organic-greek-recipe-0-strained-natural-yogurt/511287-726730-726731,Yeo Valley Organic Greek Recipe 0% Strained Natural Yogurt,450g,£3.25,72.2p/100g,,Fresh & Chilled
689817,Alpro Original Chilled Dairy Free Milk Alternative,G,false,1821,https://ecom-su-static-prod.wtrecom.com/images/products/3/LN_689817_BP_3.jpg,https://www.waitrose.com/ecom/products/alpro-original-chilled-dairy-free-milk-alternative/689817-558475-558476,Alpro Original Chilled Dairy Free Milk Alternative,1litre,£2.10,£2.10/litre,,Fresh & Chilled
737394,Waitrose Cream of Chicken Soup,G,false,1822,https://ecom-su-static-prod.wtrecom.com/images/products/3/LN_737394_BP_3.jpg,https://www.waitrose.com/ecom/products/waitrose-cream-of-chicken-soup/737394-756597-756598,Waitrose Cream of Chicken Soup,600g,£3.00,50p/100g,,Fresh & Chilled
587862,Naturli Organic Vegan Unsalted Butter Alternative,G,false,1823,https://ecom-su-static-prod.wtrecom.com/images/products/3/LN_587862_BP_3.jpg,https://www.waitrose.com/ecom/products/naturli-organic-vegan-unsalted-butter-alternative/587862-744182-744183,Naturli Organic Vegan Unsalted Butter Alternative,200g,£2.00,£10/kg,,Fresh & Chilled
812877,Levantine Table Slow Cooked Beef in Mango Amba Sauce,G,false,1824,https://ecom-su-static-prod.wtrecom.com/images/products/3/LN_812877_BP_3.jpg,https://www.waitrose.com/ecom/products/levantine-table-slow-cooked-beef-in-mango-amba-sauce/812877-804356-804357,Levantine Table Slow Cooked Beef in Mango Amba Sauce,385g,£7.50,£19.49/kg,,Fresh & Chilled
482860,Alpro Plant Protein Red Berries Yogurt,G,false,1825,https://ecom-su-static-prod.wtrecom.com/images/products/3/LN_482860_BP_3.jpg,https://www.waitrose.com/ecom/products/alpro-plant-protein-red-berries-yogurt/482860-822489-822490,Alpro Plant Protein Red Berries Yogurt,200g,£1.50,75p/100g,,Fresh & Chilled
047538,Linda McCartney's Frozen Vegan Sausages,G,true,1826,https://ecom-su-static-prod.wtrecom.com/images/products/3/LN_047538_BP_3.jpg,https://www.waitrose.com/ecom/products/linda-mccartneys-frozen-vegan-sausages/047538-23470-23471,Linda McCartney's Frozen Vegan Sausages,270g,£1.95,£7.23/kg,25% Off. Was £2.65,Fresh & Chilled
887602,Essential Hake Fillets,G,false,1827,https://ecom-su-static-prod.wtrecom.com/images/products/3/LN_887602_BP_3.jpg,https://www.waitrose.com/ecom/products/essential-hake-fillets/887602-766156-766157,Essential Hake Fillets,200g,£3.50,£17.50/kg,,Fresh & Chilled
577931,Waitrose Sweet Chilli Jam Pork Sausage Rolls,G,true,1828,https://ecom-su-static-prod.wtrecom.com/images/products/3/LN_577931_BP_3.jpg,https://www.waitrose.com/ecom/products/waitrose-sweet-chilli-jam-pork-sausage-rolls/577931-804670-804671,Waitrose Sweet Chilli Jam Pork Sausage Rolls,180g,£3.50,£1.95/100g,Add 2 for £5.50,Fresh & Chilled
559139,Easy to Cook Sweet Chilli Chicken Breasts,G,true,1829,https://ecom-su-static-prod.wtrecom.com/images/products/3/LN_559139_BP_3.jpg,https://www.waitrose.com/ecom/products/easy-to-cook-sweet-chilli-chicken-breasts/559139-740833-740834,Easy to Cook Sweet Chilli Chicken Breasts,270g,£5.00,£18.52/kg,Add 3 for £12,Fresh & Chilled
520766,No.1 Chestnut-Fed Galician Serrano Ham,G,false,1830,https://ecom-su-static-prod.wtrecom.com/images/products/3/LN_520766_BP_3.jpg,https://www.waitrose.com/ecom/products/no1-chestnut-fed-galician-serrano-ham/520766-815771-815772,No.1 Chestnut-Fed Galician Serrano Ham,80g,£5.75,£7.19/100g,,Fresh & Chilled
807152,itsu Classic Ramen Brilliant Broth,G,true,1831,https://ecom-su-static-prod.wtrecom.com/images/products/3/LN_807152_BP_3.jpg,https://www.waitrose.com/ecom/products/itsu-classic-ramen-brilliant-broth/807152-767770-767771,itsu Classic Ramen Brilliant Broth,500ml,£2.80,56p/100ml,"£7 Stir Fry Meal Deal: Add protein, veg, sauce & rice or noodles",Fresh & Chilled
538557,Dell'Ugo Beetroot & Goat's Cheese Fiorelli,G,false,1832,https://ecom-su-static-prod.wtrecom.com/images/products/3/LN_538557_BP_3.jpg,https://www.waitrose.com/ecom/products/dellugo-beetroot-goats-cheese-fiorelli/538557-661647-661648,Dell'Ugo Beetroot & Goat's Cheese Fiorelli,250g,£4.00,£16/kg,,Fresh & Chilled
456196,Bonne Maman Salted Caramel Crème,G,false,1833,https://ecom-su-static-prod.wtrecom.com/images/products/3/LN_456196_BP_3.jpg,https://www.waitrose.com/ecom/products/bonne-maman-salted-caramel-creme/456196-549849-549850,Bonne Maman Salted Caramel Crème,2x90g,£2.30,£1.28/100g,,Fresh & Chilled
806313,Rude Health Coconut Organic Milk Alternative,G,false,1834,https://ecom-su-static-prod.wtrecom.com/images/products/3/LN_806313_BP_3.jpg,https://www.waitrose.com/ecom/products/rude-health-coconut-organic-milk-alternative/806313-601800-601801,Rude Health Coconut Organic Milk Alternative,1litre,£2.40,£2.40/litre,,Fresh & Chilled
088688,Waitrose Large Passion Fruit,G,true,1835,https://ecom-su-static-prod.wtrecom.com/images/products/3/LN_088688_BP_3.jpg,https://www.waitrose.com/ecom/products/waitrose-large-passion-fruit/088688-45569-45570,Waitrose Large Passion Fruit,2s,£2.20,£1.10 each,Add 2 for £4,Fresh & Chilled
839537,Waitrose Reduced Fat Brussels Pate,G,false,1836,https://ecom-su-static-prod.wtrecom.com/images/products/3/LN_839537_BP_3.jpg,https://www.waitrose.com/ecom/products/waitrose-reduced-fat-brussels-pate/839537-815564-815565,Waitrose Reduced Fat Brussels Pate,170g,£2.20,£1.30/100g,,Fresh & Chilled
572880,Waitrose Fresh Honey & Mustard Dressing,G,false,1837,https://ecom-su-static-prod.wtrecom.com/images/products/3/LN_572880_BP_3.jpg,https://www.waitrose.com/ecom/products/waitrose-fresh-honey-mustard-dressing/572880-420233-420234,Waitrose Fresh Honey & Mustard Dressing,150ml,£1.30,86.7p/100ml,,Fresh & Chilled
868682,Waitrose Nashville Chicken Breast Fillets,G,true,1838,https://ecom-su-static-prod.wtrecom.com/images/products/3/LN_868682_BP_3.jpg,https://www.waitrose.com/ecom/products/waitrose-nashville-chicken-breast-fillets/868682-805006-805007,Waitrose Nashville Chicken Breast Fillets,320g,£4.50,£14.07/kg,£8 Chicken Dinner Meal Deal: Add 1 Main & 2 Extras,Fresh & Chilled
007968,Alpro Soya Light Chilled Dairy Free Milk Alternative,G,false,1839,https://ecom-su-static-prod.wtrecom.com/images/products/3/LN_007968_BP_3.jpg,https://www.waitrose.com/ecom/products/alpro-soya-light-chilled-dairy-free-milk-alternative/007968-3793-3794,Alpro Soya Light Chilled Dairy Free Milk Alternative,1litre,£2.10,£2.10/litre,,Fresh & Chilled
006393,Fanta Orange Zero Bottle,G,true,1840,https://ecom-su-static-prod.wtrecom.com/images/products/3/LN_006393_BP_3.jpg,https://www.waitrose.com/ecom/products/fanta-orange-zero-bottle/006393-2859-2860,Fanta Orange Zero Bottle,2litre,£2.15,10.8p/100ml,Add 2 for £3.50,Fresh & Chilled
734461,Graze Cherry Bakewell Oat Boosts,G,false,1841,https://ecom-su-static-prod.wtrecom.com/images/products/3/LN_734461_BP_3.jpg,https://www.waitrose.com/ecom/products/graze-cherry-bakewell-oat-boosts/734461-786274-786275,Graze Cherry Bakewell Oat Boosts,4x30g,£2.90,£2.42/100g,,Fresh & Chilled
091282,New Covent Garden Creamy Vegetable Soup,G,false,1842,https://ecom-su-static-prod.wtrecom.com/images/products/3/LN_091282_BP_3.jpg,https://www.waitrose.com/ecom/products/new-covent-garden-creamy-vegetable-soup/091282-47003-47004,New Covent Garden Creamy Vegetable Soup,560g,£2.35,42p/100g,,Fresh & Chilled
577802,Waitrose Avocado & Feta Side Salad,G,false,1843,https://ecom-su-static-prod.wtrecom.com/images/products/3/LN_577802_BP_3.jpg,https://www.waitrose.com/ecom/products/waitrose-avocado-feta-side-salad/577802-581306-581307,Waitrose Avocado & Feta Side Salad,200g,£3.15,£1.58/100g,,Fresh & Chilled
068146,Yeo Valley Peach & Apricot Organic Yogurt,G,true,1844,https://ecom-su-static-prod.wtrecom.com/images/products/3/LN_068146_BP_3.jpg,https://www.waitrose.com/ecom/products/yeo-valley-peach-apricot-organic-yogurt/068146-34579-34580,Yeo Valley Peach & Apricot Organic Yogurt,450g,£1.50,33.3p/100g,save 85p. Was £2.35,Fresh & Chilled
435996,Essential Unsweetened Chilled Almond Milk Drink,G,false,1845,https://ecom-su-static-prod.wtrecom.com/images/products/3/LN_435996_BP_3.jpg,https://www.waitrose.com/ecom/products/essential-unsweetened-chilled-almond-milk-drink/435996-735718-735719,Essential Unsweetened Chilled Almond Milk Drink,1litre,£1.50,£1.50/litre,,Fresh & Chilled
419442,Waitrose Apple & Blackberry Crumble,G,false,1846,https://ecom-su-static-prod.wtrecom.com/images/products/3/LN_419442_BP_3.jpg,https://www.waitrose.com/ecom/products/waitrose-apple-blackberry-crumble/419442-526451-526452,Waitrose Apple & Blackberry Crumble,500g,£4.00,80p/100g,,Fresh & Chilled
041281,Waitrose Indian Chicken Jalfrezi Curry for 2,G,false,1847,https://ecom-su-static-prod.wtrecom.com/images/products/3/LN_041281_BP_3.jpg,https://www.waitrose.com/ecom/products/waitrose-indian-chicken-jalfrezi-curry-for-2/041281-20428-20429,Waitrose Indian Chicken Jalfrezi Curry for 2,350g,£4.95,£14.15/kg,,Fresh & Chilled
774646,Cosmic Crisp,G,false,1848,https://ecom-su-static-prod.wtrecom.com/images/products/3/LN_774646_BP_3.jpg,https://www.waitrose.com/ecom/products/cosmic-crisp/774646-822908-822909,Cosmic Crisp,4s,£2.75,68.8p each,,Fresh & Chilled
418092,Equinox Kombucha Pink Grapefruit & Guava Organic Fruit Juice,G,false,1849,https://ecom-su-static-prod.wtrecom.com/images/products/3/LN_418092_BP_3.jpg,https://www.waitrose.com/ecom/products/equinox-kombucha-pink-grapefruit-guava-organic-fruit-juice/418092-680883-680884,Equinox Kombucha Pink Grapefruit & Guava Organic Fruit Juice,275ml,£2.20,80p/100ml,,Fresh & Chilled
049237,Essential Broad Beans,G,false,1850,https://ecom-su-static-prod.wtrecom.com/images/products/3/LN_049237_BP_3.jpg,https://www.waitrose.com/ecom/products/essential-broad-beans/049237-24532-24533,Essential Broad Beans,500g,£2.25,£4.50/kg,,Fresh & Chilled
668457,Gü Peruvian Lime Cheesecakes,G,false,1851,https://ecom-su-static-prod.wtrecom.com/images/products/3/LN_668457_BP_3.jpg,https://www.waitrose.com/ecom/products/gu-peruvian-lime-cheesecakes/668457-94878-94879,Gü Peruvian Lime Cheesecakes,2x78g,£3.95,£2.54/100g,,Fresh & Chilled
085475,Waitrose Okra,G,false,1852,https://ecom-su-static-prod.wtrecom.com/images/products/3/LN_085475_BP_3.jpg,https://www.waitrose.com/ecom/products/waitrose-okra/085475-43540-43541,Waitrose Okra,175g,£1.90,£10.86/kg,,Fresh & Chilled
088340,Denhay Dry Cured Streaky Unsmoked Bacon,G,false,1853,https://ecom-su-static-prod.wtrecom.com/images/products/3/LN_088340_BP_3.jpg,https://www.waitrose.com/ecom/products/denhay-dry-cured-streaky-unsmoked-bacon/088340-45304-45305,Denhay Dry Cured Streaky Unsmoked Bacon,200g,£3.75,£18.75/kg,,Fresh & Chilled
889423,Taiko Chicken Katsu Bites with Teri-Mayo Sauce,G,true,1854,https://ecom-su-static-prod.wtrecom.com/images/products/3/LN_889423_BP_3.jpg,https://www.waitrose.com/ecom/products/taiko-chicken-katsu-bites-with-teri-mayo-sauce/889423-438294-438295,Taiko Chicken Katsu Bites with Teri-Mayo Sauce,90g,£2.50,£2.78/100g,"£5 Food to Go Meal Deal: Add 1 Main, 1 Snack and 1 Drink",Fresh & Chilled
651057,Waitrose Aged Balsamic & Olive Oil Dressing,G,false,1855,https://ecom-su-static-prod.wtrecom.com/images/products/3/LN_651057_BP_3.jpg,https://www.waitrose.com/ecom/products/waitrose-aged-balsamic-olive-oil-dressing/651057-420329-420330,Waitrose Aged Balsamic & Olive Oil Dressing,150ml,£1.30,86.7p/100ml,,Fresh & Chilled
788005,Benecol Peach Vegetarian Yogurts,G,false,1856,https://ecom-su-static-prod.wtrecom.com/images/products/3/LN_788005_BP_3.jpg,https://www.waitrose.com/ecom/products/benecol-peach-vegetarian-yogurts/788005-811011-811012,Benecol Peach Vegetarian Yogurts,4x115g,£4.00,87p/100g,,Fresh & Chilled
803834,Essential Pork Stir Fry Strips,G,true,1857,https://ecom-su-static-prod.wtrecom.com/images/products/3/LN_803834_BP_3.jpg,https://www.waitrose.com/ecom/products/essential-pork-stir-fry-strips/803834-795574-795575,Essential Pork Stir Fry Strips,250g,£4.00,£16/kg,"£7 Stir Fry Meal Deal: Add protein, veg, sauce & rice or noodles",Fresh & Chilled
003630,Waitrose Duchy Organic Cashew Nuts,G,false,1858,https://ecom-su-static-prod.wtrecom.com/images/products/3/LN_003630_BP_3.jpg,https://www.waitrose.com/ecom/products/waitrose-duchy-organic-cashew-nuts/003630-1493-1494,Waitrose Duchy Organic Cashew Nuts,150g,£3.50,£2.34/100g,,Fresh & Chilled
080537,Lipton Ice Tea Peach,G,true,1859,https://ecom-su-static-prod.wtrecom.com/images/products/3/LN_080537_BP_3.jpg,https://www.waitrose.com/ecom/products/lipton-ice-tea-peach/080537-41003-41004,Lipton Ice Tea Peach,1.25litre,£1.50,12p/100ml,save 85p. Was £2.35,Fresh & Chilled
052812,Jus-Rol Puff Pastry Block,G,false,1860,https://ecom-su-static-prod.wtrecom.com/images/products/3/LN_052812_BP_3.jpg,https://www.waitrose.com/ecom/products/jus-rol-puff-pastry-block/052812-26335-26336,Jus-Rol Puff Pastry Block,500g,£1.70,£3.40/kg,,Fresh & Chilled
780610,Activia Vanilla Low Fat Active Gut Health Yogurt,G,true,1861,https://ecom-su-static-prod.wtrecom.com/images/products/3/LN_780610_BP_3.jpg,https://www.waitrose.com/ecom/products/activia-vanilla-low-fat-active-gut-health-yogurt/780610-679277-679278,Activia Vanilla Low Fat Active Gut Health Yogurt,165g,£1.95,£1.19/100g,"£5 Food to Go Meal Deal: Add 1 Main, 1 Snack and 1 Drink",Fresh & Chilled
808918,Waitrose Sweet Chilli Sauce,G,true,1862,https://ecom-su-static-prod.wtrecom.com/images/products/3/LN_808918_BP_3.jpg,https://www.waitrose.com/ecom/products/waitrose-sweet-chilli-sauce/808918-824604-824605,Waitrose Sweet Chilli Sauce,150g,£1.15,76.7p/100g,"£7 Stir Fry Meal Deal: Add protein, veg, sauce & rice or noodles",Fresh & Chilled
041450,Dairylea Cheese Slices 8 Pack,G,false,1863,https://ecom-su-static-prod.wtrecom.com/images/products/3/LN_041450_BP_3.jpg,https://www.waitrose.com/ecom/products/dairylea-cheese-slices-8-pack/041450-20526-20527,Dairylea Cheese Slices 8 Pack,164g,£1.50,£9.15/kg,,Fresh & Chilled
821534,Waitrose Chinese 4 Prawn Toasts,G,true,1864,https://ecom-su-static-prod.wtrecom.com/images/products/3/LN_821534_BP_3.jpg,https://www.waitrose.com/ecom/products/waitrose-chinese-4-prawn-toasts/821534-234167-234168,Waitrose Chinese 4 Prawn Toasts,140g,£3.10,£22.15/kg,£12 South East & East Asian Meal Deal : Add 2 Mains & 2 Sides,Fresh & Chilled
779695,Waitrose Mushroom & Ricotta Ravioli,G,false,1865,https://ecom-su-static-prod.wtrecom.com/images/products/3/LN_779695_BP_3.jpg,https://www.waitrose.com/ecom/products/waitrose-mushroom-ricotta-ravioli/779695-793270-793271,Waitrose Mushroom & Ricotta Ravioli,250g,£3.60,£1.44/100g,,Fresh & Chilled
406176,Yorkshire Provender Cauliflower Cheese Soup,G,true,1866,https://ecom-su-static-prod.wtrecom.com/images/products/3/LN_406176_BP_3.jpg,https://www.waitrose.com/ecom/products/yorkshire-provender-cauliflower-cheese-soup/406176-381662-381663,Yorkshire Provender Cauliflower Cheese Soup,560g,£2.65,47.3p/100g,save 55p. Was £3.20,Fresh & Chilled
624161,Essential Cheese & Tomato Pizza,G,false,1867,https://ecom-su-static-prod.wtrecom.com/images/products/3/LN_624161_BP_3.jpg,https://www.waitrose.com/ecom/products/essential-cheese-tomato-pizza/624161-420291-420292,Essential Cheese & Tomato Pizza,486g,£3.50,£7.21/kg,,Fresh & Chilled
521213,Wonderful Almonds Roasted Salted,G,true,1868,https://ecom-su-static-prod.wtrecom.com/images/products/3/LN_521213_BP_3.jpg,https://www.waitrose.com/ecom/products/wonderful-almonds-roasted-salted/521213-413753-413754,Wonderful Almonds Roasted Salted,140g,£2.50,£1.79/100g,save 80p. Was £3.30,Fresh & Chilled
415399,No.1 Cherrywood Smoked Scottish Salmon,G,false,1869,https://ecom-su-static-prod.wtrecom.com/images/products/3/LN_415399_BP_3.jpg,https://www.waitrose.com/ecom/products/no1-cherrywood-smoked-scottish-salmon/415399-791911-791912,No.1 Cherrywood Smoked Scottish Salmon,100g,£6.95,£6.95/100g,,Fresh & Chilled
755645,Essential Home Ripening Kiwi,G,false,1870,https://ecom-su-static-prod.wtrecom.com/images/products/3/LN_755645_BP_3.jpg,https://www.waitrose.com/ecom/products/essential-home-ripening-kiwi/755645-795874-795875,Essential Home Ripening Kiwi,6s,£1.50,25p each,,Fresh & Chilled
038410,Waitrose Indian Lamb Rogan Josh Curry for 2,G,false,1871,https://ecom-su-static-prod.wtrecom.com/images/products/3/LN_038410_BP_3.jpg,https://www.waitrose.com/ecom/products/waitrose-indian-lamb-rogan-josh-curry-for-2/038410-19155-19156,Waitrose Indian Lamb Rogan Josh Curry for 2,350g,£6.00,£17.15/kg,,Fresh & Chilled
540560,Waitrose Candy Seedless Grapes,G,false,1872,https://ecom-su-static-prod.wtrecom.com/images/products/3/LN_540560_BP_3.jpg,https://www.waitrose.com/ecom/products/waitrose-candy-seedless-grapes/540560-601690-601691,Waitrose Candy Seedless Grapes,400g,£3.00,£7.50/kg,,Fresh & Chilled
813737,Charlie Bigham's Spanish Chicken & Roasted Potatoes for 2,G,false,1873,https://ecom-su-static-prod.wtrecom.com/images/products/3/LN_813737_BP_3.jpg,https://www.waitrose.com/ecom/products/charlie-bighams-spanish-chicken-roasted-potatoes-for-2/813737-337214-337215,Charlie Bigham's Spanish Chicken & Roasted Potatoes for 2,775g,£9.50,£12.26/kg,,Fresh & Chilled
042839,Waitrose 2 Poached Scottish Salmon Mousses,G,false,1874,https://ecom-su-static-prod.wtrecom.com/images/products/3/LN_042839_BP_3.jpg,https://www.waitrose.com/ecom/products/waitrose-2-poached-scottish-salmon-mousses/042839-21178-21179,Waitrose 2 Poached Scottish Salmon Mousses,100g,£4.75,£4.75/100g,,Fresh & Chilled
683755,Waitrose 2pk British Rose Veal Burgers,G,false,1875,https://ecom-su-static-prod.wtrecom.com/images/products/3/LN_683755_BP_3.jpg,https://www.waitrose.com/ecom/products/waitrose-2pk-british-rose-veal-burgers/683755-497976-497977,Waitrose 2pk British Rose Veal Burgers,250g,£3.70,£14.80/kg,,Fresh & Chilled
635753,Waitrose Ginger Fruit Juice Shot,G,false,1876,https://ecom-su-static-prod.wtrecom.com/images/products/3/LN_635753_BP_3.jpg,https://www.waitrose.com/ecom/products/waitrose-ginger-fruit-juice-shot/635753-762046-762047,Waitrose Ginger Fruit Juice Shot,100ml,£1.60,£1.60/100ml,,Fresh & Chilled
415273,Quorn Vegetarian Crispy Nuggets 300g,G,false,1877,https://ecom-su-static-prod.wtrecom.com/images/products/3/LN_415273_BP_3.jpg,https://www.waitrose.com/ecom/products/quorn-vegetarian-crispy-nuggets-300g/415273-343972-343973,Quorn Vegetarian Crispy Nuggets 300g,300g,£2.65,£8.84/kg,,Fresh & Chilled
495770,Peppa Pig Fromage Frais Strawberry Kids Yogurts,G,false,1878,https://ecom-su-static-prod.wtrecom.com/images/products/3/LN_495770_BP_3.jpg,https://www.waitrose.com/ecom/products/peppa-pig-fromage-frais-strawberry-kids-yogurts/495770-156187-156188,Peppa Pig Fromage Frais Strawberry Kids Yogurts,6x45g,£1.25,46.3p/100g,,Fresh & Chilled
864624,Gressingham Half Aromatic Crispy Duck,G,false,1879,https://ecom-su-static-prod.wtrecom.com/images/products/3/LN_864624_BP_3.jpg,https://www.waitrose.com/ecom/products/gressingham-half-aromatic-crispy-duck/864624-153659-153660,Gressingham Half Aromatic Crispy Duck,540g,£9.10,£16.86/kg,,Fresh & Chilled
872046,Yeo Valley Black Cherry Organic Yogurt,G,true,1880,https://ecom-su-static-prod.wtrecom.com/images/products/3/LN_872046_BP_3.jpg,https://www.waitrose.com/ecom/products/yeo-valley-black-cherry-organic-yogurt/872046-486793-486794,Yeo Valley Black Cherry Organic Yogurt,450g,£1.50,33.3p/100g,save 85p. Was £2.35,Fresh & Chilled
092162,"Muller Light Strawberry, Cherry, Raspberry & Cranberry Yogurts",G,false,1881,https://ecom-su-static-prod.wtrecom.com/images/products/3/LN_092162_BP_3.jpg,https://www.waitrose.com/ecom/products/muller-light-strawberry-cherry-raspberry-cranberry-yogurts/092162-47426-47426,"Muller Light Strawberry, Cherry, Raspberry & Cranberry Yogurts",6x140g,£4.20,50p/100g,,Fresh & Chilled
384567,GOOD TO GO Pineapple,G,true,1882,https://ecom-su-static-prod.wtrecom.com/images/products/3/LN_384567_BP_3.jpg,https://www.waitrose.com/ecom/products/good-to-go-pineapple/384567-133480-133481,GOOD TO GO Pineapple,120g,£1.35,£11.25/kg,"£5 Food to Go Meal Deal: Add 1 Main, 1 Snack and 1 Drink",Fresh & Chilled
864562,GetPro Chocolate Hazelnut High Protein Pudding Yogurt Single,G,true,1883,https://ecom-su-static-prod.wtrecom.com/images/products/3/LN_864562_BP_3.jpg,https://www.waitrose.com/ecom/products/getpro-chocolate-hazelnut-high-protein-pudding-yogurt-single/864562-811053-811054,GetPro Chocolate Hazelnut High Protein Pudding Yogurt Single,180g,£1.25,69.4p/100g,save 70p. Was £1.95,Fresh & Chilled
607479,Albert Bartlett Rooster Organic Potatoes,G,false,1884,https://ecom-su-static-prod.wtrecom.com/images/products/3/LN_607479_BP_3.jpg,https://www.waitrose.com/ecom/products/albert-bartlett-rooster-organic-potatoes/607479-629257-629258,Albert Bartlett Rooster Organic Potatoes,1.5kg,£2.75,£1.84/kg,,Fresh & Chilled
453971,Higgidy Great British Pork Sausage Rolls,G,true,1885,https://ecom-su-static-prod.wtrecom.com/images/products/3/LN_453971_BP_3.jpg,https://www.waitrose.com/ecom/products/higgidy-great-british-pork-sausage-rolls/453971-724845-724846,Higgidy Great British Pork Sausage Rolls,160g,£2.50,£1.57/100g,save 95p. Was £3.45,Fresh & Chilled
525637,Deliciously Ella Gluten Free & Vegan Apricot & Coconut Oat Bars,G,false,1886,https://ecom-su-static-prod.wtrecom.com/images/products/3/LN_525637_BP_3.jpg,https://www.waitrose.com/ecom/products/deliciously-ella-gluten-free-vegan-apricot-coconut-oat-bars/525637-666670-666671,Deliciously Ella Gluten Free & Vegan Apricot & Coconut Oat Bars,3x50g,£2.80,£1.87/100g,,Fresh & Chilled
836286,Galbani Pecorino Romano PDO Italian Grated Pecorino Cheese,G,true,1887,https://ecom-su-static-prod.wtrecom.com/images/products/3/LN_836286_BP_3.jpg,https://www.waitrose.com/ecom/products/galbani-pecorino-romano-pdo-italian-grated-pecorino-cheese/836286-723596-723597,Galbani Pecorino Romano PDO Italian Grated Pecorino Cheese,60g,£1.32,£22/kg,20% Off. Was £1.65,Fresh & Chilled
858847,Waitrose Summer Layered Summer Pudding,G,false,1888,https://ecom-su-static-prod.wtrecom.com/images/products/3/LN_858847_BP_3.jpg,https://www.waitrose.com/ecom/products/waitrose-summer-layered-summer-pudding/858847-779991-779992,Waitrose Summer Layered Summer Pudding,405g,£4.75,£1.18/100g,,Fresh & Chilled
548304,Waitrose Prosciutto Cappelletti,G,false,1889,https://ecom-su-static-prod.wtrecom.com/images/products/3/LN_548304_BP_3.jpg,https://www.waitrose.com/ecom/products/waitrose-prosciutto-cappelletti/548304-793234-793235,Waitrose Prosciutto Cappelletti,310g,£3.60,£1.17/100g,,Fresh & Chilled
640652,No.1 Extra Virgin Olive Oil Houmous,G,true,1890,https://ecom-su-static-prod.wtrecom.com/images/products/3/LN_640652_BP_3.jpg,https://www.waitrose.com/ecom/products/no1-extra-virgin-olive-oil-houmous/640652-827212-827213,No.1 Extra Virgin Olive Oil Houmous,170g,£2.28,£1.35/100g,Introductory Offer.Will be £2.85,Fresh & Chilled
773712,Kri Kri 10% Fat Authentic Greek Yogurt Single,G,false,1891,https://ecom-su-static-prod.wtrecom.com/images/products/3/LN_773712_BP_3.jpg,https://www.waitrose.com/ecom/products/kri-kri-10-fat-authentic-greek-yogurt-single/773712-653650-653651,Kri Kri 10% Fat Authentic Greek Yogurt Single,170g,£1.20,70.6p/100g,,Fresh & Chilled
825516,Fage Total 0% Fat Free Honey Greek Yogurt Small,G,false,1892,https://ecom-su-static-prod.wtrecom.com/images/products/3/LN_825516_BP_3.jpg,https://www.waitrose.com/ecom/products/fage-total-0-fat-free-honey-greek-yogurt-small/825516-171462-171463,Fage Total 0% Fat Free Honey Greek Yogurt Small,150g,£1.60,£1.07/100g,,Fresh & Chilled
460792,Waitrose Long Clawson Shropshire Blue Cheese Strength 4,G,false,1893,https://ecom-su-static-prod.wtrecom.com/images/products/3/LN_460792_BP_3.jpg,https://www.waitrose.com/ecom/products/waitrose-long-clawson-shropshire-blue-cheese-strength-4/460792-324742-324743,Waitrose Long Clawson Shropshire Blue Cheese Strength 4,227g,£3.40,£14.98/kg,,Fresh & Chilled
818127,Waitrose Davidstow Cornish Extra Mature Cheddar Cheese Strength 6 Large,G,true,1894,https://ecom-su-static-prod.wtrecom.com/images/products/3/LN_818127_BP_3.jpg,https://www.waitrose.com/ecom/products/waitrose-davidstow-cornish-extra-mature-cheddar-cheese-strength-6-large/818127-451910-451911,Waitrose Davidstow Cornish Extra Mature Cheddar Cheese Strength 6 Large,550g,£4.31,£7.84/kg,25% Off. Was £5.75,Fresh & Chilled
036816,Waitrose Indian Chicken Korma Curry for 2,G,false,1895,https://ecom-su-static-prod.wtrecom.com/images/products/3/LN_036816_BP_3.jpg,https://www.waitrose.com/ecom/products/waitrose-indian-chicken-korma-curry-for-2/036816-18435-18436,Waitrose Indian Chicken Korma Curry for 2,350g,£4.95,£14.15/kg,,Fresh & Chilled
058397,Lescure French Unsalted Butter,G,false,1896,https://ecom-su-static-prod.wtrecom.com/images/products/3/LN_058397_BP_3.jpg,https://www.waitrose.com/ecom/products/lescure-french-unsalted-butter/058397-29369-29370,Lescure French Unsalted Butter,250g,£3.75,£15/kg,,Fresh & Chilled
856391,Benecol Strawberry Vegetarian Yogurts,G,false,1897,https://ecom-su-static-prod.wtrecom.com/images/products/3/LN_856391_BP_3.jpg,https://www.waitrose.com/ecom/products/benecol-strawberry-vegetarian-yogurts/856391-811047-811048,Benecol Strawberry Vegetarian Yogurts,4x115g,£4.00,87p/100g,,Fresh & Chilled
579716,Tropicana Pure Smooth Orange Juice Single,G,true,1898,https://ecom-su-static-prod.wtrecom.com/images/products/3/LN_579716_BP_3.jpg,https://www.waitrose.com/ecom/products/tropicana-pure-smooth-orange-juice-single/579716-735800-735801,Tropicana Pure Smooth Orange Juice Single,300ml,£2.00,66.7p/100ml,"£5 Food to Go Meal Deal: Add 1 Main, 1 Snack and 1 Drink",Fresh & Chilled
438318,Seafood & Eat It Brown Potted Shrimp,G,false,1899,https://ecom-su-static-prod.wtrecom.com/images/products/3/LN_438318_BP_3.jpg,https://www.waitrose.com/ecom/products/seafood-eat-it-brown-potted-shrimp/438318-794014-794015,Seafood & Eat It Brown Potted Shrimp,50g,£3.50,£7/100g,,Fresh & Chilled
594321,Duchy Organic 6 British Pork Sausages with Herbs,G,false,1900,https://ecom-su-static-prod.wtrecom.com/images/products/3/LN_594321_BP_3.jpg,https://www.waitrose.com/ecom/products/duchy-organic-6-british-pork-sausages-with-herbs/594321-116265-116266,Duchy Organic 6 British Pork Sausages with Herbs,400g,£5.25,£13.13/kg,,Fresh & Chilled
517442,Waitrose Cheese & Chive Dip,G,true,1901,https://ecom-su-static-prod.wtrecom.com/images/products/3/LN_517442_BP_3.jpg,https://www.waitrose.com/ecom/products/waitrose-cheese-chive-dip/517442-824556-824557,Waitrose Cheese & Chive Dip,200g,£1.75,87.5p/100g,Add 2 for £2.50,Fresh & Chilled
569536,Waitrose Extra Large Papaya,G,false,1902,https://ecom-su-static-prod.wtrecom.com/images/products/3/LN_569536_BP_3.jpg,https://www.waitrose.com/ecom/products/waitrose-extra-large-papaya/569536-512788-512789,Waitrose Extra Large Papaya,Each,£4.30,£4.30 each,,Fresh & Chilled
020933,Colman's Bread Sauce Mix,G,true,1903,https://ecom-su-static-prod.wtrecom.com/images/products/3/LN_020933_BP_3.jpg,https://www.waitrose.com/ecom/products/colmans-bread-sauce-mix/020933-10187-10188,Colman's Bread Sauce Mix,40g,£1.00,£2.50/100g,Add 2 for £1.50,Fresh & Chilled
781376,Bonne Maman Rhubarb & Strawberry Yogurt,G,false,1904,https://ecom-su-static-prod.wtrecom.com/images/products/3/LN_781376_BP_3.jpg,https://www.waitrose.com/ecom/products/bonne-maman-rhubarb-strawberry-yogurt/781376-724042-724043,Bonne Maman Rhubarb & Strawberry Yogurt,450g,£3.20,71.1p/100g,,Fresh & Chilled
864062,PlantLiving Deli Style Coleslaw,G,false,1905,https://ecom-su-static-prod.wtrecom.com/images/products/3/LN_864062_BP_3.jpg,https://www.waitrose.com/ecom/products/plantliving-deli-style-coleslaw/864062-791398-791399,PlantLiving Deli Style Coleslaw,300g,£1.75,58.3p/100g,,Fresh & Chilled
561221,Waitrose Classics Lamb in Mint & Redcurrant Gravy for 1,G,false,1906,https://ecom-su-static-prod.wtrecom.com/images/products/3/LN_561221_BP_3.jpg,https://www.waitrose.com/ecom/products/waitrose-classics-lamb-in-mint-redcurrant-gravy-for-1/561221-759369-759370,Waitrose Classics Lamb in Mint & Redcurrant Gravy for 1,380g,£5.25,£13.82/kg,,Fresh & Chilled
520762,Waitrose British Lamb Neck Fillet,G,false,1907,https://ecom-su-static-prod.wtrecom.com/images/products/3/LN_520762_BP_3.jpg,https://www.waitrose.com/ecom/products/waitrose-british-lamb-neck-fillet/520762-806724-806725,Waitrose British Lamb Neck Fillet,Typical weight 0.24kg,£6.28 each est.,£25.99/kg,,Fresh & Chilled
787067,Easy to Cook Scottish Salmon Roulade,G,false,1908,https://ecom-su-static-prod.wtrecom.com/images/products/3/LN_787067_BP_3.jpg,https://www.waitrose.com/ecom/products/easy-to-cook-scottish-salmon-roulade/787067-702270-702271,Easy to Cook Scottish Salmon Roulade,270g,£8.00,£2.97/100g,,Fresh & Chilled
759755,Moju Cold Pressed Turmeric Fruit Juice Single Shot,G,false,1909,https://ecom-su-static-prod.wtrecom.com/images/products/3/LN_759755_BP_3.jpg,https://www.waitrose.com/ecom/products/moju-cold-pressed-turmeric-fruit-juice-single-shot/759755-598424-598425,Moju Cold Pressed Turmeric Fruit Juice Single Shot,60ml,£2.10,£3.50/100ml,,Fresh & Chilled
051500,Oatly Oat Milk Chocolate Dairy Free Milk Alternative,G,true,1910,https://ecom-su-static-prod.wtrecom.com/images/products/3/LN_051500_BP_3.jpg,https://www.waitrose.com/ecom/products/oatly-oat-milk-chocolate-dairy-free-milk-alternative/051500-25634-25635,Oatly Oat Milk Chocolate Dairy Free Milk Alternative,1litre,£1.50,£1.50/litre,save 50p. Was £2.00,Fresh & Chilled
642081,Waitrose Patatas Bravas & Chorizo,G,true,1911,https://ecom-su-static-prod.wtrecom.com/images/products/3/LN_642081_BP_3.jpg,https://www.waitrose.com/ecom/products/waitrose-patatas-bravas-chorizo/642081-777826-777827,Waitrose Patatas Bravas & Chorizo,180g,£4.00,£2.23/100g,Add 2 for £5.50,Fresh & Chilled
041807,President Camembert Cheese,G,false,1912,https://ecom-su-static-prod.wtrecom.com/images/products/3/LN_041807_BP_3.jpg,https://www.waitrose.com/ecom/products/president-camembert-cheese/041807-20716-20717,President Camembert Cheese,250g,£2.80,£11.20/kg,,Fresh & Chilled
837119,The Coconut Collaborative Little Choc Pots,G,false,1913,https://ecom-su-static-prod.wtrecom.com/images/products/3/LN_837119_BP_3.jpg,https://www.waitrose.com/ecom/products/the-coconut-collaborative-little-choc-pots/837119-528164-528165,The Coconut Collaborative Little Choc Pots,4x45g,£3.10,£1.73/100g,,Fresh & Chilled
588882,Essential Chocolate Surprise,G,false,1914,https://ecom-su-static-prod.wtrecom.com/images/products/3/LN_588882_BP_3.jpg,https://www.waitrose.com/ecom/products/essential-chocolate-surprise/588882-486555-486556,Essential Chocolate Surprise,150g,£1.35,90p/100g,,Fresh & Chilled
738735,Waitrose Greek Style Yogurt with Honey,G,false,1915,https://ecom-su-static-prod.wtrecom.com/images/products/3/LN_738735_BP_3.jpg,https://www.waitrose.com/ecom/products/waitrose-greek-style-yogurt-with-honey/738735-822519-822520,Waitrose Greek Style Yogurt with Honey,450g,£1.60,35.6p/100g,,Fresh & Chilled
481467,John Ross Traditional Smoked Salmon,G,false,1916,https://ecom-su-static-prod.wtrecom.com/images/products/3/LN_481467_BP_3.jpg,https://www.waitrose.com/ecom/products/john-ross-traditional-smoked-salmon/481467-67957-67958,John Ross Traditional Smoked Salmon,160g,£7.95,£4.97/100g,,Fresh & Chilled
787893,Tilda Rice Milk Organic Gluten Free Milk Alternative,G,true,1917,https://ecom-su-static-prod.wtrecom.com/images/products/3/LN_787893_BP_3.jpg,https://www.waitrose.com/ecom/products/tilda-rice-milk-organic-gluten-free-milk-alternative/787893-772826-772827,Tilda Rice Milk Organic Gluten Free Milk Alternative,1litre,£1.76,£1.76/litre,20% Off. Was £2.20,Fresh & Chilled
797639,Waitrose 2 Cream & Belgium Choc Choux Buns,G,false,1918,https://ecom-su-static-prod.wtrecom.com/images/products/3/LN_797639_BP_3.jpg,https://www.waitrose.com/ecom/products/waitrose-2-cream-belgium-choc-choux-buns/797639-789008-789009,Waitrose 2 Cream & Belgium Choc Choux Buns,2x85g,£2.00,£1.18/100g,,Fresh & Chilled
724021,Waitrose Light Spreadable Butter,G,false,1919,https://ecom-su-static-prod.wtrecom.com/images/products/3/LN_724021_BP_3.jpg,https://www.waitrose.com/ecom/products/waitrose-light-spreadable-butter/724021-762112-762113,Waitrose Light Spreadable Butter,500g,£2.40,£4.80/kg,,Fresh & Chilled
659314,Waitrose Chinese 6 Duck Spring Rolls,G,true,1920,https://ecom-su-static-prod.wtrecom.com/images/products/3/LN_659314_BP_3.jpg,https://www.waitrose.com/ecom/products/waitrose-chinese-6-duck-spring-rolls/659314-170926-170927,Waitrose Chinese 6 Duck Spring Rolls,216g,£3.90,£18.06/kg,£12 South East & East Asian Meal Deal : Add 2 Mains & 2 Sides,Fresh & Chilled
764742,Nush Almond Raspberry Dairy Free Yogurt Alternative,G,false,1921,https://ecom-su-static-prod.wtrecom.com/images/products/3/LN_764742_BP_3.jpg,https://www.waitrose.com/ecom/products/nush-almond-raspberry-dairy-free-yogurt-alternative/764742-724020-724021,Nush Almond Raspberry Dairy Free Yogurt Alternative,350g,£3.25,92.9p/100g,,Fresh & Chilled
796370,The Collective Strawberry Dairy Free Suckies Kids Yogurts,G,false,1922,https://ecom-su-static-prod.wtrecom.com/images/products/3/LN_796370_BP_3.jpg,https://www.waitrose.com/ecom/products/the-collective-strawberry-dairy-free-suckies-kids-yogurts/796370-789006-789007,The Collective Strawberry Dairy Free Suckies Kids Yogurts,85g,£1.00,£1.18/100g,,Fresh & Chilled
839097,Cully & Sully Smoked Haddock & Salmon Chowder,G,false,1923,https://ecom-su-static-prod.wtrecom.com/images/products/3/LN_839097_BP_3.jpg,https://www.waitrose.com/ecom/products/cully-sully-smoked-haddock-salmon-chowder/839097-810574-810575,Cully & Sully Smoked Haddock & Salmon Chowder,400g,£2.40,60p/100g,,Fresh & Chilled
454650,Belton Farm Red Fox Aged Red Leicester Cheese,G,true,1924,https://ecom-su-static-prod.wtrecom.com/images/products/3/LN_454650_BP_3.jpg,https://www.waitrose.com/ecom/products/belton-farm-red-fox-aged-red-leicester-cheese/454650-597687-597688,Belton Farm Red Fox Aged Red Leicester Cheese,200g,£2.65,£13.25/kg,save 50p. Was £3.15,Fresh & Chilled
089717,Waitrose Chargrilled Vegetable Sauce & Olives,G,false,1925,https://ecom-su-static-prod.wtrecom.com/images/products/3/LN_089717_BP_3.jpg,https://www.waitrose.com/ecom/products/waitrose-chargrilled-vegetable-sauce-olives/089717-46268-46269,Waitrose Chargrilled Vegetable Sauce & Olives,350g,£2.95,84.3p/100g,,Fresh & Chilled
059647,"No.1 Free Range Corn Fed Chicken Drumsticks, Skin-on & Bone-in",G,false,1926,https://ecom-su-static-prod.wtrecom.com/images/products/3/LN_059647_BP_3.jpg,https://www.waitrose.com/ecom/products/no1-free-range-corn-fed-chicken-drumsticks-skin-on-bone-in/059647-30088-30089,"No.1 Free Range Corn Fed Chicken Drumsticks, Skin-on & Bone-in",Typical weight 0.47kg,£3.29 each est.,£7.00/kg,,Fresh & Chilled
680359,No.1 Butternut & Sage Risotto for 2,G,true,1927,https://ecom-su-static-prod.wtrecom.com/images/products/3/LN_680359_BP_3.jpg,https://www.waitrose.com/ecom/products/no1-butternut-sage-risotto-for-2/680359-810953-810954,No.1 Butternut & Sage Risotto for 2,700g,£9.00,£12.86/kg,£12 Our Very Best Dine In: Add Main + Side + Starter or Dessert,Fresh & Chilled
024909,Clarence Court Braddock Whites FR Duck Eggs,G,false,1928,https://ecom-su-static-prod.wtrecom.com/images/products/3/LN_024909_BP_3.jpg,https://www.waitrose.com/ecom/products/clarence-court-braddock-whites-fr-duck-eggs/024909-12070-12071,Clarence Court Braddock Whites FR Duck Eggs,6s,£4.50,75p each,,Fresh & Chilled
603301,GoodLife Frozen Vegan Spicy Bean Burgers,G,true,1929,https://ecom-su-static-prod.wtrecom.com/images/products/3/LN_603301_BP_3.jpg,https://www.waitrose.com/ecom/products/goodlife-frozen-vegan-spicy-bean-burgers/603301-380355-380356,GoodLife Frozen Vegan Spicy Bean Burgers,454g,£2.80,£6.17/kg,save 50p. Was £3.30,Fresh & Chilled
645255,Little Dish Mild Chicken Tikka,G,false,1930,https://ecom-su-static-prod.wtrecom.com/images/products/3/LN_645255_BP_3.jpg,https://www.waitrose.com/ecom/products/little-dish-mild-chicken-tikka/645255-823144-823145,Little Dish Mild Chicken Tikka,200g,£3.00,£1.50/100g,,Fresh & Chilled
603600,Fage Total 2% Fat Natural Greek Yogurt Large,G,false,1931,https://ecom-su-static-prod.wtrecom.com/images/products/3/LN_603600_BP_3.jpg,https://www.waitrose.com/ecom/products/fage-total-2-fat-natural-greek-yogurt-large/603600-788922-788923,Fage Total 2% Fat Natural Greek Yogurt Large,950g,£5.80,61.1p/100g,,Fresh & Chilled
862283,Lindahls Kvarg Vanilla High Protein Yogurt Single,G,true,1932,https://ecom-su-static-prod.wtrecom.com/images/products/3/LN_862283_BP_3.jpg,https://www.waitrose.com/ecom/products/lindahls-kvarg-vanilla-high-protein-yogurt-single/862283-653781-653782,Lindahls Kvarg Vanilla High Protein Yogurt Single,150g,£1.30,86.7p/100g,Add 2 for £1.50,Fresh & Chilled
814038,Waitrose Chinese Chicken with Cashew Nuts for 2,G,true,1933,https://ecom-su-static-prod.wtrecom.com/images/products/3/LN_814038_BP_3.jpg,https://www.waitrose.com/ecom/products/waitrose-chinese-chicken-with-cashew-nuts-for-2/814038-171384-171385,Waitrose Chinese Chicken with Cashew Nuts for 2,350g,£5.10,£14.58/kg,£12 South East & East Asian Meal Deal : Add 2 Mains & 2 Sides,Fresh & Chilled
874033,"Innocent Kids Cherries, Strawberries & Apples Fruit Smoothies",G,false,1934,https://ecom-su-static-prod.wtrecom.com/images/products/3/LN_874033_BP_3.jpg,https://www.waitrose.com/ecom/products/innocent-kids-cherries-strawberries-apples-fruit-smoothies/874033-722672-722673,"Innocent Kids Cherries, Strawberries & Apples Fruit Smoothies",4x150ml,£3.80,63.3p/100ml,,Fresh & Chilled
729284,Quorn Picnic Eggs,G,false,1935,https://ecom-su-static-prod.wtrecom.com/images/products/3/LN_729284_BP_3.jpg,https://www.waitrose.com/ecom/products/quorn-picnic-eggs/729284-825201-825202,Quorn Picnic Eggs,240g,£2.95,£1.23/100g,,Fresh & Chilled
831590,Essential British Finely Sliced Smoked Ham,G,false,1936,https://ecom-su-static-prod.wtrecom.com/images/products/3/LN_831590_BP_3.jpg,https://www.waitrose.com/ecom/products/essential-british-finely-sliced-smoked-ham/831590-724929-724930,Essential British Finely Sliced Smoked Ham,2x130g,£3.45,£1.33/100g,,Fresh & Chilled
661586,Bold Bean Co Organic Chick Peas,G,false,1937,https://ecom-su-static-prod.wtrecom.com/images/products/3/LN_661586_BP_3.jpg,https://www.waitrose.com/ecom/products/bold-bean-co-organic-chick-peas/661586-780693-780694,Bold Bean Co Organic Chick Peas,700g,£4.00,£8/kg,,Fresh & Chilled
815854,Arla Skyr Strawberry Icelandic High Protein Fat Free Yogurt,G,false,1938,https://ecom-su-static-prod.wtrecom.com/images/products/3/LN_815854_BP_3.jpg,https://www.waitrose.com/ecom/products/arla-skyr-strawberry-icelandic-high-protein-fat-free-yogurt/815854-653697-653698,Arla Skyr Strawberry Icelandic High Protein Fat Free Yogurt,450g,£2.35,52.2p/100g,,Fresh & Chilled
556245,Waitrose Classics Braised Beef & Mash for 1,G,false,1939,https://ecom-su-static-prod.wtrecom.com/images/products/3/LN_556245_BP_3.jpg,https://www.waitrose.com/ecom/products/waitrose-classics-braised-beef-mash-for-1/556245-759066-759067,Waitrose Classics Braised Beef & Mash for 1,450g,£4.50,£10/kg,,Fresh & Chilled
574625,Waitrose Greek Salad Antipasti,G,true,1940,https://ecom-su-static-prod.wtrecom.com/images/products/3/LN_574625_BP_3.jpg,https://www.waitrose.com/ecom/products/waitrose-greek-salad-antipasti/574625-803608-803609,Waitrose Greek Salad Antipasti,170g,£4.00,£2.36/100g,Add 2 for £5.50,Fresh & Chilled
521224,Essential British Pork Shoulder Joint,G,false,1941,https://ecom-su-static-prod.wtrecom.com/images/products/3/LN_521224_BP_3.jpg,https://www.waitrose.com/ecom/products/essential-british-pork-shoulder-joint/521224-721214-721215,Essential British Pork Shoulder Joint,Typical weight 1.16kg,£6.67 each est.,£5.75/kg,,Fresh & Chilled
790789,Tom Parker Creamery Free Range Double Cream,G,true,1942,https://ecom-su-static-prod.wtrecom.com/images/products/3/LN_790789_BP_3.jpg,https://www.waitrose.com/ecom/products/tom-parker-creamery-free-range-double-cream/790789-801478-801479,Tom Parker Creamery Free Range Double Cream,250ml,£1.65,66p/100ml,25% Off. Was £2.20,Fresh & Chilled
808556,Waitrose Orange Melon Chunks,G,false,1943,https://ecom-su-static-prod.wtrecom.com/images/products/3/LN_808556_BP_3.jpg,https://www.waitrose.com/ecom/products/waitrose-orange-melon-chunks/808556-772488-772489,Waitrose Orange Melon Chunks,250g,£2.70,£1.08/100g,,Fresh & Chilled
592983,Waitrose 8 Honey & Rosemary Pork Chipolatas,G,false,1944,https://ecom-su-static-prod.wtrecom.com/images/products/3/LN_592983_BP_3.jpg,https://www.waitrose.com/ecom/products/waitrose-8-honey-rosemary-pork-chipolatas/592983-84051-84052,Waitrose 8 Honey & Rosemary Pork Chipolatas,324g,£4.75,£14.67/kg,,Fresh & Chilled
546049,No. 1 Rouzaire Brie de Meaux Brie Cheese Strength 5,G,false,1945,https://ecom-su-static-prod.wtrecom.com/images/products/3/LN_546049_BP_3.jpg,https://www.waitrose.com/ecom/products/no-1-rouzaire-brie-de-meaux-brie-cheese-strength-5/546049-497826-497827,No. 1 Rouzaire Brie de Meaux Brie Cheese Strength 5,200g,£4.25,£21.25/kg,,Fresh & Chilled
600851,Cook's ingredients Soft White Bread Crumbs,G,false,1946,https://ecom-su-static-prod.wtrecom.com/images/products/3/LN_600851_BP_3.jpg,https://www.waitrose.com/ecom/products/cooks-ingredients-soft-white-bread-crumbs/600851-85187-85188,Cook's ingredients Soft White Bread Crumbs,200g,£1.70,85p/100g,,Fresh & Chilled
543082,Duchy Organic Cheddar Cheese Sticks Strength 4,G,false,1947,https://ecom-su-static-prod.wtrecom.com/images/products/3/LN_543082_BP_3.jpg,https://www.waitrose.com/ecom/products/duchy-organic-cheddar-cheese-sticks-strength-4/543082-723556-723557,Duchy Organic Cheddar Cheese Sticks Strength 4,7x20g,£2.20,£15.72/kg,,Fresh & Chilled
845784,The Tofoo Co. Tempeh,G,false,1948,https://ecom-su-static-prod.wtrecom.com/images/products/3/LN_845784_BP_3.jpg,https://www.waitrose.com/ecom/products/the-tofoo-co-tempeh/845784-706723-706724,The Tofoo Co. Tempeh,200g,£2.95,£14.75/kg,,Fresh & Chilled
566977,"Innocent Energise, Strawberry & Cherry High Vitamin Fruit Super Smoothie",G,false,1949,https://ecom-su-static-prod.wtrecom.com/images/products/3/LN_566977_BP_3.jpg,https://www.waitrose.com/ecom/products/innocent-energise-strawberry-cherry-high-vitamin-fruit-super-smoothie/566977-722093-722094,"Innocent Energise, Strawberry & Cherry High Vitamin Fruit Super Smoothie",750ml,£4.75,63.3p/100ml,,Fresh & Chilled
791863,Muller Bliss Marscapone Style Peach & Apricot Yogurts,G,false,1950,https://ecom-su-static-prod.wtrecom.com/images/products/3/LN_791863_BP_3.jpg,https://www.waitrose.com/ecom/products/muller-bliss-marscapone-style-peach-apricot-yogurts/791863-807062-807063,Muller Bliss Marscapone Style Peach & Apricot Yogurts,4x100g,£2.85,71.3p/100g,,Fresh & Chilled
767165,Essential Medium Cheddar Cheese Strength 3 Extra Large,G,false,1951,https://ecom-su-static-prod.wtrecom.com/images/products/3/LN_767165_BP_3.jpg,https://www.waitrose.com/ecom/products/essential-medium-cheddar-cheese-strength-3-extra-large/767165-109091-109092,Essential Medium Cheddar Cheese Strength 3 Extra Large,750g,£4.95,£6.60/kg,,Fresh & Chilled
031420,Alpro Plain Soya Natural Dairy Free Yogurt Alternative,G,true,1952,https://ecom-su-static-prod.wtrecom.com/images/products/3/LN_031420_BP_3.jpg,https://www.waitrose.com/ecom/products/alpro-plain-soya-natural-dairy-free-yogurt-alternative/031420-15305-15306,Alpro Plain Soya Natural Dairy Free Yogurt Alternative,500g,£1.50,30p/100g,save 70p. Was £2.20,Fresh & Chilled
467411,Charlie Bigham's Chicken & Mushroom Ceramic Pie,G,true,1953,https://ecom-su-static-prod.wtrecom.com/images/products/3/LN_467411_BP_3.jpg,https://www.waitrose.com/ecom/products/charlie-bighams-chicken-mushroom-ceramic-pie/467411-810888-810889,Charlie Bigham's Chicken & Mushroom Ceramic Pie,300g,£6.00,£2/100g,Add 2 for £11,Fresh & Chilled
506662,Waitrose Swiss Grated Gruyere Cheese Strength 3,G,false,1954,https://ecom-su-static-prod.wtrecom.com/images/products/3/LN_506662_BP_3.jpg,https://www.waitrose.com/ecom/products/waitrose-swiss-grated-gruyere-cheese-strength-3/506662-71604-71605,Waitrose Swiss Grated Gruyere Cheese Strength 3,200g,£3.90,£19.50/kg,,Fresh & Chilled
809848,Waitrose Petit Pois with Leeks & Pancetta,G,false,1955,https://ecom-su-static-prod.wtrecom.com/images/products/3/LN_809848_BP_3.jpg,https://www.waitrose.com/ecom/products/waitrose-petit-pois-with-leeks-pancetta/809848-605198-605199,Waitrose Petit Pois with Leeks & Pancetta,250g,£2.90,£11.60/kg,,Fresh & Chilled
698895,Waitrose Classic Steak & Kidney Puddings,G,false,1956,https://ecom-su-static-prod.wtrecom.com/images/products/3/LN_698895_BP_3.jpg,https://www.waitrose.com/ecom/products/waitrose-classic-steak-kidney-puddings/698895-233213-233214,Waitrose Classic Steak & Kidney Puddings,2x190g,£4.75,£1.25/100g,,Fresh & Chilled
735495,Waitrose Indian Spinach Dal,G,false,1957,https://ecom-su-static-prod.wtrecom.com/images/products/3/LN_735495_BP_3.jpg,https://www.waitrose.com/ecom/products/waitrose-indian-spinach-dal/735495-104548-104549,Waitrose Indian Spinach Dal,300g,£2.85,£9.50/kg,,Fresh & Chilled
008471,Pizza Express Dough Balls with Garlic Butter,G,false,1958,https://ecom-su-static-prod.wtrecom.com/images/products/3/LN_008471_BP_3.jpg,https://www.waitrose.com/ecom/products/pizza-express-dough-balls-with-garlic-butter/008471-4032-4032,Pizza Express Dough Balls with Garlic Butter,200g,£3.85,£1.93/100g,,Fresh & Chilled
498037,Taifun Smoked Tofu,G,false,1959,https://ecom-su-static-prod.wtrecom.com/images/products/3/LN_498037_BP_3.jpg,https://www.waitrose.com/ecom/products/taifun-smoked-tofu/498037-70368-70369,Taifun Smoked Tofu,200g,£5.00,£25/kg,,Fresh & Chilled
048895,No.1 Free Range Beech Smoked Back Bacon,G,false,1960,https://ecom-su-static-prod.wtrecom.com/images/products/3/LN_048895_BP_3.jpg,https://www.waitrose.com/ecom/products/no1-free-range-beech-smoked-back-bacon/048895-24330-24331,No.1 Free Range Beech Smoked Back Bacon,200g,£4.75,£23.75/kg,,Fresh & Chilled
522314,Waitrose Red Leicester Cheese & Sriracha Burger Melts,G,false,1961,https://ecom-su-static-prod.wtrecom.com/images/products/3/LN_522314_BP_3.jpg,https://www.waitrose.com/ecom/products/waitrose-red-leicester-cheese-sriracha-burger-melts/522314-824446-824447,Waitrose Red Leicester Cheese & Sriracha Burger Melts,140g,£2.50,£17.86/kg,,Fresh & Chilled
571194,No.1 Matice Melon,G,true,1962,https://ecom-su-static-prod.wtrecom.com/images/products/3/LN_571194_BP_3.jpg,https://www.waitrose.com/ecom/products/no1-matice-melon/571194-601706-601707,No.1 Matice Melon,Each,£3.16,£3.16 each,20% Off. Was £3.95,Fresh & Chilled
498883,Waitrose Watermelon,G,false,1963,https://ecom-su-static-prod.wtrecom.com/images/products/3/LN_498883_BP_3.jpg,https://www.waitrose.com/ecom/products/waitrose-watermelon/498883-697998-697999,Waitrose Watermelon,450g,£3.95,87.8p/100g,,Fresh & Chilled
469362,Naturli' Organic Vegan Spreadable Butter Alternative,G,true,1964,https://ecom-su-static-prod.wtrecom.com/images/products/3/LN_469362_BP_3.jpg,https://www.waitrose.com/ecom/products/naturli-organic-vegan-spreadable-butter-alternative/469362-778168-778169,Naturli' Organic Vegan Spreadable Butter Alternative,450g,£3.50,77.8p/100g,save £1.00. Was £4.50,Fresh & Chilled
727723,Waitrose 2 Tandoori Garlic & Coriander Naans,G,false,1965,https://ecom-su-static-prod.wtrecom.com/images/products/3/LN_727723_BP_3.jpg,https://www.waitrose.com/ecom/products/waitrose-2-tandoori-garlic-coriander-naans/727723-803530-803531,Waitrose 2 Tandoori Garlic & Coriander Naans,2x130g,£2.75,£1.06/100g,,Fresh & Chilled
848540,Maille Hollandaise Sauce,G,false,1966,https://ecom-su-static-prod.wtrecom.com/images/products/3/LN_848540_BP_3.jpg,https://www.waitrose.com/ecom/products/maille-hollandaise-sauce/848540-810484-810485,Maille Hollandaise Sauce,185g,£2.90,£1.57/100g,,Fresh & Chilled
828993,Innocent Pure Tropical Fruit Juice Large,G,true,1967,https://ecom-su-static-prod.wtrecom.com/images/products/3/LN_828993_BP_3.jpg,https://www.waitrose.com/ecom/products/innocent-pure-tropical-fruit-juice-large/828993-254714-254715,Innocent Pure Tropical Fruit Juice Large,1.35litre,£3.00,22.2p/100ml,save £1.30. Was £4.30,Fresh & Chilled
006832,Waitrose Sunflower Seeds,G,false,1968,https://ecom-su-static-prod.wtrecom.com/images/products/3/LN_006832_BP_3.jpg,https://www.waitrose.com/ecom/products/waitrose-sunflower-seeds/006832-3079-3080,Waitrose Sunflower Seeds,100g,£1.25,£12.50/kg,,Fresh & Chilled
671963,Waitrose Classics Beef Casserole with Suet Dumplings for 1,G,false,1969,https://ecom-su-static-prod.wtrecom.com/images/products/3/LN_671963_BP_3.jpg,https://www.waitrose.com/ecom/products/waitrose-classics-beef-casserole-with-suet-dumplings-for-1/671963-759124-759125,Waitrose Classics Beef Casserole with Suet Dumplings for 1,450g,£4.50,£10/kg,,Fresh & Chilled
044134,Flora Lighter Dairy Spread,G,true,1970,https://ecom-su-static-prod.wtrecom.com/images/products/3/LN_044134_BP_3.jpg,https://www.waitrose.com/ecom/products/flora-lighter-dairy-spread/044134-21733-21734,Flora Lighter Dairy Spread,450g,£1.50,£3.34/kg,save £1.00. Was £2.50,Fresh & Chilled
477207,Finnebrogue Naked Pork Sausages 6s 400g,G,false,1971,https://ecom-su-static-prod.wtrecom.com/images/products/3/LN_477207_BP_3.jpg,https://www.waitrose.com/ecom/products/finnebrogue-naked-pork-sausages-6s-400g/477207-692710-692711,Finnebrogue Naked Pork Sausages 6s 400g,400g,£3.75,£9.38/kg,,Fresh & Chilled
747831,No. 1 English Apple Juice,G,false,1972,https://ecom-su-static-prod.wtrecom.com/images/products/3/LN_747831_BP_3.jpg,https://www.waitrose.com/ecom/products/no-1-english-apple-juice/747831-703755-703756,No. 1 English Apple Juice,1litre,£3.40,34p/100ml,,Fresh & Chilled
628292,"Waitrose 2 Sea Bass Fillets, Tomatoes and Olives",G,true,1973,https://ecom-su-static-prod.wtrecom.com/images/products/3/LN_628292_BP_3.jpg,https://www.waitrose.com/ecom/products/waitrose-2-sea-bass-fillets-tomatoes-and-olives/628292-362359-362360,"Waitrose 2 Sea Bass Fillets, Tomatoes and Olives",320g,£6.18,£19.32/kg,25% Off. Was £8.25,Fresh & Chilled
894082,Charlie Bigham's Chilli Con Carne & Mexican Rice for 2,G,false,1974,https://ecom-su-static-prod.wtrecom.com/images/products/3/LN_894082_BP_3.jpg,https://www.waitrose.com/ecom/products/charlie-bighams-chilli-con-carne-mexican-rice-for-2/894082-337486-337487,Charlie Bigham's Chilli Con Carne & Mexican Rice for 2,840g,£9.50,£11.31/kg,,Fresh & Chilled
388435,Waitrose Extra Large King Prawns ASC,G,true,1975,https://ecom-su-static-prod.wtrecom.com/images/products/3/LN_388435_BP_3.jpg,https://www.waitrose.com/ecom/products/waitrose-extra-large-king-prawns-asc/388435-54604-54605,Waitrose Extra Large King Prawns ASC,220g,£5.43,£2.47/100g,25% Off. Was £7.25,Fresh & Chilled
814688,Flora Plant Salted Butter Alternative,G,false,1976,https://ecom-su-static-prod.wtrecom.com/images/products/3/LN_814688_BP_3.jpg,https://www.waitrose.com/ecom/products/flora-plant-salted-butter-alternative/814688-747882-747883,Flora Plant Salted Butter Alternative,200g,£1.85,£9.25/kg,,Fresh & Chilled
499276,"Waitrose Ciabatta Croutons Black Pepper, Salt",G,false,1977,https://ecom-su-static-prod.wtrecom.com/images/products/3/LN_499276_BP_3.jpg,https://www.waitrose.com/ecom/products/waitrose-ciabatta-croutons-black-pepper-salt/499276-420163-420164,"Waitrose Ciabatta Croutons Black Pepper, Salt",100g,£1.20,£1.20/100g,,Fresh & Chilled
817062,"Higgidy Sweet Potato, Feta Pie, Pumpkin Seeds",G,false,1978,https://ecom-su-static-prod.wtrecom.com/images/products/3/LN_817062_BP_3.jpg,https://www.waitrose.com/ecom/products/higgidy-sweet-potato-feta-pie-pumpkin-seeds/817062-210242-210243,"Higgidy Sweet Potato, Feta Pie, Pumpkin Seeds",250g,£4.95,£1.98/100g,,Fresh & Chilled
037062,Aspall Organic Red Wine Vinegar,G,true,1979,https://ecom-su-static-prod.wtrecom.com/images/products/3/LN_037062_BP_3.jpg,https://www.waitrose.com/ecom/products/aspall-organic-red-wine-vinegar/037062-18561-18562,Aspall Organic Red Wine Vinegar,350ml,£1.70,48.6p/100ml,20% Off. Was £2.15,Fresh & Chilled
622083,Waitrose Hot Smoked Scottish Salmon Slices,G,false,1980,https://ecom-su-static-prod.wtrecom.com/images/products/3/LN_622083_BP_3.jpg,https://www.waitrose.com/ecom/products/waitrose-hot-smoked-scottish-salmon-slices/622083-229905-229906,Waitrose Hot Smoked Scottish Salmon Slices,150g,£6.75,£4.50/100g,,Fresh & Chilled
678588,No.1 Wild Alaskan Sockeye Salmon,G,true,1981,https://ecom-su-static-prod.wtrecom.com/images/products/3/LN_678588_BP_3.jpg,https://www.waitrose.com/ecom/products/no1-wild-alaskan-sockeye-salmon/678588-679555-679556,No.1 Wild Alaskan Sockeye Salmon,400g,£10.50,£26.25/kg,25% Off. Was £14.00,Fresh & Chilled
423056,Innocent Kids Apples & Blackcurrants Fruit Smoothies,G,false,1982,https://ecom-su-static-prod.wtrecom.com/images/products/3/LN_423056_BP_3.jpg,https://www.waitrose.com/ecom/products/innocent-kids-apples-blackcurrants-fruit-smoothies/423056-721811-721812,Innocent Kids Apples & Blackcurrants Fruit Smoothies,4x150ml,£3.80,63.3p/100ml,,Fresh & Chilled
025234,Little Dish Classic Fish Pie,G,false,1983,https://ecom-su-static-prod.wtrecom.com/images/products/3/LN_025234_BP_3.jpg,https://www.waitrose.com/ecom/products/little-dish-classic-fish-pie/025234-12262-12263,Little Dish Classic Fish Pie,200g,£3.00,£1.50/100g,,Fresh & Chilled
744230,The Jolly Hog 6 Black Treacle Bacon Rashers,G,true,1984,https://ecom-su-static-prod.wtrecom.com/images/products/3/LN_744230_BP_3.jpg,https://www.waitrose.com/ecom/products/the-jolly-hog-6-black-treacle-bacon-rashers/744230-791943-791944,The Jolly Hog 6 Black Treacle Bacon Rashers,300g,£4.95,£16.50/kg,Add 3 for £12,Fresh & Chilled
747486,Waitrose Indian Lamb Samosas,G,false,1985,https://ecom-su-static-prod.wtrecom.com/images/products/3/LN_747486_BP_3.jpg,https://www.waitrose.com/ecom/products/waitrose-indian-lamb-samosas/747486-740845-740846,Waitrose Indian Lamb Samosas,200g,£3.25,£16.25/kg,,Fresh & Chilled
036003,Alpro Chocolate Dairy Free Vegan Soya Dessert,G,false,1986,https://ecom-su-static-prod.wtrecom.com/images/products/3/LN_036003_BP_3.jpg,https://www.waitrose.com/ecom/products/alpro-chocolate-dairy-free-vegan-soya-dessert/036003-18080-18081,Alpro Chocolate Dairy Free Vegan Soya Dessert,4x125g,£2.10,42p/100g,,Fresh & Chilled
052029,Dickinson & Morris Melton Mowbray Pork Pie,G,true,1987,https://ecom-su-static-prod.wtrecom.com/images/products/3/LN_052029_BP_3.jpg,https://www.waitrose.com/ecom/products/dickinson-morris-melton-mowbray-pork-pie/052029-25896-25897,Dickinson & Morris Melton Mowbray Pork Pie,145g,£1.80,£1.25/100g,save 50p. Was £2.30,Fresh & Chilled
821090,Essential British Lamb Chops,G,false,1988,https://ecom-su-static-prod.wtrecom.com/images/products/3/LN_821090_BP_3.jpg,https://www.waitrose.com/ecom/products/essential-british-lamb-chops/821090-428314-428315,Essential British Lamb Chops,364g,£9.50,£26.10/kg,,Fresh & Chilled
582173,"Waitrose Carrot, Broccoli, Beans & Baby Corn",G,false,1989,https://ecom-su-static-prod.wtrecom.com/images/products/3/LN_582173_BP_3.jpg,https://www.waitrose.com/ecom/products/waitrose-carrot-broccoli-beans-baby-corn/582173-82527-82528,"Waitrose Carrot, Broccoli, Beans & Baby Corn",340g,£2.55,75p/100g,,Fresh & Chilled
712504,No.1 Free Range Corn Fed Diced Chicken Breast Fillets,G,false,1990,https://ecom-su-static-prod.wtrecom.com/images/products/3/LN_712504_BP_3.jpg,https://www.waitrose.com/ecom/products/no1-free-range-corn-fed-diced-chicken-breast-fillets/712504-661921-661922,No.1 Free Range Corn Fed Diced Chicken Breast Fillets,300g,£5.50,£18.34/kg,,Fresh & Chilled
408652,Rude Health Hazelnut Long Life Organic Milk Alternative,G,true,1991,https://ecom-su-static-prod.wtrecom.com/images/products/3/LN_408652_BP_3.jpg,https://www.waitrose.com/ecom/products/rude-health-hazelnut-long-life-organic-milk-alternative/408652-558155-558156,Rude Health Hazelnut Long Life Organic Milk Alternative,1litre,£2.50,£2.50/litre,Add 2 for £3.80,Fresh & Chilled
696854,Root Zero Potatoes,G,false,1992,https://ecom-su-static-prod.wtrecom.com/images/products/3/LN_696854_BP_3.jpg,https://www.waitrose.com/ecom/products/root-zero-potatoes/696854-794100-794101,Root Zero Potatoes,1.5Kg,£1.95,13p/100g,,Fresh & Chilled
424142,Waitrose Sweet Kingdom Mini Carrots,G,true,1993,https://ecom-su-static-prod.wtrecom.com/images/products/3/LN_424142_BP_3.jpg,https://www.waitrose.com/ecom/products/waitrose-sweet-kingdom-mini-carrots/424142-756332-756333,Waitrose Sweet Kingdom Mini Carrots,80g,£1.20,£1.50/100g,Add 3 for £3,Fresh & Chilled
659663,Waitrose Scallops,G,false,1994,https://ecom-su-static-prod.wtrecom.com/images/products/3/LN_659663_BP_3.jpg,https://www.waitrose.com/ecom/products/waitrose-scallops/659663-703034-703035,Waitrose Scallops,125g,£5.95,£47.60/kg,,Fresh & Chilled
642125,Belazu Gordo Especial Chickpeas,G,false,1995,https://ecom-su-static-prod.wtrecom.com/images/products/3/LN_642125_BP_3.jpg,https://www.waitrose.com/ecom/products/belazu-gordo-especial-chickpeas/642125-818722-818723,Belazu Gordo Especial Chickpeas,370g,£2.75,£7.44/kg,,Fresh & Chilled
004242,Duchy Organic British Beef Roasting Joint,G,false,1996,https://ecom-su-static-prod.wtrecom.com/images/products/3/LN_004242_BP_3.jpg,https://www.waitrose.com/ecom/products/duchy-organic-british-beef-roasting-joint/004242-1739-1740,Duchy Organic British Beef Roasting Joint,Typical weight 0.54kg,£9.93 each est.,£18.49/kg,,Fresh & Chilled
733636,Waitrose Salt Beef & Mustard Mayo Sandwich,G,true,1997,https://ecom-su-static-prod.wtrecom.com/images/products/3/LN_733636_BP_3.jpg,https://www.waitrose.com/ecom/products/waitrose-salt-beef-mustard-mayo-sandwich/733636-645232-645233,Waitrose Salt Beef & Mustard Mayo Sandwich,each,£4.50,£4.50 each,"£5 Food to Go Meal Deal: Add 1 Main, 1 Snack and 1 Drink",Fresh & Chilled
095922,President Grated Emmental Cheese,G,false,1998,https://ecom-su-static-prod.wtrecom.com/images/products/3/LN_095922_BP_3.jpg,https://www.waitrose.com/ecom/products/president-grated-emmental-cheese/095922-49124-49125,President Grated Emmental Cheese,200g,£2.90,£14.50/kg,,Fresh & Chilled
489078,Bonne Maman Pear & Chocolate Mousse,G,true,1999,https://ecom-su-static-prod.wtrecom.com/images/products/3/LN_489078_BP_3.jpg,https://www.waitrose.com/ecom/products/bonne-maman-pear-chocolate-mousse/489078-779911-779912,Bonne Maman Pear & Chocolate Mousse,180g,£1.50,83.3p/100g,save £1.15. Was £2.65,Fresh & Chilled
082356,No. 1 Colston Bassett Blue Stilton Cheese,G,false,2000,https://ecom-su-static-prod.wtrecom.com/images/products/3/LN_082356_BP_3.jpg,https://www.waitrose.com/ecom/products/no-1-colston-bassett-blue-stilton-cheese/082356-41897-41898,No. 1 Colston Bassett Blue Stilton Cheese,Typical weight 200g,£4.00 each est.,£2.00/100g,,Fresh & Chilled
505099,Vadasz Raw Garlic & Dill Sauerkraut,G,true,2001,https://ecom-su-static-prod.wtrecom.com/images/products/3/LN_505099_BP_3.jpg,https://www.waitrose.com/ecom/products/vadasz-raw-garlic-dill-sauerkraut/505099-707414-707415,Vadasz Raw Garlic & Dill Sauerkraut,400g,£3.56,89p/100g,25% Off. Was £4.75,Fresh & Chilled
809610,Flora Plant Butter Spreadable,G,false,2002,https://ecom-su-static-prod.wtrecom.com/images/products/3/LN_809610_BP_3.jpg,https://www.waitrose.com/ecom/products/flora-plant-butter-spreadable/809610-778186-778187,Flora Plant Butter Spreadable,400g,£3.15,£7.88/kg,,Fresh & Chilled
699233,Petits Filous Strawberry Drinking Kids Yogurts,G,false,2003,https://ecom-su-static-prod.wtrecom.com/images/products/3/LN_699233_BP_3.jpg,https://www.waitrose.com/ecom/products/petits-filous-strawberry-drinking-kids-yogurts/699233-727502-727503,Petits Filous Strawberry Drinking Kids Yogurts,4x100g,£2.50,62.5p/100g,,Fresh & Chilled
053634,Easy To Cook Whole Deboned Chicken & Tomato,G,false,2004,https://ecom-su-static-prod.wtrecom.com/images/products/3/LN_053634_BP_3.jpg,https://www.waitrose.com/ecom/products/easy-to-cook-whole-deboned-chicken-tomato/053634-26875-26876,Easy To Cook Whole Deboned Chicken & Tomato,650g,£9.95,£15.31/kg,,Fresh & Chilled
733700,Alpro Oat Milk Long Life Dairy Free Original Milk Alternative,G,true,2005,https://ecom-su-static-prod.wtrecom.com/images/products/3/LN_733700_BP_3.jpg,https://www.waitrose.com/ecom/products/alpro-oat-milk-long-life-dairy-free-original-milk-alternative/733700-311314-311315,Alpro Oat Milk Long Life Dairy Free Original Milk Alternative,1litre,£1.50,£1.50/litre,save 70p. Was £2.20,Fresh & Chilled
804589,Waitrose Indian Keralan Chicken Fry for 2,G,false,2006,https://ecom-su-static-prod.wtrecom.com/images/products/3/LN_804589_BP_3.jpg,https://www.waitrose.com/ecom/products/waitrose-indian-keralan-chicken-fry-for-2/804589-526020-526021,Waitrose Indian Keralan Chicken Fry for 2,300g,£4.95,£16.50/kg,,Fresh & Chilled
750319,Waitrose 2 Lemon & Lime Daisy Cheesecakes,G,true,2007,https://ecom-su-static-prod.wtrecom.com/images/products/3/LN_750319_BP_3.jpg,https://www.waitrose.com/ecom/products/waitrose-2-lemon-lime-daisy-cheesecakes/750319-825207-825208,Waitrose 2 Lemon & Lime Daisy Cheesecakes,2x76g,£3.00,£1.98/100g,25% Off. Was £4.00,Fresh & Chilled
094782,Waitrose British Lamb Half Leg,G,false,2008,https://ecom-su-static-prod.wtrecom.com/images/products/3/LN_094782_BP_3.jpg,https://www.waitrose.com/ecom/products/waitrose-british-lamb-half-leg/094782-48618-48619,Waitrose British Lamb Half Leg,Typical weight 0.9kg,£16.20 each est.,£18.00/kg,,Fresh & Chilled
091902,Ginsters Chicken & Mushroom Slice,G,false,2009,https://ecom-su-static-prod.wtrecom.com/images/products/3/LN_091902_BP_3.jpg,https://www.waitrose.com/ecom/products/ginsters-chicken-mushroom-slice/091902-47316-47317,Ginsters Chicken & Mushroom Slice,170g,£2.00,£1.18/100g,,Fresh & Chilled
480721,Charlie Bigham's Steak & Red Wine Casserole for 2,G,false,2010,https://ecom-su-static-prod.wtrecom.com/images/products/3/LN_480721_BP_3.jpg,https://www.waitrose.com/ecom/products/charlie-bighams-steak-red-wine-casserole-for-2/480721-810901-810902,Charlie Bigham's Steak & Red Wine Casserole for 2,800g,£9.95,£1.25/100g,,Fresh & Chilled
863218,Waitrose King Prawns with Cocktail Sauce,G,true,2011,https://ecom-su-static-prod.wtrecom.com/images/products/3/LN_863218_BP_3.jpg,https://www.waitrose.com/ecom/products/waitrose-king-prawns-with-cocktail-sauce/863218-690672-690673,Waitrose King Prawns with Cocktail Sauce,90g,£2.50,£2.78/100g,"£5 Food to Go Meal Deal: Add 1 Main, 1 Snack and 1 Drink",Fresh & Chilled
039858,Aspall Organic White Wine Vinegar,G,true,2012,https://ecom-su-static-prod.wtrecom.com/images/products/3/LN_039858_BP_3.jpg,https://www.waitrose.com/ecom/products/aspall-organic-white-wine-vinegar/039858-19722-19723,Aspall Organic White Wine Vinegar,350ml,£1.70,48.6p/100ml,20% Off. Was £2.15,Fresh & Chilled
673399,Waitrose Morello Cherry Pie,G,false,2013,https://ecom-su-static-prod.wtrecom.com/images/products/3/LN_673399_BP_3.jpg,https://www.waitrose.com/ecom/products/waitrose-morello-cherry-pie/673399-460173-460174,Waitrose Morello Cherry Pie,550g,£4.00,72.7p/100g,,Fresh & Chilled
401853,Moma Oat Milk Unsweetened Dairy Free Original Milk Alternative,G,false,2014,https://ecom-su-static-prod.wtrecom.com/images/products/3/LN_401853_BP_3.jpg,https://www.waitrose.com/ecom/products/moma-oat-milk-unsweetened-dairy-free-original-milk-alternative/401853-731535-731536,Moma Oat Milk Unsweetened Dairy Free Original Milk Alternative,1litre,£1.90,£1.90/litre,,Fresh & Chilled
024714,"Pizza Express Classic American, Pepperoni",G,false,2015,https://ecom-su-static-prod.wtrecom.com/images/products/3/LN_024714_BP_3.jpg,https://www.waitrose.com/ecom/products/pizza-express-classic-american-pepperoni/024714-11974-11975,"Pizza Express Classic American, Pepperoni",250g,£6.00,£24/kg,,Fresh & Chilled
446315,Waitrose Creamy Lancashire Cheese Strength 3,G,false,2016,https://ecom-su-static-prod.wtrecom.com/images/products/3/LN_446315_BP_3.jpg,https://www.waitrose.com/ecom/products/waitrose-creamy-lancashire-cheese-strength-3/446315-62841-62842,Waitrose Creamy Lancashire Cheese Strength 3,250g,£2.70,£10.80/kg,,Fresh & Chilled
792009,No.1 Hot Smoked Salmon Orzo,G,true,2017,https://ecom-su-static-prod.wtrecom.com/images/products/3/LN_792009_BP_3.jpg,https://www.waitrose.com/ecom/products/no1-hot-smoked-salmon-orzo/792009-805527-805528,No.1 Hot Smoked Salmon Orzo,600g,£9.50,£15.84/kg,£12 Our Very Best Dine In: Add Main + Side + Starter or Dessert,Fresh & Chilled
470802,Yorkshire Provender Chicken & Lentil Soup,G,true,2018,https://ecom-su-static-prod.wtrecom.com/images/products/3/LN_470802_BP_3.jpg,https://www.waitrose.com/ecom/products/yorkshire-provender-chicken-lentil-soup/470802-275638-275639,Yorkshire Provender Chicken & Lentil Soup,560g,£2.65,47.3p/100g,save 55p. Was £3.20,Fresh & Chilled
527589,Waitrose Seedless Grapes,G,false,2019,https://ecom-su-static-prod.wtrecom.com/images/products/3/LN_527589_BP_3.jpg,https://www.waitrose.com/ecom/products/waitrose-seedless-grapes/527589-785944-785945,Waitrose Seedless Grapes,170g,£1.20,£7.06/kg,,Fresh & Chilled
051965,No.1 Apple Danish Tart,G,true,2020,https://ecom-su-static-prod.wtrecom.com/images/products/3/LN_051965_BP_3.jpg,https://www.waitrose.com/ecom/products/no1-apple-danish-tart/051965-25868-25869,No.1 Apple Danish Tart,520g,£4.87,93.7p/100g,25% Off. Was £6.50,Fresh & Chilled
756704,Charlie Bigham's Chicken and Prawn Paella for 2,G,false,2021,https://ecom-su-static-prod.wtrecom.com/images/products/3/LN_756704_BP_3.jpg,https://www.waitrose.com/ecom/products/charlie-bighams-chicken-and-prawn-paella-for-2/756704-781125-781126,Charlie Bigham's Chicken and Prawn Paella for 2,800g,£9.95,£1.25/100g,,Fresh & Chilled
540997,Waitrose Indian Vegetable Snack Selection,G,false,2022,https://ecom-su-static-prod.wtrecom.com/images/products/3/LN_540997_BP_3.jpg,https://www.waitrose.com/ecom/products/waitrose-indian-vegetable-snack-selection/540997-766877-766877,Waitrose Indian Vegetable Snack Selection,328g,£2.85,£8.69/kg,,Fresh & Chilled
807165,Waitrose Sticky Toffee Puddings,G,false,2023,https://ecom-su-static-prod.wtrecom.com/images/products/3/LN_807165_BP_3.jpg,https://www.waitrose.com/ecom/products/waitrose-sticky-toffee-puddings/807165-691956-691957,Waitrose Sticky Toffee Puddings,2x115g,£2.95,£1.29/100g,,Fresh & Chilled
598885,Pieminister Moo Pie,G,true,2024,https://ecom-su-static-prod.wtrecom.com/images/products/3/LN_598885_BP_3.jpg,https://www.waitrose.com/ecom/products/pieminister-moo-pie/598885-84902-84903,Pieminister Moo Pie,270g,£4.70,£1.75/100g,Add 2 for £7.50,Fresh & Chilled
791914,Shaken Udder Strawberry Dream Strawberry Milkshake,G,false,2025,https://ecom-su-static-prod.wtrecom.com/images/products/3/LN_791914_BP_3.jpg,https://www.waitrose.com/ecom/products/shaken-udder-strawberry-dream-strawberry-milkshake/791914-581492-581493,Shaken Udder Strawberry Dream Strawberry Milkshake,330ml,£1.70,£5.16/litre,,Fresh & Chilled
653735,Cooks' Ingredients Turmeric,G,false,2026,https://ecom-su-static-prod.wtrecom.com/images/products/3/LN_653735_BP_3.jpg,https://www.waitrose.com/ecom/products/cooks-ingredients-turmeric/653735-502775-502776,Cooks' Ingredients Turmeric,100g,£1.70,17p/10g,,Fresh & Chilled
695676,Waitrose Mediterranean Chargrilled Vegetables,G,true,2027,https://ecom-su-static-prod.wtrecom.com/images/products/3/LN_695676_BP_3.jpg,https://www.waitrose.com/ecom/products/waitrose-mediterranean-chargrilled-vegetables/695676-421833-421834,Waitrose Mediterranean Chargrilled Vegetables,160g,£4.00,£2.50/100g,Add 2 for £5.50,Fresh & Chilled
396602,Waitrose Tartare Sauce,G,false,2028,https://ecom-su-static-prod.wtrecom.com/images/products/3/LN_396602_BP_3.jpg,https://www.waitrose.com/ecom/products/waitrose-tartare-sauce/396602-237486-237487,Waitrose Tartare Sauce,170g,£2.50,£1.48/100g,,Fresh & Chilled
055020,Applewood Smoky Medium Cheddar Cheese,G,false,2029,https://ecom-su-static-prod.wtrecom.com/images/products/3/LN_055020_BP_3.jpg,https://www.waitrose.com/ecom/products/applewood-smoky-medium-cheddar-cheese/055020-27633-27634,Applewood Smoky Medium Cheddar Cheese,185g,£2.85,£15.41/kg,,Fresh & Chilled
575319,Waitrose 2 MSC Coquilles St Jacques,G,false,2030,https://ecom-su-static-prod.wtrecom.com/images/products/3/LN_575319_BP_3.jpg,https://www.waitrose.com/ecom/products/waitrose-2-msc-coquilles-st-jacques/575319-757105-757106,Waitrose 2 MSC Coquilles St Jacques,300g,£6.50,£21.67/kg,,Fresh & Chilled
890001,Waitrose Hazelnut West Country Yogurt,G,false,2031,https://ecom-su-static-prod.wtrecom.com/images/products/3/LN_890001_BP_3.jpg,https://www.waitrose.com/ecom/products/waitrose-hazelnut-west-country-yogurt/890001-822533-822534,Waitrose Hazelnut West Country Yogurt,150g,£1.00,66.7p/100g,,Fresh & Chilled
419638,Waitrose King Green Kiwi,G,false,2032,https://ecom-su-static-prod.wtrecom.com/images/products/3/LN_419638_BP_3.jpg,https://www.waitrose.com/ecom/products/waitrose-king-green-kiwi/419638-788830-788831,Waitrose King Green Kiwi,Each,£1.00,£1 each,,Fresh & Chilled
085487,Waitrose Globe Artichoke,G,false,2033,https://ecom-su-static-prod.wtrecom.com/images/products/3/LN_085487_BP_3.jpg,https://www.waitrose.com/ecom/products/waitrose-globe-artichoke/085487-43558-43559,Waitrose Globe Artichoke,Each,£2.00,£2 each,,Fresh & Chilled
546288,itsu Vegetable Fusion Gyoza 20s,G,true,2034,https://ecom-su-static-prod.wtrecom.com/images/products/3/LN_546288_BP_3.jpg,https://www.waitrose.com/ecom/products/itsu-vegetable-fusion-gyoza-20s/546288-575550-575551,itsu Vegetable Fusion Gyoza 20s,270g,£3.55,£13.15/kg,20% Off. Was £4.45,Fresh & Chilled
459922,The Butterworks West Country Spreadable Butter,G,false,2035,https://ecom-su-static-prod.wtrecom.com/images/products/3/LN_459922_BP_3.jpg,https://www.waitrose.com/ecom/products/the-butterworks-west-country-spreadable-butter/459922-778526-778527,The Butterworks West Country Spreadable Butter,250g,£2.25,£9/kg,,Fresh & Chilled
403318,Plenish Almond Chilled Unsweetened Organic Milk Alternative,G,true,2036,https://ecom-su-static-prod.wtrecom.com/images/products/3/LN_403318_BP_3.jpg,https://www.waitrose.com/ecom/products/plenish-almond-chilled-unsweetened-organic-milk-alternative/403318-815472-815473,Plenish Almond Chilled Unsweetened Organic Milk Alternative,1litre,£2.00,£2/litre,save 35p. Was £2.35,Fresh & Chilled
025725,Ritter Sport Peppermint,G,false,2037,https://ecom-su-static-prod.wtrecom.com/images/products/3/LN_025725_BP_3.jpg,https://www.waitrose.com/ecom/products/ritter-sport-peppermint/025725-12544-12545,Ritter Sport Peppermint,100g,£1.30,£1.30/100g,,Fresh & Chilled
530361,Jus-Rol Gluten Free Puff Pastry Sheet,G,false,2038,https://ecom-su-static-prod.wtrecom.com/images/products/3/LN_530361_BP_3.jpg,https://www.waitrose.com/ecom/products/jus-rol-gluten-free-puff-pastry-sheet/530361-664917-664918,Jus-Rol Gluten Free Puff Pastry Sheet,280g,£2.45,£8.75/kg,,Fresh & Chilled
628618,Vadasz Super-Beet Kimchi,G,true,2039,https://ecom-su-static-prod.wtrecom.com/images/products/3/LN_628618_BP_3.jpg,https://www.waitrose.com/ecom/products/vadasz-super-beet-kimchi/628618-771195-771196,Vadasz Super-Beet Kimchi,400g,£3.56,89p/100g,25% Off. Was £4.75,Fresh & Chilled
844554,Little Yeos Cherry & Banana and Peach & Mango Organic Yogurts,G,false,2040,https://ecom-su-static-prod.wtrecom.com/images/products/3/LN_844554_BP_3.jpg,https://www.waitrose.com/ecom/products/little-yeos-cherry-banana-and-peach-mango-organic-yogurts/844554-822531-822532,Little Yeos Cherry & Banana and Peach & Mango Organic Yogurts,6x42g,£2.25,89.3p/100g,,Fresh & Chilled
592110,Waitrose Whole Chicken With Barbecue Glaze,G,false,2041,https://ecom-su-static-prod.wtrecom.com/images/products/3/LN_592110_BP_3.jpg,https://www.waitrose.com/ecom/products/waitrose-whole-chicken-with-barbecue-glaze/592110-400173-400174,Waitrose Whole Chicken With Barbecue Glaze,1.5Kg,£6.90,£4.60/kg,,Fresh & Chilled
622172,Waitrose British Pork Belly Joint,G,false,2042,https://ecom-su-static-prod.wtrecom.com/images/products/3/LN_622172_BP_3.jpg,https://www.waitrose.com/ecom/products/waitrose-british-pork-belly-joint/622172-88255-88256,Waitrose British Pork Belly Joint,Typical weight 0.5kg,£4.41 each est.,£8.80/kg,,Fresh & Chilled
439910,Waitrose Goat's Cheese & Red Onion Fiorelli,G,false,2043,https://ecom-su-static-prod.wtrecom.com/images/products/3/LN_439910_BP_3.jpg,https://www.waitrose.com/ecom/products/waitrose-goats-cheese-red-onion-fiorelli/439910-793212-793213,Waitrose Goat's Cheese & Red Onion Fiorelli,250g,£3.60,£1.44/100g,,Fresh & Chilled
405662,The Collective Gourmet Morello Cherry Yogurt,G,true,2044,https://ecom-su-static-prod.wtrecom.com/images/products/3/LN_405662_BP_3.jpg,https://www.waitrose.com/ecom/products/the-collective-gourmet-morello-cherry-yogurt/405662-586366-586367,The Collective Gourmet Morello Cherry Yogurt,425g,£2.00,47.1p/100g,save £1.10. Was £3.10,Fresh & Chilled
497939,Alpro Coconut Long Life Dairy Free Milk Alternative,G,true,2045,https://ecom-su-static-prod.wtrecom.com/images/products/3/LN_497939_BP_3.jpg,https://www.waitrose.com/ecom/products/alpro-coconut-long-life-dairy-free-milk-alternative/497939-344080-344081,Alpro Coconut Long Life Dairy Free Milk Alternative,1litre,£1.50,£1.50/litre,save 70p. Was £2.20,Fresh & Chilled
482955,Nush Almond Vegan Soft Cheese Alternative,G,false,2046,https://ecom-su-static-prod.wtrecom.com/images/products/3/LN_482955_BP_3.jpg,https://www.waitrose.com/ecom/products/nush-almond-vegan-soft-cheese-alternative/482955-724459-724460,Nush Almond Vegan Soft Cheese Alternative,150g,£2.90,£19.34/kg,,Fresh & Chilled
784458,Japan Menyū Chicken Katsu Curry & Rice for 1,G,true,2047,https://ecom-su-static-prod.wtrecom.com/images/products/3/LN_784458_BP_3.jpg,https://www.waitrose.com/ecom/products/japan-meny-chicken-katsu-curry-rice-for-1/784458-811005-811006,Japan Menyū Chicken Katsu Curry & Rice for 1,350g,£4.20,£1.20/100g,20% Off. Was £5.25,Fresh & Chilled
884226,Yeo Valley Organic Greek Recipe 5% Strained Natural Yogurt,G,false,2048,https://ecom-su-static-prod.wtrecom.com/images/products/3/LN_884226_BP_3.jpg,https://www.waitrose.com/ecom/products/yeo-valley-organic-greek-recipe-5-strained-natural-yogurt/884226-726765-726766,Yeo Valley Organic Greek Recipe 5% Strained Natural Yogurt,450g,£3.25,72.2p/100g,,Fresh & Chilled
684381,Linda McCartney's Vegan Lincolnshire Sausages,G,false,2049,https://ecom-su-static-prod.wtrecom.com/images/products/3/LN_684381_BP_3.jpg,https://www.waitrose.com/ecom/products/linda-mccartneys-vegan-lincolnshire-sausages/684381-693824-693825,Linda McCartney's Vegan Lincolnshire Sausages,270g,£2.65,£9.82/kg,,Fresh & Chilled
852154,Waitrose British Beef Bone Marrow,G,false,2050,https://ecom-su-static-prod.wtrecom.com/images/products/3/LN_852154_BP_3.jpg,https://www.waitrose.com/ecom/products/waitrose-british-beef-bone-marrow/852154-319916-319917,Waitrose British Beef Bone Marrow,170g,£2.00,£11.77/kg,,Fresh & Chilled
859774,Gressingham Duck À L'Orange,G,false,2051,https://ecom-su-static-prod.wtrecom.com/images/products/3/LN_859774_BP_3.jpg,https://www.waitrose.com/ecom/products/gressingham-duck-a-lorange/859774-620197-620198,Gressingham Duck À L'Orange,500g,£7.20,£14.40/kg,,Fresh & Chilled
835287,Natoora Ripe Haas Avocado,G,false,2052,https://ecom-su-static-prod.wtrecom.com/images/products/3/LN_835287_BP_3.jpg,https://www.waitrose.com/ecom/products/natoora-ripe-haas-avocado/835287-683350-683351,Natoora Ripe Haas Avocado,Each,£2.40,£2.40 each,,Fresh & Chilled
372399,Waitrose Duck Liver Pâté,G,false,2053,https://ecom-su-static-prod.wtrecom.com/images/products/3/LN_372399_BP_3.jpg,https://www.waitrose.com/ecom/products/waitrose-duck-liver-pate/372399-228915-228916,Waitrose Duck Liver Pâté,160g,£3.00,£1.88/100g,,Fresh & Chilled
447216,Waitrose 16 Cocktail Sausages Wrapped in Bacon,G,false,2054,https://ecom-su-static-prod.wtrecom.com/images/products/3/LN_447216_BP_3.jpg,https://www.waitrose.com/ecom/products/waitrose-16-cocktail-sausages-wrapped-in-bacon/447216-62971-62972,Waitrose 16 Cocktail Sausages Wrapped in Bacon,264g,£5.25,£19.89/kg,,Fresh & Chilled
824344,Alpro Original Chilled Dairy Free Almond Milk Drink,G,false,2055,https://ecom-su-static-prod.wtrecom.com/images/products/3/LN_824344_BP_3.jpg,https://www.waitrose.com/ecom/products/alpro-original-chilled-dairy-free-almond-milk-drink/824344-166791-166792,Alpro Original Chilled Dairy Free Almond Milk Drink,1litre,£2.10,£2.10/litre,,Fresh & Chilled
792403,Oatly! Oat-based Dairy Free Whipping Cream,G,false,2056,https://ecom-su-static-prod.wtrecom.com/images/products/3/LN_792403_BP_3.jpg,https://www.waitrose.com/ecom/products/oatly-oat-based-dairy-free-whipping-cream/792403-756117-756118,Oatly! Oat-based Dairy Free Whipping Cream,250ml,£1.40,56p/100ml,,Fresh & Chilled
818257,Pieminister Free Ranger Pie,G,true,2057,https://ecom-su-static-prod.wtrecom.com/images/products/3/LN_818257_BP_3.jpg,https://www.waitrose.com/ecom/products/pieminister-free-ranger-pie/818257-220318-220319,Pieminister Free Ranger Pie,270g,£4.70,£1.75/100g,Add 2 for £7.50,Fresh & Chilled
467896,President Squirty Spray Whipping Cream,G,true,2058,https://ecom-su-static-prod.wtrecom.com/images/products/3/LN_467896_BP_3.jpg,https://www.waitrose.com/ecom/products/president-squirty-spray-whipping-cream/467896-723675-723676,President Squirty Spray Whipping Cream,250g,£2.00,80p/100g,20% Off. Was £2.50,Fresh & Chilled
532536,Rodda's Classic Cornish Clotted Cream Small,G,false,2059,https://ecom-su-static-prod.wtrecom.com/images/products/3/LN_532536_BP_3.jpg,https://www.waitrose.com/ecom/products/roddas-classic-cornish-clotted-cream-small/532536-683945-683946,Rodda's Classic Cornish Clotted Cream Small,113g,£2.00,£1.77/100g,,Fresh & Chilled
565121,Waitrose 'Nduja Sausage Ravioli,G,false,2060,https://ecom-su-static-prod.wtrecom.com/images/products/3/LN_565121_BP_3.jpg,https://www.waitrose.com/ecom/products/waitrose-nduja-sausage-ravioli/565121-793236-793237,Waitrose 'Nduja Sausage Ravioli,250g,£3.60,£1.44/100g,,Fresh & Chilled
007188,Essential Red Wine Vinegar,G,false,2061,https://ecom-su-static-prod.wtrecom.com/images/products/3/LN_007188_BP_3.jpg,https://www.waitrose.com/ecom/products/essential-red-wine-vinegar/007188-3305-3306,Essential Red Wine Vinegar,500ml,£2.00,40p/100ml,,Fresh & Chilled
692603,Waitrose Oat Barista Long Life Dairy Free Milk Alternative,G,false,2062,https://ecom-su-static-prod.wtrecom.com/images/products/3/LN_692603_BP_3.jpg,https://www.waitrose.com/ecom/products/waitrose-oat-barista-long-life-dairy-free-milk-alternative/692603-791859-791860,Waitrose Oat Barista Long Life Dairy Free Milk Alternative,1litre,£1.65,16.5p/100ml,,Fresh & Chilled
627730,Bio-tiful Dairy Natural Kefir Drink,G,true,2063,https://ecom-su-static-prod.wtrecom.com/images/products/3/LN_627730_BP_3.jpg,https://www.waitrose.com/ecom/products/bio-tiful-dairy-natural-kefir-drink/627730-601736-601737,Bio-tiful Dairy Natural Kefir Drink,250ml,£1.75,70p/100ml,"£5 Food to Go Meal Deal: Add 1 Main, 1 Snack and 1 Drink",Fresh & Chilled
755292,Waitrose Evangeline Sweet Potatoes,G,false,2064,https://ecom-su-static-prod.wtrecom.com/images/products/3/LN_755292_BP_3.jpg,https://www.waitrose.com/ecom/products/waitrose-evangeline-sweet-potatoes/755292-752519-752520,Waitrose Evangeline Sweet Potatoes,600g,£2.00,£3.34/kg,,Fresh & Chilled
406328,Essential 30% Reduced Fat Mature Sliced Cheddar Cheese Strength 4,G,false,2065,https://ecom-su-static-prod.wtrecom.com/images/products/3/LN_406328_BP_3.jpg,https://www.waitrose.com/ecom/products/essential-30-reduced-fat-mature-sliced-cheddar-cheese-strength-4/406328-723544-723545,Essential 30% Reduced Fat Mature Sliced Cheddar Cheese Strength 4,250g,£2.80,£11.20/kg,,Fresh & Chilled
396003,Waitrose Red Chilli & Tomato Pesto,G,false,2066,https://ecom-su-static-prod.wtrecom.com/images/products/3/LN_396003_BP_3.jpg,https://www.waitrose.com/ecom/products/waitrose-red-chilli-tomato-pesto/396003-211598-211599,Waitrose Red Chilli & Tomato Pesto,145g,£2.75,£1.90/100g,,Fresh & Chilled
892391,Activia Fibre Apple Cereal Gut Health Yogurt Multipack,G,false,2067,https://ecom-su-static-prod.wtrecom.com/images/products/3/LN_892391_BP_3.jpg,https://www.waitrose.com/ecom/products/activia-fibre-apple-cereal-gut-health-yogurt-multipack/892391-807087-807088,Activia Fibre Apple Cereal Gut Health Yogurt Multipack,4x115g,£2.90,63p/100g,,Fresh & Chilled
777521,No.1 British Free Range Pork Mince 5% Fat,G,false,2068,https://ecom-su-static-prod.wtrecom.com/images/products/3/LN_777521_BP_3.jpg,https://www.waitrose.com/ecom/products/no1-british-free-range-pork-mince-5-fat/777521-805669-805670,No.1 British Free Range Pork Mince 5% Fat,500g,£5.50,£11/kg,,Fresh & Chilled
746509,Waitrose Potato Rosti,G,false,2069,https://ecom-su-static-prod.wtrecom.com/images/products/3/LN_746509_BP_3.jpg,https://www.waitrose.com/ecom/products/waitrose-potato-rosti/746509-824001-824002,Waitrose Potato Rosti,300g,£1.70,£5.67/kg,,Fresh & Chilled
866499,Waitrose Welsh Rarebit Scotch Egg,G,true,2070,https://ecom-su-static-prod.wtrecom.com/images/products/3/LN_866499_BP_3.jpg,https://www.waitrose.com/ecom/products/waitrose-welsh-rarebit-scotch-egg/866499-824622-824623,Waitrose Welsh Rarebit Scotch Egg,2x113g,£3.50,,Add 2 for £5.50,Fresh & Chilled
676959,Alpro Barista Coconut Long Life Dairy Free Milk Alternative,G,false,2071,https://ecom-su-static-prod.wtrecom.com/images/products/3/LN_676959_BP_3.jpg,https://www.waitrose.com/ecom/products/alpro-barista-coconut-long-life-dairy-free-milk-alternative/676959-759554-759555,Alpro Barista Coconut Long Life Dairy Free Milk Alternative,1litre,£2.10,£2.10/litre,,Fresh & Chilled
528402,Waitrose Chunky Vegetable Soup,G,false,2072,https://ecom-su-static-prod.wtrecom.com/images/products/3/LN_528402_BP_3.jpg,https://www.waitrose.com/ecom/products/waitrose-chunky-vegetable-soup/528402-816434-816435,Waitrose Chunky Vegetable Soup,600g,£2.85,47.5p/100g,,Fresh & Chilled
552854,Charlie Bigham's Chilli Con Carne for 1,G,true,2073,https://ecom-su-static-prod.wtrecom.com/images/products/3/LN_552854_BP_3.jpg,https://www.waitrose.com/ecom/products/charlie-bighams-chilli-con-carne-for-1/552854-810911-810912,Charlie Bigham's Chilli Con Carne for 1,420g,£6.00,£1.43/100g,Add 2 for £11,Fresh & Chilled
845485,Wild Garlic Baby Potatoes,G,false,2074,https://ecom-su-static-prod.wtrecom.com/images/products/3/LN_845485_BP_3.jpg,https://www.waitrose.com/ecom/products/wild-garlic-baby-potatoes/845485-803940-803941,Wild Garlic Baby Potatoes,400g,£2.50,£6.25/kg,,Fresh & Chilled
041219,Galbani Italian Mascarpone Cheese,G,true,2075,https://ecom-su-static-prod.wtrecom.com/images/products/3/LN_041219_BP_3.jpg,https://www.waitrose.com/ecom/products/galbani-italian-mascarpone-cheese/041219-20386-20387,Galbani Italian Mascarpone Cheese,250g,£1.95,£7.80/kg,25% Off. Was £2.60,Fresh & Chilled
049226,Clarence Court Quail Eggs,G,false,2076,https://ecom-su-static-prod.wtrecom.com/images/products/3/LN_049226_BP_3.jpg,https://www.waitrose.com/ecom/products/clarence-court-quail-eggs/049226-24528-24529,Clarence Court Quail Eggs,12s,£4.50,37.5p each,,Fresh & Chilled
880704,La Famiglia Rana Bolognese Tortelloni,G,true,2077,https://ecom-su-static-prod.wtrecom.com/images/products/3/LN_880704_BP_3.jpg,https://www.waitrose.com/ecom/products/la-famiglia-rana-bolognese-tortelloni/880704-793292-793293,La Famiglia Rana Bolognese Tortelloni,250g,£2.40,96p/100g,20% Off. Was £3.00,Fresh & Chilled
624075,No. 1 Chaource AOP French Soft Cheese Strength 2,G,false,2078,https://ecom-su-static-prod.wtrecom.com/images/products/3/LN_624075_BP_3.jpg,https://www.waitrose.com/ecom/products/no-1-chaource-aop-french-soft-cheese-strength-2/624075-151832-151833,No. 1 Chaource AOP French Soft Cheese Strength 2,250g,£4.25,£17/kg,,Fresh & Chilled
498990,Higgidy Cauliflower Cheese & Broccoli Pie 250g,G,false,2079,https://ecom-su-static-prod.wtrecom.com/images/products/3/LN_498990_BP_3.jpg,https://www.waitrose.com/ecom/products/higgidy-cauliflower-cheese-broccoli-pie-250g/498990-414490-414491,Higgidy Cauliflower Cheese & Broccoli Pie 250g,250g,£4.95,£1.98/100g,,Fresh & Chilled
089903,Cooks' Ingredients Diced Onions,G,false,2080,https://ecom-su-static-prod.wtrecom.com/images/products/3/LN_089903_BP_3.jpg,https://www.waitrose.com/ecom/products/cooks-ingredients-diced-onions/089903-46356-46357,Cooks' Ingredients Diced Onions,2x200g,£1.35,33.8p/100g,,Fresh & Chilled
518561,Galbani Mozzarella di Latte di Bufala Mini Italian Mozzarella Cheese,G,true,2081,https://ecom-su-static-prod.wtrecom.com/images/products/3/LN_518561_BP_3.jpg,https://www.waitrose.com/ecom/products/galbani-mozzarella-di-latte-di-bufala-mini-italian-mozzarella-cheese/518561-666361-666362,Galbani Mozzarella di Latte di Bufala Mini Italian Mozzarella Cheese,drained 150g,£2.62,£17.47/kg,25% Off. Was £3.50,Fresh & Chilled
416689,The Collective Gourmet Passionfruit Yogurt,G,true,2082,https://ecom-su-static-prod.wtrecom.com/images/products/3/LN_416689_BP_3.jpg,https://www.waitrose.com/ecom/products/the-collective-gourmet-passionfruit-yogurt/416689-138358-138359,The Collective Gourmet Passionfruit Yogurt,425g,£2.00,47.1p/100g,save £1.10. Was £3.10,Fresh & Chilled
724060,Waitrose Seedless Satsumas,G,true,2083,https://ecom-su-static-prod.wtrecom.com/images/products/3/LN_724060_BP_3.jpg,https://www.waitrose.com/ecom/products/waitrose-seedless-satsumas/724060-679597-679598,Waitrose Seedless Satsumas,700g,£2.50,£3.58/kg,Add 2 for £4,Fresh & Chilled
886380,No. 1 Smoked Red Fox Vintage Red Leicester Cheese Strength 4,G,false,2084,https://ecom-su-static-prod.wtrecom.com/images/products/3/LN_886380_BP_3.jpg,https://www.waitrose.com/ecom/products/no-1-smoked-red-fox-vintage-red-leicester-cheese-strength-4/886380-769652-769653,No. 1 Smoked Red Fox Vintage Red Leicester Cheese Strength 4,200g,£3.50,£1.75/100g,,Fresh & Chilled
878478,No.1 Extra Large Black Tiger Prawns,G,false,2085,https://ecom-su-static-prod.wtrecom.com/images/products/3/LN_878478_BP_3.jpg,https://www.waitrose.com/ecom/products/no1-extra-large-black-tiger-prawns/878478-503019-503020,No.1 Extra Large Black Tiger Prawns,140g,£5.50,£3.93/100g,,Fresh & Chilled
831537,Waitrose Chicken & Gravy Pie,G,false,2086,https://ecom-su-static-prod.wtrecom.com/images/products/3/LN_831537_BP_3.jpg,https://www.waitrose.com/ecom/products/waitrose-chicken-gravy-pie/831537-811037-811038,Waitrose Chicken & Gravy Pie,550g,£4.75,86.4p/100g,,Fresh & Chilled
647863,Vita Coco Coconut Water,G,false,2087,https://ecom-su-static-prod.wtrecom.com/images/products/3/LN_647863_BP_3.jpg,https://www.waitrose.com/ecom/products/vita-coco-coconut-water/647863-776993-776994,Vita Coco Coconut Water,4x330ml,£5.00,37.9p/100ml,,Fresh & Chilled
709992,"Waitrose Lemon, Garlic & Parsley King Prawns",G,true,2088,https://ecom-su-static-prod.wtrecom.com/images/products/3/LN_709992_BP_3.jpg,https://www.waitrose.com/ecom/products/waitrose-lemon-garlic-parsley-king-prawns/709992-538851-538852,"Waitrose Lemon, Garlic & Parsley King Prawns",150g,£3.37,£2.25/100g,25% Off. Was £4.50,Fresh & Chilled
458623,Babybel Light Mini Lunchbox Snack Cheese Big Pack,G,false,2089,https://ecom-su-static-prod.wtrecom.com/images/products/3/LN_458623_BP_3.jpg,https://www.waitrose.com/ecom/products/babybel-light-mini-lunchbox-snack-cheese-big-pack/458623-727034-727035,Babybel Light Mini Lunchbox Snack Cheese Big Pack,12x20g,£3.75,£15.63/kg,,Fresh & Chilled
004194,Little Dish Pasta Bolognese,G,false,2090,https://ecom-su-static-prod.wtrecom.com/images/products/3/LN_004194_BP_3.jpg,https://www.waitrose.com/ecom/products/little-dish-pasta-bolognese/004194-1713-1714,Little Dish Pasta Bolognese,200g,£3.00,£1.50/100g,,Fresh & Chilled
706804,Vici Surimi Royal,G,false,2091,https://ecom-su-static-prod.wtrecom.com/images/products/3/LN_706804_BP_3.jpg,https://www.waitrose.com/ecom/products/vici-surimi-royal/706804-100389-100390,Vici Surimi Royal,120g,£1.75,£1.46/100g,,Fresh & Chilled
602760,Rude Health Oat Milk Chilled Dairy Free Milk Alternative,G,false,2092,https://ecom-su-static-prod.wtrecom.com/images/products/3/LN_602760_BP_3.jpg,https://www.waitrose.com/ecom/products/rude-health-oat-milk-chilled-dairy-free-milk-alternative/602760-601722-601723,Rude Health Oat Milk Chilled Dairy Free Milk Alternative,1litre,£2.30,£2.30/litre,,Fresh & Chilled
080694,No.1 Free Range Pork Fillet,G,false,2093,https://ecom-su-static-prod.wtrecom.com/images/products/3/LN_080694_BP_3.jpg,https://www.waitrose.com/ecom/products/no1-free-range-pork-fillet/080694-41081-41082,No.1 Free Range Pork Fillet,Typical weight 0.42kg,£8.54 each est.,£20.50/kg,,Fresh & Chilled
587804,Charlie Bigham's Chicken Korma & Pilau Rice for 2,G,false,2094,https://ecom-su-static-prod.wtrecom.com/images/products/3/LN_587804_BP_3.jpg,https://www.waitrose.com/ecom/products/charlie-bighams-chicken-korma-pilau-rice-for-2/587804-336945-336946,Charlie Bigham's Chicken Korma & Pilau Rice for 2,810g,£9.50,£11.73/kg,,Fresh & Chilled
607600,Waitrose Brie & Bacon Sandwich,G,true,2095,https://ecom-su-static-prod.wtrecom.com/images/products/3/LN_607600_BP_3.jpg,https://www.waitrose.com/ecom/products/waitrose-brie-bacon-sandwich/607600-583630-583631,Waitrose Brie & Bacon Sandwich,each,£3.65,£3.65 each,"£5 Food to Go Meal Deal: Add 1 Main, 1 Snack and 1 Drink",Fresh & Chilled
089766,Waitrose Indian Bombay Potato,G,false,2096,https://ecom-su-static-prod.wtrecom.com/images/products/3/LN_089766_BP_3.jpg,https://www.waitrose.com/ecom/products/waitrose-indian-bombay-potato/089766-46288-46289,Waitrose Indian Bombay Potato,300g,£2.85,£9.50/kg,,Fresh & Chilled
816746,No.1 British Centre Cut Fillet Steak,G,false,2097,https://ecom-su-static-prod.wtrecom.com/images/products/3/LN_816746_BP_3.jpg,https://www.waitrose.com/ecom/products/no1-british-centre-cut-fillet-steak/816746-790955-790956,No.1 British Centre Cut Fillet Steak,300g,£20.00,£66.67/kg,,Fresh & Chilled
584727,Charlie Bigham's Vegetable Lasagne for 1,G,false,2098,https://ecom-su-static-prod.wtrecom.com/images/products/3/LN_584727_BP_3.jpg,https://www.waitrose.com/ecom/products/charlie-bighams-vegetable-lasagne-for-1/584727-766108-766109,Charlie Bigham's Vegetable Lasagne for 1,365g,£5.50,£15.07/kg,,Fresh & Chilled
732546,Higgidy Smoked Bacon & Cheddar Quiche,G,true,2099,https://ecom-su-static-prod.wtrecom.com/images/products/3/LN_732546_BP_3.jpg,https://www.waitrose.com/ecom/products/higgidy-smoked-bacon-cheddar-quiche/732546-104081-104082,Higgidy Smoked Bacon & Cheddar Quiche,155g,£2.50,£1.62/100g,save 65p. Was £3.15,Fresh & Chilled
068365,Waitrose Potato Gratin,G,false,2100,https://ecom-su-static-prod.wtrecom.com/images/products/3/LN_068365_BP_3.jpg,https://www.waitrose.com/ecom/products/waitrose-potato-gratin/068365-34705-34706,Waitrose Potato Gratin,420g,£3.35,79.8p/100g,,Fresh & Chilled
009932,No. 1 Cave Aged Roquefort AOP Blue Cheese Strength 6,G,false,2101,https://ecom-su-static-prod.wtrecom.com/images/products/3/LN_009932_BP_3.jpg,https://www.waitrose.com/ecom/products/no-1-cave-aged-roquefort-aop-blue-cheese-strength-6/009932-4940-4941,No. 1 Cave Aged Roquefort AOP Blue Cheese Strength 6,100g,£3.00,£30/kg,,Fresh & Chilled
024064,Waitrose Roast Chicken Drumsticks,G,false,2102,https://ecom-su-static-prod.wtrecom.com/images/products/3/LN_024064_BP_3.jpg,https://www.waitrose.com/ecom/products/waitrose-roast-chicken-drumsticks/024064-11672-11673,Waitrose Roast Chicken Drumsticks,520g,£4.25,81.7p/100g,,Fresh & Chilled
578785,Taiko Lightly Salted Edamame,G,true,2103,https://ecom-su-static-prod.wtrecom.com/images/products/3/LN_578785_BP_3.jpg,https://www.waitrose.com/ecom/products/taiko-lightly-salted-edamame/578785-81988-81989,Taiko Lightly Salted Edamame,150g,£2.50,£1.67/100g,"£5 Food to Go Meal Deal: Add 1 Main, 1 Snack and 1 Drink",Fresh & Chilled
858000,"Waitrose Large Pesto, Spinach & Pine Nut Pasta",G,false,2104,https://ecom-su-static-prod.wtrecom.com/images/products/3/LN_858000_BP_3.jpg,https://www.waitrose.com/ecom/products/waitrose-large-pesto-spinach-pine-nut-pasta/858000-824227-824228,"Waitrose Large Pesto, Spinach & Pine Nut Pasta",360g,£3.35,93.1p/100g,,Fresh & Chilled
772137,Charlie Bigham's Beef Bourguignon & Dauphinoise Potatoes for 2,G,false,2105,https://ecom-su-static-prod.wtrecom.com/images/products/3/LN_772137_BP_3.jpg,https://www.waitrose.com/ecom/products/charlie-bighams-beef-bourguignon-dauphinoise-potatoes-for-2/772137-389083-389084,Charlie Bigham's Beef Bourguignon & Dauphinoise Potatoes for 2,850g,£9.95,£11.71/kg,,Fresh & Chilled
573319,No.1 2 British Free Range Pork Ribeye Steaks,G,false,2106,https://ecom-su-static-prod.wtrecom.com/images/products/3/LN_573319_BP_3.jpg,https://www.waitrose.com/ecom/products/no1-2-british-free-range-pork-ribeye-steaks/573319-805619-805620,No.1 2 British Free Range Pork Ribeye Steaks,Typical weight 0.5kg,£7.00 each est.,£14.00/kg,,Fresh & Chilled
070421,Munch Bunch Squashums Strawberry Kids Yogurts,G,false,2107,https://ecom-su-static-prod.wtrecom.com/images/products/3/LN_070421_BP_3.jpg,https://www.waitrose.com/ecom/products/munch-bunch-squashums-strawberry-kids-yogurts/070421-35664-35665,Munch Bunch Squashums Strawberry Kids Yogurts,5x60g,£2.10,70p/100g,,Fresh & Chilled
467171,Yorkshire Provender Rustic Veg Broth,G,true,2108,https://ecom-su-static-prod.wtrecom.com/images/products/3/LN_467171_BP_3.jpg,https://www.waitrose.com/ecom/products/yorkshire-provender-rustic-veg-broth/467171-65833-65834,Yorkshire Provender Rustic Veg Broth,560g,£2.65,47.3p/100g,save 55p. Was £3.20,Fresh & Chilled
049596,Waitrose New York Cheesecake Slices 2x90g,G,false,2109,https://ecom-su-static-prod.wtrecom.com/images/products/3/LN_049596_BP_3.jpg,https://www.waitrose.com/ecom/products/waitrose-new-york-cheesecake-slices-2x90g/049596-24707-24708,Waitrose New York Cheesecake Slices 2x90g,192g,£3.75,£1.96/100g,,Fresh & Chilled
023504,Duchy Organic British Lamb Leg Steaks,G,false,2110,https://ecom-su-static-prod.wtrecom.com/images/products/3/LN_023504_BP_3.jpg,https://www.waitrose.com/ecom/products/duchy-organic-british-lamb-leg-steaks/023504-425750-11409,Duchy Organic British Lamb Leg Steaks,Typical weight 0.26kg,£8.50 each est.,£33.00/kg,,Fresh & Chilled
794094,Yorkshire Provender Root Veg Soup,G,true,2111,https://ecom-su-static-prod.wtrecom.com/images/products/3/LN_794094_BP_3.jpg,https://www.waitrose.com/ecom/products/yorkshire-provender-root-veg-soup/794094-112986-112987,Yorkshire Provender Root Veg Soup,560g,£2.65,47.3p/100g,save 55p. Was £3.20,Fresh & Chilled
831588,Bettine Mild Goats Cheese Plain Pearls,G,false,2112,https://ecom-su-static-prod.wtrecom.com/images/products/3/LN_831588_BP_3.jpg,https://www.waitrose.com/ecom/products/bettine-mild-goats-cheese-plain-pearls/831588-723594-723595,Bettine Mild Goats Cheese Plain Pearls,100g,£2.25,£22.50/kg,,Fresh & Chilled
083573,Waitrose Extra Large Pomegranate,G,true,2113,https://ecom-su-static-prod.wtrecom.com/images/products/3/LN_083573_BP_3.jpg,https://www.waitrose.com/ecom/products/waitrose-extra-large-pomegranate/083573-42425-42426,Waitrose Extra Large Pomegranate,each,£3.00,£3 each,Add 2 for £5,Fresh & Chilled
667795,Hurly Burly Raw Sauerkraut Original,G,false,2114,https://ecom-su-static-prod.wtrecom.com/images/products/3/LN_667795_BP_3.jpg,https://www.waitrose.com/ecom/products/hurly-burly-raw-sauerkraut-original/667795-661853-661854,Hurly Burly Raw Sauerkraut Original,300g,£2.55,85p/100g,,Fresh & Chilled
651577,Tropicana Sensations Pineapple Fruit Juice,G,false,2115,https://ecom-su-static-prod.wtrecom.com/images/products/3/LN_651577_BP_3.jpg,https://www.waitrose.com/ecom/products/tropicana-sensations-pineapple-fruit-juice/651577-565164-565165,Tropicana Sensations Pineapple Fruit Juice,850ml,£3.15,£3.71/litre,,Fresh & Chilled
001302,Waitrose French Half Fat Creme Fraiche Large,G,false,2116,https://ecom-su-static-prod.wtrecom.com/images/products/3/LN_001302_BP_3.jpg,https://www.waitrose.com/ecom/products/waitrose-french-half-fat-creme-fraiche-large/001302-212-213,Waitrose French Half Fat Creme Fraiche Large,500ml,£3.00,60p/100ml,,Fresh & Chilled
041221,Galbani Cucina Italian Mozzarella Cheese,G,false,2117,https://ecom-su-static-prod.wtrecom.com/images/products/3/LN_041221_BP_3.jpg,https://www.waitrose.com/ecom/products/galbani-cucina-italian-mozzarella-cheese/041221-20390-20391,Galbani Cucina Italian Mozzarella Cheese,400g,£4.90,£12.25/kg,,Fresh & Chilled
791939,Waitrose Asian Thai Sticky Rice,G,true,2118,https://ecom-su-static-prod.wtrecom.com/images/products/3/LN_791939_BP_3.jpg,https://www.waitrose.com/ecom/products/waitrose-asian-thai-sticky-rice/791939-426016-426017,Waitrose Asian Thai Sticky Rice,350g,£2.30,£6.58/kg,£12 South East & East Asian Meal Deal : Add 2 Mains & 2 Sides,Fresh & Chilled
886299,Waitrose Indian Butter Chicken With Pilau Rice Curry for 1,G,false,2119,https://ecom-su-static-prod.wtrecom.com/images/products/3/LN_886299_BP_3.jpg,https://www.waitrose.com/ecom/products/waitrose-indian-butter-chicken-with-pilau-rice-curry-for-1/886299-766154-766155,Waitrose Indian Butter Chicken With Pilau Rice Curry for 1,400g,£3.95,£9.88/kg,,Fresh & Chilled
429862,Yeo Valley Organic Multipacks,G,false,2120,https://ecom-su-static-prod.wtrecom.com/images/products/3/LN_429862_BP_3.jpg,https://www.waitrose.com/ecom/products/yeo-valley-organic-multipacks/429862-755785-755786,Yeo Valley Organic Multipacks,4x100g,£2.65,66.3p/100g,,Fresh & Chilled
439242,No.1 Dry Aged Cote De Boeuf,G,false,2121,https://ecom-su-static-prod.wtrecom.com/images/products/3/LN_439242_BP_3.jpg,https://www.waitrose.com/ecom/products/no1-dry-aged-cote-de-boeuf/439242-497654-497655,No.1 Dry Aged Cote De Boeuf,Typical weight 0.67kg,£26.60 each est.,£40.00/kg,,Fresh & Chilled
406813,No. 1 Ossau Iraty AOP Sheep's Cheese,G,false,2122,https://ecom-su-static-prod.wtrecom.com/images/products/3/LN_406813_BP_3.jpg,https://www.waitrose.com/ecom/products/no-1-ossau-iraty-aop-sheeps-cheese/406813-497600-497601,No. 1 Ossau Iraty AOP Sheep's Cheese,180g,£5.50,£30.56/kg,,Fresh & Chilled
483259,Little Dish Mac & Cheese,G,false,2123,https://ecom-su-static-prod.wtrecom.com/images/products/3/LN_483259_BP_3.jpg,https://www.waitrose.com/ecom/products/little-dish-mac-cheese/483259-810903-810904,Little Dish Mac & Cheese,200g,£3.00,£1.50/100g,,Fresh & Chilled
695017,Waitrose Frozen 4 Large Yorkshire Puddings,G,false,2124,https://ecom-su-static-prod.wtrecom.com/images/products/3/LN_695017_BP_3.jpg,https://www.waitrose.com/ecom/products/waitrose-frozen-4-large-yorkshire-puddings/695017-98685-98686,Waitrose Frozen 4 Large Yorkshire Puddings,180g,£1.90,£10.56/kg,,Fresh & Chilled
667786,"Innocent Invigorate, Kiwi & Cucumber High Vitamin Fruit Super Smoothie",G,false,2125,https://ecom-su-static-prod.wtrecom.com/images/products/3/LN_667786_BP_3.jpg,https://www.waitrose.com/ecom/products/innocent-invigorate-kiwi-cucumber-high-vitamin-fruit-super-smoothie/667786-722239-722240,"Innocent Invigorate, Kiwi & Cucumber High Vitamin Fruit Super Smoothie",750ml,£4.75,63.3p/100ml,,Fresh & Chilled
847796,Waitrose Smoked Ham & Cheese Sandwich,G,true,2126,https://ecom-su-static-prod.wtrecom.com/images/products/3/LN_847796_BP_3.jpg,https://www.waitrose.com/ecom/products/waitrose-smoked-ham-cheese-sandwich/847796-806568-806569,Waitrose Smoked Ham & Cheese Sandwich,each,£3.20,£3.20 each,"£5 Food to Go Meal Deal: Add 1 Main, 1 Snack and 1 Drink",Fresh & Chilled
674585,Waitrose Crispy King Prawns,G,true,2127,https://ecom-su-static-prod.wtrecom.com/images/products/3/LN_674585_BP_3.jpg,https://www.waitrose.com/ecom/products/waitrose-crispy-king-prawns/674585-730766-730767,Waitrose Crispy King Prawns,210g,£5.10,£24.29/kg,£12 South East & East Asian Meal Deal : Add 2 Mains & 2 Sides,Fresh & Chilled
841838,Bio-tiful Dairy Gut Health Strawberry Kefir Drink,G,false,2128,https://ecom-su-static-prod.wtrecom.com/images/products/3/LN_841838_BP_3.jpg,https://www.waitrose.com/ecom/products/bio-tiful-dairy-gut-health-strawberry-kefir-drink/841838-785832-785833,Bio-tiful Dairy Gut Health Strawberry Kefir Drink,1litre,£3.70,37p/100ml,,Fresh & Chilled
630568,Waitrose Slow Cooked Pork Shoulder with Spiced Date Sauce,G,true,2129,https://ecom-su-static-prod.wtrecom.com/images/products/3/LN_630568_BP_3.jpg,https://www.waitrose.com/ecom/products/waitrose-slow-cooked-pork-shoulder-with-spiced-date-sauce/630568-497912-497913,Waitrose Slow Cooked Pork Shoulder with Spiced Date Sauce,400g,£4.31,£10.78/kg,25% Off. Was £5.75,Fresh & Chilled
492817,Yorkshire Provender Thai Green Chicken Soup,G,true,2130,https://ecom-su-static-prod.wtrecom.com/images/products/3/LN_492817_BP_3.jpg,https://www.waitrose.com/ecom/products/yorkshire-provender-thai-green-chicken-soup/492817-525484-525485,Yorkshire Provender Thai Green Chicken Soup,560g,£2.65,47.3p/100g,save 55p. Was £3.20,Fresh & Chilled
689277,Oatly Oat Dairy Free Creme Fraiche,G,false,2131,https://ecom-su-static-prod.wtrecom.com/images/products/3/LN_689277_BP_3.jpg,https://www.waitrose.com/ecom/products/oatly-oat-dairy-free-creme-fraiche/689277-671814-671815,Oatly Oat Dairy Free Creme Fraiche,200ml,£1.95,97.5p/100ml,,Fresh & Chilled
721840,FAGE Fruits Mango & Passion Fruit Greek Yoghurt,G,true,2132,https://ecom-su-static-prod.wtrecom.com/images/products/3/LN_721840_BP_3.jpg,https://www.waitrose.com/ecom/products/fage-fruits-mango-passion-fruit-greek-yoghurt/721840-788978-788979,FAGE Fruits Mango & Passion Fruit Greek Yoghurt,380g,£1.50,39.5p/100g,save £1.15. Was £2.65,Fresh & Chilled
458086,Charlie Bigham's Breton Chicken with Cheddar Mash Potato For 2,G,false,2133,https://ecom-su-static-prod.wtrecom.com/images/products/3/LN_458086_BP_3.jpg,https://www.waitrose.com/ecom/products/charlie-bighams-breton-chicken-with-cheddar-mash-potato-for-2/458086-810886-810887,Charlie Bigham's Breton Chicken with Cheddar Mash Potato For 2,800g,£9.95,£12.44/kg,,Fresh & Chilled
844035,Little Yeos Blueberry & Banana Yogurt Pouch,G,true,2134,https://ecom-su-static-prod.wtrecom.com/images/products/3/LN_844035_BP_3.jpg,https://www.waitrose.com/ecom/products/little-yeos-blueberry-banana-yogurt-pouch/844035-822529-822530,Little Yeos Blueberry & Banana Yogurt Pouch,85g,60p,70.6p/100g,save 30p. Was 90p,Fresh & Chilled
850529,Easy to Cook Pork & 'Nduja Meatballs,G,true,2135,https://ecom-su-static-prod.wtrecom.com/images/products/3/LN_850529_BP_3.jpg,https://www.waitrose.com/ecom/products/easy-to-cook-pork-nduja-meatballs/850529-779114-779115,Easy to Cook Pork & 'Nduja Meatballs,540g,£5.00,£9.26/kg,Add 3 for £12,Fresh & Chilled
857367,Odysea Greek Feta Sheeps Cheese,G,false,2136,https://ecom-su-static-prod.wtrecom.com/images/products/3/LN_857367_BP_3.jpg,https://www.waitrose.com/ecom/products/odysea-greek-feta-sheeps-cheese/857367-268291-268292,Odysea Greek Feta Sheeps Cheese,200g,£3.00,£15/kg,,Fresh & Chilled
451111,Violife Original Dairy Free Creamy Spreadable Cheese Alternative,G,false,2137,https://ecom-su-static-prod.wtrecom.com/images/products/3/LN_451111_BP_3.jpg,https://www.waitrose.com/ecom/products/violife-original-dairy-free-creamy-spreadable-cheese-alternative/451111-688796-688797,Violife Original Dairy Free Creamy Spreadable Cheese Alternative,200g,£2.90,£14.50/kg,,Fresh & Chilled
751371,Quorn Cocktail Sausages,G,false,2138,https://ecom-su-static-prod.wtrecom.com/images/products/3/LN_751371_BP_3.jpg,https://www.waitrose.com/ecom/products/quorn-cocktail-sausages/751371-825209-825210,Quorn Cocktail Sausages,240g,£2.95,£1.23/100g,,Fresh & Chilled
039455,Waitrose Cheddar Mash,G,false,2139,https://ecom-su-static-prod.wtrecom.com/images/products/3/LN_039455_BP_3.jpg,https://www.waitrose.com/ecom/products/waitrose-cheddar-mash/039455-19553-19554,Waitrose Cheddar Mash,450g,£2.60,£5.78/kg,,Fresh & Chilled
892903,Urban Fruit Baked Strawberries,G,true,2140,https://ecom-su-static-prod.wtrecom.com/images/products/3/LN_892903_BP_3.jpg,https://www.waitrose.com/ecom/products/urban-fruit-baked-strawberries/892903-271554-271555,Urban Fruit Baked Strawberries,90g,£2.75,£3.06/100g,Add 2 for £4.20,Fresh & Chilled
071838,Easy to Cook Lamb Rump,G,false,2141,https://ecom-su-static-prod.wtrecom.com/images/products/3/LN_071838_BP_3.jpg,https://www.waitrose.com/ecom/products/easy-to-cook-lamb-rump/071838-36476-36477,Easy to Cook Lamb Rump,332g,£8.50,£25.61/kg,,Fresh & Chilled
886941,Duchy Organic Cropwell Bishop PDO Blue Stilton Cheese Strength 5,G,false,2142,https://ecom-su-static-prod.wtrecom.com/images/products/3/LN_886941_BP_3.jpg,https://www.waitrose.com/ecom/products/duchy-organic-cropwell-bishop-pdo-blue-stilton-cheese-strength-5/886941-156675-156676,Duchy Organic Cropwell Bishop PDO Blue Stilton Cheese Strength 5,150g,£3.50,£23.34/kg,,Fresh & Chilled
825041,Duchy Organic Gold Kiwi Fruit,G,true,2143,https://ecom-su-static-prod.wtrecom.com/images/products/3/LN_825041_BP_3.jpg,https://www.waitrose.com/ecom/products/duchy-organic-gold-kiwi-fruit/825041-684379-684380,Duchy Organic Gold Kiwi Fruit,4s,£2.68,67p each,20% Off. Was £3.35,Fresh & Chilled
879230,Waitrose Mini Sausage Rolls 15pk,G,false,2144,https://ecom-su-static-prod.wtrecom.com/images/products/3/LN_879230_BP_3.jpg,https://www.waitrose.com/ecom/products/waitrose-mini-sausage-rolls-15pk/879230-824626-824627,Waitrose Mini Sausage Rolls 15pk,225g,£2.30,£1.03/100g,,Fresh & Chilled
705628,Waitrose British Pork Loin Steaks,G,false,2145,https://ecom-su-static-prod.wtrecom.com/images/products/3/LN_705628_BP_3.jpg,https://www.waitrose.com/ecom/products/waitrose-british-pork-loin-steaks/705628-382088-382089,Waitrose British Pork Loin Steaks,300g,£4.00,£13.34/kg,,Fresh & Chilled
385733,Farrington's Mellow Yellow Classic Vinaigrette,G,false,2146,https://ecom-su-static-prod.wtrecom.com/images/products/3/LN_385733_BP_3.jpg,https://www.waitrose.com/ecom/products/farringtons-mellow-yellow-classic-vinaigrette/385733-54255-54256,Farrington's Mellow Yellow Classic Vinaigrette,250ml,£3.45,£1.38/100ml,,Fresh & Chilled
544769,Thick Cut Cavolo Nero,G,false,2147,https://ecom-su-static-prod.wtrecom.com/images/products/3/LN_544769_BP_3.jpg,https://www.waitrose.com/ecom/products/thick-cut-cavolo-nero/544769-306866-306867,Thick Cut Cavolo Nero,200g,£1.60,£8/kg,,Fresh & Chilled
769346,Waitrose SunBlush Tomato & Mozzarella Pasta,G,false,2148,https://ecom-su-static-prod.wtrecom.com/images/products/3/LN_769346_BP_3.jpg,https://www.waitrose.com/ecom/products/waitrose-sunblush-tomato-mozzarella-pasta/769346-824225-824226,Waitrose SunBlush Tomato & Mozzarella Pasta,180g,£2.50,£13.89/kg,,Fresh & Chilled
884970,Moju Cold Pressed Turmeric Fruit Juice Shots Dosing Bottle,G,false,2149,https://ecom-su-static-prod.wtrecom.com/images/products/3/LN_884970_BP_3.jpg,https://www.waitrose.com/ecom/products/moju-cold-pressed-turmeric-fruit-juice-shots-dosing-bottle/884970-723156-723157,Moju Cold Pressed Turmeric Fruit Juice Shots Dosing Bottle,420ml,£6.25,£1.49/100ml,,Fresh & Chilled
570572,Waitrose Scottish Mussels in Garlic Butter,G,false,2150,https://ecom-su-static-prod.wtrecom.com/images/products/3/LN_570572_BP_3.jpg,https://www.waitrose.com/ecom/products/waitrose-scottish-mussels-in-garlic-butter/570572-538698-538699,Waitrose Scottish Mussels in Garlic Butter,2x250g,£3.95,£7.90/kg,,Fresh & Chilled
883315,Alpro Hazelnut Long Life Dairy Free Original Milk Alternative,G,true,2151,https://ecom-su-static-prod.wtrecom.com/images/products/3/LN_883315_BP_3.jpg,https://www.waitrose.com/ecom/products/alpro-hazelnut-long-life-dairy-free-original-milk-alternative/883315-166865-166866,Alpro Hazelnut Long Life Dairy Free Original Milk Alternative,1litre,£1.50,£1.50/litre,save 70p. Was £2.20,Fresh & Chilled
023229,Elsinore Herring in Sweet & Spicy Marinade,G,false,2152,https://ecom-su-static-prod.wtrecom.com/images/products/3/LN_023229_BP_3.jpg,https://www.waitrose.com/ecom/products/elsinore-herring-in-sweet-spicy-marinade/023229-11289-11290,Elsinore Herring in Sweet & Spicy Marinade,drained 140g,£2.75,£1.97/100g,,Fresh & Chilled
808878,Biotiful Kefir Protein Vanilla,G,false,2153,https://ecom-su-static-prod.wtrecom.com/images/products/3/LN_808878_BP_3.jpg,https://www.waitrose.com/ecom/products/biotiful-kefir-protein-vanilla/808878-822525-822526,Biotiful Kefir Protein Vanilla,250g,£2.00,80p/100g,,Fresh & Chilled
730505,GLO Hot Smoked Salmon & Rice Salad,G,true,2154,https://ecom-su-static-prod.wtrecom.com/images/products/3/LN_730505_BP_3.jpg,https://www.waitrose.com/ecom/products/glo-hot-smoked-salmon-rice-salad/730505-817122-817123,GLO Hot Smoked Salmon & Rice Salad,244g,£4.80,£1.97/100g,"£5 Food to Go Meal Deal: Add 1 Main, 1 Snack and 1 Drink",Fresh & Chilled
671448,Shaken Udder Chocolush! Chocolate Milkshake Large,G,false,2155,https://ecom-su-static-prod.wtrecom.com/images/products/3/LN_671448_BP_3.jpg,https://www.waitrose.com/ecom/products/shaken-udder-chocolush-chocolate-milkshake-large/671448-586684-586685,Shaken Udder Chocolush! Chocolate Milkshake Large,750ml,£2.55,£3.40/litre,,Fresh & Chilled
768610,Alpro Plant High Protein Mango & Banana Yoghurt Alternative,G,false,2156,https://ecom-su-static-prod.wtrecom.com/images/products/3/LN_768610_BP_3.jpg,https://www.waitrose.com/ecom/products/alpro-plant-high-protein-mango-banana-yoghurt-alternative/768610-822521-822522,Alpro Plant High Protein Mango & Banana Yoghurt Alternative,200g,£1.50,75p/100g,,Fresh & Chilled
561163,Waitrose Fruit Kebabs,G,false,2157,https://ecom-su-static-prod.wtrecom.com/images/products/3/LN_561163_BP_3.jpg,https://www.waitrose.com/ecom/products/waitrose-fruit-kebabs/561163-772468-772469,Waitrose Fruit Kebabs,417g,£5.00,£1.20/100g,,Fresh & Chilled
864190,Waitrose Parsley Sauce,G,false,2158,https://ecom-su-static-prod.wtrecom.com/images/products/3/LN_864190_BP_3.jpg,https://www.waitrose.com/ecom/products/waitrose-parsley-sauce/864190-770228-770229,Waitrose Parsley Sauce,160g,£2.50,£1.57/100g,,Fresh & Chilled
529541,Waitrose Sage & Onion Stuffing,G,false,2159,https://ecom-su-static-prod.wtrecom.com/images/products/3/LN_529541_BP_3.jpg,https://www.waitrose.com/ecom/products/waitrose-sage-onion-stuffing/529541-704077-704078,Waitrose Sage & Onion Stuffing,225g,£3.65,£1.63/100g,,Fresh & Chilled
649066,Oatly Whole Oat Long Life Dairy Free Milk Alternative,G,false,2160,https://ecom-su-static-prod.wtrecom.com/images/products/3/LN_649066_BP_3.jpg,https://www.waitrose.com/ecom/products/oatly-whole-oat-long-life-dairy-free-milk-alternative/649066-805337-805338,Oatly Whole Oat Long Life Dairy Free Milk Alternative,1litre,£2.00,£2/litre,,Fresh & Chilled
869723,Oykos Lemon & Lime Luxury Greek Style Yoghurt,G,false,2161,https://ecom-su-static-prod.wtrecom.com/images/products/3/LN_869723_BP_3.jpg,https://www.waitrose.com/ecom/products/oykos-lemon-lime-luxury-greek-style-yoghurt/869723-807079-807080,Oykos Lemon & Lime Luxury Greek Style Yoghurt,4x110g,£2.20,50p/100g,,Fresh & Chilled
452493,Clover Light Dairy Spread,G,false,2162,https://ecom-su-static-prod.wtrecom.com/images/products/3/LN_452493_BP_3.jpg,https://www.waitrose.com/ecom/products/clover-light-dairy-spread/452493-63768-63769,Clover Light Dairy Spread,500g,£2.50,£5/kg,,Fresh & Chilled
478752,"Eat Flexi: Beef, Tomato & Red Pepper Meatballs",G,true,2163,https://ecom-su-static-prod.wtrecom.com/images/products/3/LN_478752_BP_3.jpg,https://www.waitrose.com/ecom/products/eat-flexi-beef-tomato-red-pepper-meatballs/478752-783244-783245,"Eat Flexi: Beef, Tomato & Red Pepper Meatballs",336g,£3.50,£10.42/kg,Add 2 for £5.75,Fresh & Chilled
832593,No.1 Free Range Beech Smoked Streaky Bacon,G,false,2164,https://ecom-su-static-prod.wtrecom.com/images/products/3/LN_832593_BP_3.jpg,https://www.waitrose.com/ecom/products/no1-free-range-beech-smoked-streaky-bacon/832593-324894-324895,No.1 Free Range Beech Smoked Streaky Bacon,230g,£4.75,£20.66/kg,,Fresh & Chilled
417755,Emmi Skinny Caffe Latte Mr Big Single Coffee,G,true,2165,https://ecom-su-static-prod.wtrecom.com/images/products/3/LN_417755_BP_3.jpg,https://www.waitrose.com/ecom/products/emmi-skinny-caffe-latte-mr-big-single-coffee/417755-601628-601629,Emmi Skinny Caffe Latte Mr Big Single Coffee,370ml,£2.80,£7.57/litre,"£5 Food to Go Meal Deal: Add 1 Main, 1 Snack and 1 Drink",Fresh & Chilled
617490,Bonne Maman Rhubarb Mousse,G,true,2166,https://ecom-su-static-prod.wtrecom.com/images/products/3/LN_617490_BP_3.jpg,https://www.waitrose.com/ecom/products/bonne-maman-rhubarb-mousse/617490-724973-724974,Bonne Maman Rhubarb Mousse,2x70g,£1.50,£1.08/100g,save 80p. Was £2.30,Fresh & Chilled
585308,Activia Strawberry No Added Sugar Gut Health Yogurt Multipack,G,true,2167,https://ecom-su-static-prod.wtrecom.com/images/products/3/LN_585308_BP_3.jpg,https://www.waitrose.com/ecom/products/activia-strawberry-no-added-sugar-gut-health-yogurt-multipack/585308-690800-690801,Activia Strawberry No Added Sugar Gut Health Yogurt Multipack,4x115g,£1.75,38p/100g,save 90p. Was £2.65,Fresh & Chilled
093698,Cooks' Ingredients Sliced Pancetta,G,true,2168,https://ecom-su-static-prod.wtrecom.com/images/products/3/LN_093698_BP_3.jpg,https://www.waitrose.com/ecom/products/cooks-ingredients-sliced-pancetta/093698-48110-48111,Cooks' Ingredients Sliced Pancetta,95g,£3.04,£3.20/100g,20% Off. Was £3.80,Fresh & Chilled
708432,Arla Lactose Free Soft Cheese,G,false,2169,https://ecom-su-static-prod.wtrecom.com/images/products/3/LN_708432_BP_3.jpg,https://www.waitrose.com/ecom/products/arla-lactose-free-soft-cheese/708432-100623-100624,Arla Lactose Free Soft Cheese,200g,£1.90,£9.50/kg,,Fresh & Chilled
411397,Benecol Mango & Passionfruit Yogurt Drinks,G,true,2170,https://ecom-su-static-prod.wtrecom.com/images/products/3/LN_411397_BP_3.jpg,https://www.waitrose.com/ecom/products/benecol-mango-passionfruit-yogurt-drinks/411397-604968-604969,Benecol Mango & Passionfruit Yogurt Drinks,6x70g,£4.50,£1.08/100g,Add 2 for £7.50,Fresh & Chilled
695510,Essential English Mature Cheddar Cheese Strength 4,G,false,2171,https://ecom-su-static-prod.wtrecom.com/images/products/3/LN_695510_BP_3.jpg,https://www.waitrose.com/ecom/products/essential-english-mature-cheddar-cheese-strength-4/695510-98755-98756,Essential English Mature Cheddar Cheese Strength 4,160g,£1.60,£10/kg,,Fresh & Chilled
384360,Waitrose Yorkshire Wensleydale Cheese with Apricot Strength 2,G,true,2172,https://ecom-su-static-prod.wtrecom.com/images/products/3/LN_384360_BP_3.jpg,https://www.waitrose.com/ecom/products/waitrose-yorkshire-wensleydale-cheese-with-apricot-strength-2/384360-136531-136532,Waitrose Yorkshire Wensleydale Cheese with Apricot Strength 2,200g,£2.90,£14.50/kg,Add 2 for £5,Fresh & Chilled
549576,Yazoo Chocolate Milkshake Drink,G,false,2173,https://ecom-su-static-prod.wtrecom.com/images/products/3/LN_549576_BP_3.jpg,https://www.waitrose.com/ecom/products/yazoo-chocolate-milkshake-drink/549576-772812-772813,Yazoo Chocolate Milkshake Drink,400ml,£1.60,£4/litre,,Fresh & Chilled
701268,PlantLiving: Mushroom & Leek Sausages,G,false,2174,https://ecom-su-static-prod.wtrecom.com/images/products/3/LN_701268_BP_3.jpg,https://www.waitrose.com/ecom/products/plantliving-mushroom-leek-sausages/701268-762100-762101,PlantLiving: Mushroom & Leek Sausages,300g,£2.75,£9.17/kg,,Fresh & Chilled
533233,Waitrose 2 Tandoori Mini Naans,G,false,2175,https://ecom-su-static-prod.wtrecom.com/images/products/3/LN_533233_BP_3.jpg,https://www.waitrose.com/ecom/products/waitrose-2-tandoori-mini-naans/533233-803516-803517,Waitrose 2 Tandoori Mini Naans,2x75g,£1.90,£1.27/100g,,Fresh & Chilled
844113,"No.1 Extra Mature Cheddar, Wild Garlic & Tomato Quiche",G,true,2176,https://ecom-su-static-prod.wtrecom.com/images/products/3/LN_844113_BP_3.jpg,https://www.waitrose.com/ecom/products/no1-extra-mature-cheddar-wild-garlic-tomato-quiche/844113-827234-827235,"No.1 Extra Mature Cheddar, Wild Garlic & Tomato Quiche",2x145g,£4.00,,Introductory Offer.Will be £5.00,Fresh & Chilled
007602,Essential Malt Vinegar,G,false,2177,https://ecom-su-static-prod.wtrecom.com/images/products/3/LN_007602_BP_3.jpg,https://www.waitrose.com/ecom/products/essential-malt-vinegar/007602-3554-3555,Essential Malt Vinegar,568ml,80p,14.1p/100ml,,Fresh & Chilled
840247,Waitrose Roast Chicken Salad Sandwich,G,true,2178,https://ecom-su-static-prod.wtrecom.com/images/products/3/LN_840247_BP_3.jpg,https://www.waitrose.com/ecom/products/waitrose-roast-chicken-salad-sandwich/840247-295818-295819,Waitrose Roast Chicken Salad Sandwich,each,£3.95,£3.95 each,"£5 Food to Go Meal Deal: Add 1 Main, 1 Snack and 1 Drink",Fresh & Chilled
464242,Cooks' Ingredients Soffritto Mix,G,false,2179,https://ecom-su-static-prod.wtrecom.com/images/products/3/LN_464242_BP_3.jpg,https://www.waitrose.com/ecom/products/cooks-ingredients-soffritto-mix/464242-65417-65418,Cooks' Ingredients Soffritto Mix,400g,£1.45,£3.63/kg,,Fresh & Chilled
717142,No.1 British Monkfish Chunks,G,false,2180,https://ecom-su-static-prod.wtrecom.com/images/products/3/LN_717142_BP_3.jpg,https://www.waitrose.com/ecom/products/no1-british-monkfish-chunks/717142-762686-762687,No.1 British Monkfish Chunks,240g,£8.95,£37.30/kg,,Fresh & Chilled
066845,Tidman's Natural Rock Salt,G,false,2181,https://ecom-su-static-prod.wtrecom.com/images/products/3/LN_066845_BP_3.jpg,https://www.waitrose.com/ecom/products/tidmans-natural-rock-salt/066845-33854-33855,Tidman's Natural Rock Salt,500g,£1.80,£3.60/kg,,Fresh & Chilled
871990,Waitrose Red Wine & Shallot Sauce,G,false,2182,https://ecom-su-static-prod.wtrecom.com/images/products/3/LN_871990_BP_3.jpg,https://www.waitrose.com/ecom/products/waitrose-red-wine-shallot-sauce/871990-675525-675526,Waitrose Red Wine & Shallot Sauce,180g,£2.50,£1.39/100g,,Fresh & Chilled
406207,KP Unsalted Roasted Peanuts,G,true,2183,https://ecom-su-static-prod.wtrecom.com/images/products/3/LN_406207_BP_3.jpg,https://www.waitrose.com/ecom/products/kp-unsalted-roasted-peanuts/406207-579748-579749,KP Unsalted Roasted Peanuts,250g,£3.25,£1.30/100g,Add 2 for £5.50,Fresh & Chilled
769115,Tideford Organics Lentil & Spinach Dahl Soup,G,false,2184,https://ecom-su-static-prod.wtrecom.com/images/products/3/LN_769115_BP_3.jpg,https://www.waitrose.com/ecom/products/tideford-organics-lentil-spinach-dahl-soup/769115-812663-812664,Tideford Organics Lentil & Spinach Dahl Soup,560g,£3.40,60.7p/100g,,Fresh & Chilled
868180,No.1 Lamb French-Trimmed Rack,G,false,2185,https://ecom-su-static-prod.wtrecom.com/images/products/3/LN_868180_BP_3.jpg,https://www.waitrose.com/ecom/products/no1-lamb-french-trimmed-rack/868180-508011-508012,No.1 Lamb French-Trimmed Rack,Typical weight 0.37kg,£16.13 each est.,£43.99/kg,,Fresh & Chilled
588692,Equinox Kombucha Raspberry Organic Fruit Juice,G,true,2186,https://ecom-su-static-prod.wtrecom.com/images/products/3/LN_588692_BP_3.jpg,https://www.waitrose.com/ecom/products/equinox-kombucha-raspberry-organic-fruit-juice/588692-719584-719585,Equinox Kombucha Raspberry Organic Fruit Juice,250ml,£1.90,£7.60/litre,"£5 Food to Go Meal Deal: Add 1 Main, 1 Snack and 1 Drink",Fresh & Chilled
374989,Findlater's Roast Salmon Paté,G,false,2187,https://ecom-su-static-prod.wtrecom.com/images/products/3/LN_374989_BP_3.jpg,https://www.waitrose.com/ecom/products/findlaters-roast-salmon-pate/374989-52769-52770,Findlater's Roast Salmon Paté,115g,£3.75,£3.27/100g,,Fresh & Chilled
468602,Gü Strawberry & Clotted Cream Cheesecakes,G,false,2188,https://ecom-su-static-prod.wtrecom.com/images/products/3/LN_468602_BP_3.jpg,https://www.waitrose.com/ecom/products/gu-strawberry-clotted-cream-cheesecakes/468602-724961-724962,Gü Strawberry & Clotted Cream Cheesecakes,2x87g,£3.95,£2.28/100g,,Fresh & Chilled
880908,Yeo Valley Rhubarb Organic Kefir Yogurt,G,false,2189,https://ecom-su-static-prod.wtrecom.com/images/products/3/LN_880908_BP_3.jpg,https://www.waitrose.com/ecom/products/yeo-valley-rhubarb-organic-kefir-yogurt/880908-807083-807084,Yeo Valley Rhubarb Organic Kefir Yogurt,350g,£2.10,60p/100g,,Fresh & Chilled
451140,Gressingham Duck Breasts in Plum Sauce,G,false,2190,https://ecom-su-static-prod.wtrecom.com/images/products/3/LN_451140_BP_3.jpg,https://www.waitrose.com/ecom/products/gressingham-duck-breasts-in-plum-sauce/451140-619679-619680,Gressingham Duck Breasts in Plum Sauce,400g,£8.25,£20.63/kg,,Fresh & Chilled
722439,Waitrose Classics Veggie Casserole for 1,G,true,2191,https://ecom-su-static-prod.wtrecom.com/images/products/3/LN_722439_BP_3.jpg,https://www.waitrose.com/ecom/products/waitrose-classics-veggie-casserole-for-1/722439-790945-790946,Waitrose Classics Veggie Casserole for 1,380g,£3.50,£9.22/kg,Add 2 for £6.50,Fresh & Chilled
007743,Bisto Gravy Granules,G,false,2192,https://ecom-su-static-prod.wtrecom.com/images/products/3/LN_007743_BP_3.jpg,https://www.waitrose.com/ecom/products/bisto-gravy-granules/007743-3632-3633,Bisto Gravy Granules,190g,£3.00,£1.58/100g,,Fresh & Chilled
876821,Odysea Crumbly Greek Cheese,G,false,2193,https://ecom-su-static-prod.wtrecom.com/images/products/3/LN_876821_BP_3.jpg,https://www.waitrose.com/ecom/products/odysea-crumbly-greek-cheese/876821-319738-319739,Odysea Crumbly Greek Cheese,200g,£2.75,£13.75/kg,,Fresh & Chilled
517555,Philadelphia Garlic & Herbs Soft Cheese,G,true,2194,https://ecom-su-static-prod.wtrecom.com/images/products/3/LN_517555_BP_3.jpg,https://www.waitrose.com/ecom/products/philadelphia-garlic-herbs-soft-cheese/517555-815492-815493,Philadelphia Garlic & Herbs Soft Cheese,165g,£1.72,£10.43/kg,25% Off. Was £2.30,Fresh & Chilled
052509,Waitrose Classic BLT Sandwich,G,true,2195,https://ecom-su-static-prod.wtrecom.com/images/products/3/LN_052509_BP_3.jpg,https://www.waitrose.com/ecom/products/waitrose-classic-blt-sandwich/052509-26175-26176,Waitrose Classic BLT Sandwich,each,£3.95,,"£5 Food to Go Meal Deal: Add 1 Main, 1 Snack and 1 Drink",Fresh & Chilled
436831,Waitrose Cream Slices 2s,G,false,2196,https://ecom-su-static-prod.wtrecom.com/images/products/3/LN_436831_BP_3.jpg,https://www.waitrose.com/ecom/products/waitrose-cream-slices-2s/436831-804646-804647,Waitrose Cream Slices 2s,130g,£2.00,£1.54/100g,,Fresh & Chilled
086186,Cooks' Ingredients Rosemary Medium Pot,G,false,2197,https://ecom-su-static-prod.wtrecom.com/images/products/3/LN_086186_BP_3.jpg,https://www.waitrose.com/ecom/products/cooks-ingredients-rosemary-medium-pot/086186-44021-44022,Cooks' Ingredients Rosemary Medium Pot,Each,£1.70,£1.70 each,,Fresh & Chilled
620430,Welch's 100% Pure Purple Grape Fruit Juice,G,false,2198,https://ecom-su-static-prod.wtrecom.com/images/products/3/LN_620430_BP_3.jpg,https://www.waitrose.com/ecom/products/welchs-100-pure-purple-grape-fruit-juice/620430-443776-443777,Welch's 100% Pure Purple Grape Fruit Juice,1litre,£2.95,29.5p/100ml,,Fresh & Chilled
064476,Waitrose Hoisin Duck Wrap,G,true,2199,https://ecom-su-static-prod.wtrecom.com/images/products/3/LN_064476_BP_3.jpg,https://www.waitrose.com/ecom/products/waitrose-hoisin-duck-wrap/064476-32728-32729,Waitrose Hoisin Duck Wrap,each,£3.90,£3.90 each,"£5 Food to Go Meal Deal: Add 1 Main, 1 Snack and 1 Drink",Fresh & Chilled
587331,Easy To Cook Lemon & Thyme Chicken Escalopes,G,true,2200,https://ecom-su-static-prod.wtrecom.com/images/products/3/LN_587331_BP_3.jpg,https://www.waitrose.com/ecom/products/easy-to-cook-lemon-thyme-chicken-escalopes/587331-740837-740838,Easy To Cook Lemon & Thyme Chicken Escalopes,230g,£5.00,£21.74/kg,Add 3 for £12,Fresh & Chilled
033799,Essential British Unsmoked Bacon Lardons,G,false,2201,https://ecom-su-static-prod.wtrecom.com/images/products/3/LN_033799_BP_3.jpg,https://www.waitrose.com/ecom/products/essential-british-unsmoked-bacon-lardons/033799-16931-16932,Essential British Unsmoked Bacon Lardons,200g,£2.75,£13.75/kg,,Fresh & Chilled
750629,Innocent Pure Orange Fruit Juice with Bits Large,G,true,2202,https://ecom-su-static-prod.wtrecom.com/images/products/3/LN_750629_BP_3.jpg,https://www.waitrose.com/ecom/products/innocent-pure-orange-fruit-juice-with-bits-large/750629-124250-124251,Innocent Pure Orange Fruit Juice with Bits Large,1.35litre,£3.00,22.2p/100ml,save £1.30. Was £4.30,Fresh & Chilled
761206,Deliciously Ella Gluten Free & Vegan Cacao Orange Oat Bars,G,false,2203,https://ecom-su-static-prod.wtrecom.com/images/products/3/LN_761206_BP_3.jpg,https://www.waitrose.com/ecom/products/deliciously-ella-gluten-free-vegan-cacao-orange-oat-bars/761206-812525-812526,Deliciously Ella Gluten Free & Vegan Cacao Orange Oat Bars,3x50g,£2.80,£1.87/100g,,Fresh & Chilled
570622,Essential Cheese & Onion Sandwich,G,true,2204,https://ecom-su-static-prod.wtrecom.com/images/products/3/LN_570622_BP_3.jpg,https://www.waitrose.com/ecom/products/essential-cheese-onion-sandwich/570622-80830-80831,Essential Cheese & Onion Sandwich,each,£1.95,£1.95 each,"£5 Food to Go Meal Deal: Add 1 Main, 1 Snack and 1 Drink",Fresh & Chilled
635463,Copella Cloudy Apple Juice Single,G,true,2205,https://ecom-su-static-prod.wtrecom.com/images/products/3/LN_635463_BP_3.jpg,https://www.waitrose.com/ecom/products/copella-cloudy-apple-juice-single/635463-735828-735829,Copella Cloudy Apple Juice Single,300ml,£1.95,65p/100ml,"£5 Food to Go Meal Deal: Add 1 Main, 1 Snack and 1 Drink",Fresh & Chilled
555270,Waitrose Chicken Pad Thai for 1,G,true,2206,https://ecom-su-static-prod.wtrecom.com/images/products/3/LN_555270_BP_3.jpg,https://www.waitrose.com/ecom/products/waitrose-chicken-pad-thai-for-1/555270-555423-555424,Waitrose Chicken Pad Thai for 1,400g,£5.10,£12.75/kg,£12 South East & East Asian Meal Deal : Add 2 Mains & 2 Sides,Fresh & Chilled
635094,Charlie Bigham's Thai Red Chicken Curry & Fragrant Rice for 2,G,false,2207,https://ecom-su-static-prod.wtrecom.com/images/products/3/LN_635094_BP_3.jpg,https://www.waitrose.com/ecom/products/charlie-bighams-thai-red-chicken-curry-fragrant-rice-for-2/635094-337001-337002,Charlie Bigham's Thai Red Chicken Curry & Fragrant Rice for 2,835g,£9.50,£11.38/kg,,Fresh & Chilled
660398,Koko Coconut Long Life Unsweetened Dairy Free Milk Alternative,G,false,2208,https://ecom-su-static-prod.wtrecom.com/images/products/3/LN_660398_BP_3.jpg,https://www.waitrose.com/ecom/products/koko-coconut-long-life-unsweetened-dairy-free-milk-alternative/660398-586669-586670,Koko Coconut Long Life Unsweetened Dairy Free Milk Alternative,1litre,£1.90,£1.90/litre,,Fresh & Chilled
829522,No. 1 Free Range 6 Farmhouse Pork Sausages,G,false,2209,https://ecom-su-static-prod.wtrecom.com/images/products/3/LN_829522_BP_3.jpg,https://www.waitrose.com/ecom/products/no-1-free-range-6-farmhouse-pork-sausages/829522-769028-769029,No. 1 Free Range 6 Farmhouse Pork Sausages,400g,£4.50,£11.25/kg,,Fresh & Chilled
007622,Grey Poupon Wholegrain Mustard,G,true,2210,https://ecom-su-static-prod.wtrecom.com/images/products/3/LN_007622_BP_3.jpg,https://www.waitrose.com/ecom/products/grey-poupon-wholegrain-mustard/007622-3568-3569,Grey Poupon Wholegrain Mustard,210g,£1.95,92.9p/100g,25% Off. Was £2.65,Fresh & Chilled
834042,Levantine Table Herby Labneh Yogurt Dip,G,false,2211,https://ecom-su-static-prod.wtrecom.com/images/products/3/LN_834042_BP_3.jpg,https://www.waitrose.com/ecom/products/levantine-table-herby-labneh-yogurt-dip/834042-755691-755692,Levantine Table Herby Labneh Yogurt Dip,180g,£2.40,£1.34/100g,,Fresh & Chilled
884234,No.1 Cherry & Almond Tart,G,false,2212,https://ecom-su-static-prod.wtrecom.com/images/products/3/LN_884234_BP_3.jpg,https://www.waitrose.com/ecom/products/no1-cherry-almond-tart/884234-498333-498334,No.1 Cherry & Almond Tart,390g,£6.50,£1.67/100g,,Fresh & Chilled
460436,Trex Baking Fat,G,false,2213,https://ecom-su-static-prod.wtrecom.com/images/products/3/LN_460436_BP_3.jpg,https://www.waitrose.com/ecom/products/trex-baking-fat/460436-363103-363104,Trex Baking Fat,250g,£1.75,£7/kg,,Fresh & Chilled
507078,Odysea Greek Feta Cheese Cubes in Brine,G,false,2214,https://ecom-su-static-prod.wtrecom.com/images/products/3/LN_507078_BP_3.jpg,https://www.waitrose.com/ecom/products/odysea-greek-feta-cheese-cubes-in-brine/507078-756269-756270,Odysea Greek Feta Cheese Cubes in Brine,drained 150g,£2.75,£18.34/kg,,Fresh & Chilled
441406,Oatly! Barista Organic Oat Drink,G,false,2215,https://ecom-su-static-prod.wtrecom.com/images/products/3/LN_441406_BP_3.jpg,https://www.waitrose.com/ecom/products/oatly-barista-organic-oat-drink/441406-826854-826855,Oatly! Barista Organic Oat Drink,1litre,£2.30,£2.30/litre,,Fresh & Chilled
801191,Waitrose Raw MSC Canadian Scallops,G,false,2216,https://ecom-su-static-prod.wtrecom.com/images/products/3/LN_801191_BP_3.jpg,https://www.waitrose.com/ecom/products/waitrose-raw-msc-canadian-scallops/801191-813764-813765,Waitrose Raw MSC Canadian Scallops,200g,£7.50,£37.50/kg,,Fresh & Chilled
640331,Charlie Bigham's Chicken Korma & Pilau Rice for 1,G,true,2217,https://ecom-su-static-prod.wtrecom.com/images/products/3/LN_640331_BP_3.jpg,https://www.waitrose.com/ecom/products/charlie-bighams-chicken-korma-pilau-rice-for-1/640331-803344-803345,Charlie Bigham's Chicken Korma & Pilau Rice for 1,403g,£6.00,£14.89/kg,Add 2 for £11,Fresh & Chilled
577649,Alpro Tropical Coconut Dairy Free Milk Alternative,G,false,2218,https://ecom-su-static-prod.wtrecom.com/images/products/3/LN_577649_BP_3.jpg,https://www.waitrose.com/ecom/products/alpro-tropical-coconut-dairy-free-milk-alternative/577649-336927-336928,Alpro Tropical Coconut Dairy Free Milk Alternative,1litre,£2.10,£2.10/litre,,Fresh & Chilled
862127,Natoora Large Fennel,G,false,2219,https://ecom-su-static-prod.wtrecom.com/images/products/3/LN_862127_BP_3.jpg,https://www.waitrose.com/ecom/products/natoora-large-fennel/862127-657931-657932,Natoora Large Fennel,Each,£3.75,£3.75 each,,Fresh & Chilled
837105,Little Yeos Mango & Vanilla and Blueberry & Banana No Added Sugar Mini Yogurts,G,false,2220,https://ecom-su-static-prod.wtrecom.com/images/products/3/LN_837105_BP_3.jpg,https://www.waitrose.com/ecom/products/little-yeos-mango-vanilla-and-blueberry-banana-no-added-sugar-mini-yogurts/837105-807068-807068,Little Yeos Mango & Vanilla and Blueberry & Banana No Added Sugar Mini Yogurts,6x42g,£2.25,89.3p/100g,,Fresh & Chilled
428764,Waitrose Davidstow Cornish Medium Cheddar Cheese with Chilli Strength 4,G,true,2221,https://ecom-su-static-prod.wtrecom.com/images/products/3/LN_428764_BP_3.jpg,https://www.waitrose.com/ecom/products/waitrose-davidstow-cornish-medium-cheddar-cheese-with-chilli-strength-4/428764-244615-244616,Waitrose Davidstow Cornish Medium Cheddar Cheese with Chilli Strength 4,180g,£2.90,£16.12/kg,Add 2 for £5,Fresh & Chilled
495450,The Mussel Shack Cooked Seafood Selection,G,false,2222,https://ecom-su-static-prod.wtrecom.com/images/products/3/LN_495450_BP_3.jpg,https://www.waitrose.com/ecom/products/the-mussel-shack-cooked-seafood-selection/495450-784184-784185,The Mussel Shack Cooked Seafood Selection,200g,£4.25,£2.13/100g,,Fresh & Chilled
595590,Waitrose PlantLiving Moroccan Style Falafels,G,false,2223,https://ecom-su-static-prod.wtrecom.com/images/products/3/LN_595590_BP_3.jpg,https://www.waitrose.com/ecom/products/waitrose-plantliving-moroccan-style-falafels/595590-704135-704136,Waitrose PlantLiving Moroccan Style Falafels,200g,£2.95,£1.48/100g,,Fresh & Chilled
054232,Marvel Original Dried Milk Powder,G,false,2224,https://ecom-su-static-prod.wtrecom.com/images/products/3/LN_054232_BP_3.jpg,https://www.waitrose.com/ecom/products/marvel-original-dried-milk-powder/054232-27217-27218,Marvel Original Dried Milk Powder,250g,£4.75,£1.90/100g,,Fresh & Chilled
540768,White Rabbit Pizza Co. The Smokin' Vegan,G,false,2225,https://ecom-su-static-prod.wtrecom.com/images/products/3/LN_540768_BP_3.jpg,https://www.waitrose.com/ecom/products/white-rabbit-pizza-co-the-smokin-vegan/540768-664931-664932,White Rabbit Pizza Co. The Smokin' Vegan,353g,£5.70,£16.15/kg,,Fresh & Chilled
530203,Wonderful Natural Almonds,G,true,2226,https://ecom-su-static-prod.wtrecom.com/images/products/3/LN_530203_BP_3.jpg,https://www.waitrose.com/ecom/products/wonderful-natural-almonds/530203-491973-491974,Wonderful Natural Almonds,140g,£2.50,£1.79/100g,save 80p. Was £3.30,Fresh & Chilled
762656,Waitrose British Native Breed Small Beef Topside,G,true,2227,https://ecom-su-static-prod.wtrecom.com/images/products/3/LN_762656_BP_3.jpg,https://www.waitrose.com/ecom/products/waitrose-british-native-breed-small-beef-topside/762656-806253-806254,Waitrose British Native Breed Small Beef Topside,Typical weight 0.9kg,£10.09 each est.,£11.21/kg,25% Off. Was £13.46,Fresh & Chilled
556145,Bonne Maman Peach & Apricot Compote Dessert,G,true,2228,https://ecom-su-static-prod.wtrecom.com/images/products/3/LN_556145_BP_3.jpg,https://www.waitrose.com/ecom/products/bonne-maman-peach-apricot-compote-dessert/556145-702747-702748,Bonne Maman Peach & Apricot Compote Dessert,2x130g,£2.75,£1.06/100g,save 70p. Was £3.45,Fresh & Chilled
871748,Limited Selection Tat Soi,G,false,2229,https://ecom-su-static-prod.wtrecom.com/images/products/3/LN_871748_BP_3.jpg,https://www.waitrose.com/ecom/products/limited-selection-tat-soi/871748-177466-177467,Limited Selection Tat Soi,200g,£2.10,£10.50/kg,,Fresh & Chilled
717599,Dell'Ugo Potato Gnocchi,G,false,2230,https://ecom-su-static-prod.wtrecom.com/images/products/3/LN_717599_BP_3.jpg,https://www.waitrose.com/ecom/products/dellugo-potato-gnocchi/717599-661931-661932,Dell'Ugo Potato Gnocchi,450g,£3.50,£7.78/kg,,Fresh & Chilled
834754,Waitrose New York Cheesecake with Salted Caramel & Honeycomb,G,true,2231,https://ecom-su-static-prod.wtrecom.com/images/products/3/LN_834754_BP_3.jpg,https://www.waitrose.com/ecom/products/waitrose-new-york-cheesecake-with-salted-caramel-honeycomb/834754-601820-601821,Waitrose New York Cheesecake with Salted Caramel & Honeycomb,463g,£3.93,84.9p/100g,25% Off. Was £5.25,Fresh & Chilled
788203,Fumagalli Organic Salami Milano,G,false,2232,https://ecom-su-static-prod.wtrecom.com/images/products/3/LN_788203_BP_3.jpg,https://www.waitrose.com/ecom/products/fumagalli-organic-salami-milano/788203-722459-722460,Fumagalli Organic Salami Milano,70g,£3.90,£5.58/100g,,Fresh & Chilled
685226,Waitrose Clotted Cream Rice Puddings,G,false,2233,https://ecom-su-static-prod.wtrecom.com/images/products/3/LN_685226_BP_3.jpg,https://www.waitrose.com/ecom/products/waitrose-clotted-cream-rice-puddings/685226-691774-691775,Waitrose Clotted Cream Rice Puddings,2x150g,£3.25,£1.09/100g,,Fresh & Chilled
588781,Quorn Vegan Chicken Slices,G,false,2234,https://ecom-su-static-prod.wtrecom.com/images/products/3/LN_588781_BP_3.jpg,https://www.waitrose.com/ecom/products/quorn-vegan-chicken-slices/588781-664961-664962,Quorn Vegan Chicken Slices,100g,£2.75,£27.50/kg,,Fresh & Chilled
068159,Waitrose Indian Chicken Saag Masala Curry for 2,G,false,2235,https://ecom-su-static-prod.wtrecom.com/images/products/3/LN_068159_BP_3.jpg,https://www.waitrose.com/ecom/products/waitrose-indian-chicken-saag-masala-curry-for-2/068159-34585-34586,Waitrose Indian Chicken Saag Masala Curry for 2,350g,£4.95,£14.15/kg,,Fresh & Chilled
859687,Levantine Table Herb Falafels,G,false,2236,https://ecom-su-static-prod.wtrecom.com/images/products/3/LN_859687_BP_3.jpg,https://www.waitrose.com/ecom/products/levantine-table-herb-falafels/859687-755699-755700,Levantine Table Herb Falafels,200g,£3.75,£1.88/100g,,Fresh & Chilled
034868,Alpro Soya Long Life Vanilla Dairy Free Original Milk Alternative,G,true,2237,https://ecom-su-static-prod.wtrecom.com/images/products/3/LN_034868_BP_3.jpg,https://www.waitrose.com/ecom/products/alpro-soya-long-life-vanilla-dairy-free-original-milk-alternative/034868-17587-17588,Alpro Soya Long Life Vanilla Dairy Free Original Milk Alternative,1litre,£1.50,£1.50/litre,save 50p. Was £2.00,Fresh & Chilled
088520,Essential Green Grapes,G,false,2238,https://ecom-su-static-prod.wtrecom.com/images/products/3/LN_088520_BP_3.jpg,https://www.waitrose.com/ecom/products/essential-green-grapes/088520-45445-45446,Essential Green Grapes,,£4.00,per kg,,Fresh & Chilled
476443,Bonne Maman Coffee Crème Dessert,G,true,2239,https://ecom-su-static-prod.wtrecom.com/images/products/3/LN_476443_BP_3.jpg,https://www.waitrose.com/ecom/products/bonne-maman-coffee-creme-dessert/476443-804656-804657,Bonne Maman Coffee Crème Dessert,2x90g,£1.50,83.3p/100g,save £1.00. Was £2.50,Fresh & Chilled
702724,Bastides Saucisson Sec À L'Ancienne,G,false,2240,https://ecom-su-static-prod.wtrecom.com/images/products/3/LN_702724_BP_3.jpg,https://www.waitrose.com/ecom/products/bastides-saucisson-sec-a-lancienne/702724-99740-99741,Bastides Saucisson Sec À L'Ancienne,200g,£5.75,£2.88/100g,,Fresh & Chilled
444497,Waitrose 2 Salmon Fillets in Thai Marinade,G,true,2241,https://ecom-su-static-prod.wtrecom.com/images/products/3/LN_444497_BP_3.jpg,https://www.waitrose.com/ecom/products/waitrose-2-salmon-fillets-in-thai-marinade/444497-538564-538565,Waitrose 2 Salmon Fillets in Thai Marinade,250g,£5.62,£22.48/kg,25% Off. Was £7.50,Fresh & Chilled
520208,Waitrose 2 Tandoori Plain Naans 2x130g,G,false,2242,https://ecom-su-static-prod.wtrecom.com/images/products/3/LN_520208_BP_3.jpg,https://www.waitrose.com/ecom/products/waitrose-2-tandoori-plain-naans-2x130g/520208-803514-803515,Waitrose 2 Tandoori Plain Naans 2x130g,2x130g,£2.75,£1.06/100g,,Fresh & Chilled
810351,Waitrose Coriander & Chilli King Prawns,G,false,2243,https://ecom-su-static-prod.wtrecom.com/images/products/3/LN_810351_BP_3.jpg,https://www.waitrose.com/ecom/products/waitrose-coriander-chilli-king-prawns/810351-538954-538955,Waitrose Coriander & Chilli King Prawns,150g,£4.50,£3/100g,,Fresh & Chilled
570614,Waitrose Seasoned Charlotte Potatoes,G,false,2244,https://ecom-su-static-prod.wtrecom.com/images/products/3/LN_570614_BP_3.jpg,https://www.waitrose.com/ecom/products/waitrose-seasoned-charlotte-potatoes/570614-497848-497849,Waitrose Seasoned Charlotte Potatoes,375g,£2.25,£6/kg,,Fresh & Chilled
745659,Oatly Oat Milk Long Life Dairy Free Semi Skimmed Milk Alternative,G,false,2245,https://ecom-su-static-prod.wtrecom.com/images/products/3/LN_745659_BP_3.jpg,https://www.waitrose.com/ecom/products/oatly-oat-milk-long-life-dairy-free-semi-skimmed-milk-alternative/745659-801038-801039,Oatly Oat Milk Long Life Dairy Free Semi Skimmed Milk Alternative,1litre,£2.00,£2/litre,,Fresh & Chilled
400196,No.1 Sicilian Lemon Tart,E,false,2246,https://ecom-su-static-prod.wtrecom.com/images/products/3/LN_400196_BP_3.jpg,https://www.waitrose.com/ecom/products/no1-sicilian-lemon-tart/400196-502547-502548,No.1 Sicilian Lemon Tart,Typical weight 910g,£12.50,£1.38/100g,,Fresh & Chilled
431534,Waitrose Cream of Tomato Soup,G,false,2247,https://ecom-su-static-prod.wtrecom.com/images/products/3/LN_431534_BP_3.jpg,https://www.waitrose.com/ecom/products/waitrose-cream-of-tomato-soup/431534-816420-816421,Waitrose Cream of Tomato Soup,600g,£2.85,47.5p/100g,,Fresh & Chilled
717520,Essential Caramel Surprise,G,false,2248,https://ecom-su-static-prod.wtrecom.com/images/products/3/LN_717520_BP_3.jpg,https://www.waitrose.com/ecom/products/essential-caramel-surprise/717520-486671-486672,Essential Caramel Surprise,150g,£1.35,90p/100g,,Fresh & Chilled
889580,No.1 Whisky Smoked Scottish Salmon,G,true,2249,https://ecom-su-static-prod.wtrecom.com/images/products/3/LN_889580_BP_3.jpg,https://www.waitrose.com/ecom/products/no1-whisky-smoked-scottish-salmon/889580-791817-791818,No.1 Whisky Smoked Scottish Salmon,100g,£5.21,£5.21/100g,Reduced to Clear. Was £6.95,Fresh & Chilled
642171,Essential Unsmoked Gammon Joint,G,false,2250,https://ecom-su-static-prod.wtrecom.com/images/products/3/LN_642171_BP_3.jpg,https://www.waitrose.com/ecom/products/essential-unsmoked-gammon-joint/642171-812647-812648,Essential Unsmoked Gammon Joint,750g,£7.00,£9.34/kg,,Fresh & Chilled
843731,Waitrose Italian Gorgonzola Dolce DOP Blue Cheese Strength 3,G,false,2251,https://ecom-su-static-prod.wtrecom.com/images/products/3/LN_843731_BP_3.jpg,https://www.waitrose.com/ecom/products/waitrose-italian-gorgonzola-dolce-dop-blue-cheese-strength-3/843731-704439-704440,Waitrose Italian Gorgonzola Dolce DOP Blue Cheese Strength 3,200g,£3.25,£16.25/kg,,Fresh & Chilled
401920,Waitrose Little Runners,G,false,2252,https://ecom-su-static-prod.wtrecom.com/images/products/3/LN_401920_BP_3.jpg,https://www.waitrose.com/ecom/products/waitrose-little-runners/401920-525286-525287,Waitrose Little Runners,200g,£2.25,£11.25/kg,,Fresh & Chilled
808369,Waitrose Moroccan Style Chicken Breast Chunks,G,true,2253,https://ecom-su-static-prod.wtrecom.com/images/products/3/LN_808369_BP_3.jpg,https://www.waitrose.com/ecom/products/waitrose-moroccan-style-chicken-breast-chunks/808369-620081-620082,Waitrose Moroccan Style Chicken Breast Chunks,300g,£4.50,£15/kg,Add 3 for £12,Fresh & Chilled
422145,PlantLiving: Frozen Mushroom & Chestnut Burgers,G,false,2254,https://ecom-su-static-prod.wtrecom.com/images/products/3/LN_422145_BP_3.jpg,https://www.waitrose.com/ecom/products/plantliving-frozen-mushroom-chestnut-burgers/422145-762266-762267,PlantLiving: Frozen Mushroom & Chestnut Burgers,227g,£3.00,£1.33/100g,,Fresh & Chilled
735463,Plants By Deliciously Ella Rich Sundried Tomato & Basil Tortelloni,G,false,2255,https://ecom-su-static-prod.wtrecom.com/images/products/3/LN_735463_BP_3.jpg,https://www.waitrose.com/ecom/products/plants-by-deliciously-ella-rich-sundried-tomato-basil-tortelloni/735463-804336-804337,Plants By Deliciously Ella Rich Sundried Tomato & Basil Tortelloni,250g,£3.50,£14/kg,,Fresh & Chilled
068912,Ginsters Peppered Steak Slice,G,false,2256,https://ecom-su-static-prod.wtrecom.com/images/products/3/LN_068912_BP_3.jpg,https://www.waitrose.com/ecom/products/ginsters-peppered-steak-slice/068912-34937-34938,Ginsters Peppered Steak Slice,170g,£2.00,£1.18/100g,,Fresh & Chilled
568595,Peppa Pig Strawberry Jelly,G,false,2257,https://ecom-su-static-prod.wtrecom.com/images/products/3/LN_568595_BP_3.jpg,https://www.waitrose.com/ecom/products/peppa-pig-strawberry-jelly/568595-289796-289797,Peppa Pig Strawberry Jelly,75g,80p,£1.07/100g,,Fresh & Chilled
605073,Unearthed Calabrian Antipasto Platter,G,true,2258,https://ecom-su-static-prod.wtrecom.com/images/products/3/LN_605073_BP_3.jpg,https://www.waitrose.com/ecom/products/unearthed-calabrian-antipasto-platter/605073-369425-369425,Unearthed Calabrian Antipasto Platter,90g,£3.15,£3.50/100g,25% Off. Was £4.20,Fresh & Chilled
547469,Waitrose Calorie Controlled Cottage Pie for 1,G,false,2259,https://ecom-su-static-prod.wtrecom.com/images/products/3/LN_547469_BP_3.jpg,https://www.waitrose.com/ecom/products/waitrose-calorie-controlled-cottage-pie-for-1/547469-763524-763525,Waitrose Calorie Controlled Cottage Pie for 1,400g,£3.75,£9.38/kg,,Fresh & Chilled
874701,Crosta & Mollica Stromboli Sourdough Pizza,G,true,2260,https://ecom-su-static-prod.wtrecom.com/images/products/3/LN_874701_BP_3.jpg,https://www.waitrose.com/ecom/products/crosta-mollica-stromboli-sourdough-pizza/874701-805705-805706,Crosta & Mollica Stromboli Sourdough Pizza,447g,£4.50,£10.07/kg,25% Off. Was £6.00,Fresh & Chilled
529608,Innocent Pure Apple & Mango Fruit Juice Large,G,true,2261,https://ecom-su-static-prod.wtrecom.com/images/products/3/LN_529608_BP_3.jpg,https://www.waitrose.com/ecom/products/innocent-pure-apple-mango-fruit-juice-large/529608-254472-254473,Innocent Pure Apple & Mango Fruit Juice Large,1.35litre,£3.00,22.2p/100ml,save £1.30. Was £4.30,Fresh & Chilled
088890,Waitrose Macadamia Nuts,G,false,2262,https://ecom-su-static-prod.wtrecom.com/images/products/3/LN_088890_BP_3.jpg,https://www.waitrose.com/ecom/products/waitrose-macadamia-nuts/088890-45689-45690,Waitrose Macadamia Nuts,150g,£4.50,£30/kg,,Fresh & Chilled
806464,Benecol Pomegranate No Added Sugar Yogurt Drinks,G,true,2263,https://ecom-su-static-prod.wtrecom.com/images/products/3/LN_806464_BP_3.jpg,https://www.waitrose.com/ecom/products/benecol-pomegranate-no-added-sugar-yogurt-drinks/806464-693466-693467,Benecol Pomegranate No Added Sugar Yogurt Drinks,6x67.5g,£4.50,£1.12/100g,Add 2 for £7.50,Fresh & Chilled
412223,Marigold Gluten Free & Vegan Engevita Yeast Flakes,G,false,2264,https://ecom-su-static-prod.wtrecom.com/images/products/3/LN_412223_BP_3.jpg,https://www.waitrose.com/ecom/products/marigold-gluten-free-vegan-engevita-yeast-flakes/412223-653909-653910,Marigold Gluten Free & Vegan Engevita Yeast Flakes,100g,£4.20,£4.20/100g,,Fresh & Chilled
852297,KP Dry Roasted Peanuts,G,false,2265,https://ecom-su-static-prod.wtrecom.com/images/products/3/LN_852297_BP_3.jpg,https://www.waitrose.com/ecom/products/kp-dry-roasted-peanuts/852297-666776-666777,KP Dry Roasted Peanuts,415g,£4.50,£1.09/100g,,Fresh & Chilled
478324,Waitrose Italian Roasted Tomato & Basil Risotto for 1,G,true,2266,https://ecom-su-static-prod.wtrecom.com/images/products/3/LN_478324_BP_3.jpg,https://www.waitrose.com/ecom/products/waitrose-italian-roasted-tomato-basil-risotto-for-1/478324-790897-790898,Waitrose Italian Roasted Tomato & Basil Risotto for 1,400g,£3.50,£8.75/kg,Add 2 for £6.50,Fresh & Chilled
784017,Japan Menyū Cabbage and Edamame Slaw,G,false,2267,https://ecom-su-static-prod.wtrecom.com/images/products/3/LN_784017_BP_3.jpg,https://www.waitrose.com/ecom/products/japan-meny-cabbage-and-edamame-slaw/784017-811003-811004,Japan Menyū Cabbage and Edamame Slaw,140g,£2.50,£1.79/100g,,Fresh & Chilled
791408,Waitrose Syrup Sponge Puddings,G,false,2268,https://ecom-su-static-prod.wtrecom.com/images/products/3/LN_791408_BP_3.jpg,https://www.waitrose.com/ecom/products/waitrose-syrup-sponge-puddings/791408-691912-691913,Waitrose Syrup Sponge Puddings,2x105g,£2.95,£1.41/100g,,Fresh & Chilled
819629,Deliciously Ella Vegan Chocolate Orange Almonds,G,false,2269,https://ecom-su-static-prod.wtrecom.com/images/products/3/LN_819629_BP_3.jpg,https://www.waitrose.com/ecom/products/deliciously-ella-vegan-chocolate-orange-almonds/819629-735932-735933,Deliciously Ella Vegan Chocolate Orange Almonds,81g,£2.90,£3.59/100g,,Fresh & Chilled
658888,Innocent Pure Smooth Orange Fruit Juice Family Size,G,false,2270,https://ecom-su-static-prod.wtrecom.com/images/products/3/LN_658888_BP_3.jpg,https://www.waitrose.com/ecom/products/innocent-pure-smooth-orange-fruit-juice-family-size/658888-790931-790932,Innocent Pure Smooth Orange Fruit Juice Family Size,1750ml,£4.85,£2.78/litre,,Fresh & Chilled
548569,"Innocent Mangoes, Passionfruits & Apples Fruit Smoothie Large",G,true,2271,https://ecom-su-static-prod.wtrecom.com/images/products/3/LN_548569_BP_3.jpg,https://www.waitrose.com/ecom/products/innocent-mangoes-passionfruits-apples-fruit-smoothie-large/548569-138740-138741,"Innocent Mangoes, Passionfruits & Apples Fruit Smoothie Large",750ml,£2.50,33.3p/100ml,save £1.20. Was £3.70,Fresh & Chilled
021403,Waitrose Good to Go Freshly Squeezed Orange Juice,G,true,2272,https://ecom-su-static-prod.wtrecom.com/images/products/3/LN_021403_BP_3.jpg,https://www.waitrose.com/ecom/products/waitrose-good-to-go-freshly-squeezed-orange-juice/021403-416371-10459,Waitrose Good to Go Freshly Squeezed Orange Juice,250ml,£1.40,56p/100ml,"£5 Food to Go Meal Deal: Add 1 Main, 1 Snack and 1 Drink",Fresh & Chilled
889533,THIS Isn't Pork Plant-Based Sausages,G,true,2273,https://ecom-su-static-prod.wtrecom.com/images/products/3/LN_889533_BP_3.jpg,https://www.waitrose.com/ecom/products/this-isnt-pork-plant-based-sausages/889533-794622-794623,THIS Isn't Pork Plant-Based Sausages,270g,£2.88,£10.67/kg,20% Off. Was £3.60,Fresh & Chilled
569493,"Waitrose Nuts, Fruit & Seeds",G,true,2274,https://ecom-su-static-prod.wtrecom.com/images/products/3/LN_569493_BP_3.jpg,https://www.waitrose.com/ecom/products/waitrose-nuts-fruit-seeds/569493-480889-480890,"Waitrose Nuts, Fruit & Seeds",60g,£1.00,£1.67/100g,"£5 Food to Go Meal Deal: Add 1 Main, 1 Snack and 1 Drink",Fresh & Chilled
431252,FAGE Fruits Strawberry Greek Yoghurt,G,true,2275,https://ecom-su-static-prod.wtrecom.com/images/products/3/LN_431252_BP_3.jpg,https://www.waitrose.com/ecom/products/fage-fruits-strawberry-greek-yoghurt/431252-783594-783595,FAGE Fruits Strawberry Greek Yoghurt,380g,£1.50,39.5p/100g,save £1.15. Was £2.65,Fresh & Chilled
608159,Waitrose Italian Mushroom Pappardelle for 1,G,true,2276,https://ecom-su-static-prod.wtrecom.com/images/products/3/LN_608159_BP_3.jpg,https://www.waitrose.com/ecom/products/waitrose-italian-mushroom-pappardelle-for-1/608159-759088-759089,Waitrose Italian Mushroom Pappardelle for 1,375g,£3.50,£9.34/kg,Add 2 for £6.50,Fresh & Chilled
011543,Essential Pineapple Cottage Cheese Strength 1,G,false,2277,https://ecom-su-static-prod.wtrecom.com/images/products/3/LN_011543_BP_3.jpg,https://www.waitrose.com/ecom/products/essential-pineapple-cottage-cheese-strength-1/011543-5728-5729,Essential Pineapple Cottage Cheese Strength 1,300g,£1.40,£4.67/kg,,Fresh & Chilled
894709,Waitrose Indian Prawn Mango Masala Curry for 2,G,false,2278,https://ecom-su-static-prod.wtrecom.com/images/products/3/LN_894709_BP_3.jpg,https://www.waitrose.com/ecom/products/waitrose-indian-prawn-mango-masala-curry-for-2/894709-172092-172093,Waitrose Indian Prawn Mango Masala Curry for 2,350g,£4.95,£14.15/kg,,Fresh & Chilled
892707,Dairylea Spreadable Cheese,G,true,2279,https://ecom-su-static-prod.wtrecom.com/images/products/3/LN_892707_BP_3.jpg,https://www.waitrose.com/ecom/products/dairylea-spreadable-cheese/892707-690852-690853,Dairylea Spreadable Cheese,145g,£1.60,£11.04/kg,20% Off. Was £2.00,Fresh & Chilled
555974,Coldpress Pink Lady Apple Juice,G,true,2280,https://ecom-su-static-prod.wtrecom.com/images/products/3/LN_555974_BP_3.jpg,https://www.waitrose.com/ecom/products/coldpress-pink-lady-apple-juice/555974-166695-166696,Coldpress Pink Lady Apple Juice,750ml,£2.50,33.3p/100ml,save 75p. Was £3.25,Fresh & Chilled
539843,Activia Strawberry Raspberry Vanilla Peach No Added Sugar Gut Health Yougurt Multipack,G,false,2281,https://ecom-su-static-prod.wtrecom.com/images/products/3/LN_539843_BP_3.jpg,https://www.waitrose.com/ecom/products/activia-strawberry-raspberry-vanilla-peach-no-added-sugar-gut-health-yougurt-multipack/539843-690793-690793,Activia Strawberry Raspberry Vanilla Peach No Added Sugar Gut Health Yougurt Multipack,8x115g,£4.40,47.8p/100g,,Fresh & Chilled
684636,Lindahls Kvarg Peach Passion High Protein Yogurt Single,G,true,2282,https://ecom-su-static-prod.wtrecom.com/images/products/3/LN_684636_BP_3.jpg,https://www.waitrose.com/ecom/products/lindahls-kvarg-peach-passion-high-protein-yogurt-single/684636-673741-673742,Lindahls Kvarg Peach Passion High Protein Yogurt Single,150g,£1.30,86.7p/100g,Add 2 for £1.50,Fresh & Chilled
834640,Waitrose 20 Succulent Pork Meatballs,G,true,2283,https://ecom-su-static-prod.wtrecom.com/images/products/3/LN_834640_BP_3.jpg,https://www.waitrose.com/ecom/products/waitrose-20-succulent-pork-meatballs/834640-661207-661208,Waitrose 20 Succulent Pork Meatballs,300g,£2.70,£9/kg,25% Off. Was £3.60,Fresh & Chilled
796156,"Charlie Bigham's Chicken, Ham & Leek Ceramic Pie",G,true,2284,https://ecom-su-static-prod.wtrecom.com/images/products/3/LN_796156_BP_3.jpg,https://www.waitrose.com/ecom/products/charlie-bighams-chicken-ham-leek-ceramic-pie/796156-811015-811016,"Charlie Bigham's Chicken, Ham & Leek Ceramic Pie",300g,£6.00,£2/100g,Add 2 for £11,Fresh & Chilled
831785,Waitrose Lactose Free Greek Feta Cheese Strength 3,G,false,2285,https://ecom-su-static-prod.wtrecom.com/images/products/3/LN_831785_BP_3.jpg,https://www.waitrose.com/ecom/products/waitrose-lactose-free-greek-feta-cheese-strength-3/831785-680847-680848,Waitrose Lactose Free Greek Feta Cheese Strength 3,200g,£2.50,£12.50/kg,,Fresh & Chilled
767314,Duchy Organic Houmous,G,false,2286,https://ecom-su-static-prod.wtrecom.com/images/products/3/LN_767314_BP_3.jpg,https://www.waitrose.com/ecom/products/duchy-organic-houmous/767314-824590-824591,Duchy Organic Houmous,300g,£3.00,£1/100g,,Fresh & Chilled
664453,Waitrose Protein Strawberry Yogurt,G,true,2287,https://ecom-su-static-prod.wtrecom.com/images/products/3/LN_664453_BP_3.jpg,https://www.waitrose.com/ecom/products/waitrose-protein-strawberry-yogurt/664453-822507-822508,Waitrose Protein Strawberry Yogurt,200g,£1.04,52p/100g,20% Off. Was £1.30,Fresh & Chilled
875473,Waitrose Roquefort Blue Cheese Strength 5,G,false,2288,https://ecom-su-static-prod.wtrecom.com/images/products/3/LN_875473_BP_3.jpg,https://www.waitrose.com/ecom/products/waitrose-roquefort-blue-cheese-strength-5/875473-268311-268312,Waitrose Roquefort Blue Cheese Strength 5,100g,£2.75,£27.50/kg,,Fresh & Chilled
531160,Mockingbird Raw Press Raw Greens Virgin Smoothie Single,G,true,2289,https://ecom-su-static-prod.wtrecom.com/images/products/3/LN_531160_BP_3.jpg,https://www.waitrose.com/ecom/products/mockingbird-raw-press-raw-greens-virgin-smoothie-single/531160-795086-795087,Mockingbird Raw Press Raw Greens Virgin Smoothie Single,250ml,£2.75,£1.10/100ml,"£5 Food to Go Meal Deal: Add 1 Main, 1 Snack and 1 Drink",Fresh & Chilled
409122,Essential British Beef Rolled Brisket,G,false,2290,https://ecom-su-static-prod.wtrecom.com/images/products/3/LN_409122_BP_3.jpg,https://www.waitrose.com/ecom/products/essential-british-beef-rolled-brisket/409122-806223-806224,Essential British Beef Rolled Brisket,Typical weight 0.75kg,£10.50 each est.,£14.00/kg,,Fresh & Chilled
561370,Waitrose Frankfurters 10 Pack,G,false,2291,https://ecom-su-static-prod.wtrecom.com/images/products/3/LN_561370_BP_3.jpg,https://www.waitrose.com/ecom/products/waitrose-frankfurters-10-pack/561370-827200-827201,Waitrose Frankfurters 10 Pack,350g,£3.20,£9.15/kg,,Fresh & Chilled
523852,No. 1 Beemster Dutch Gouda Cheese PDO,G,false,2292,https://ecom-su-static-prod.wtrecom.com/images/products/3/LN_523852_BP_3.jpg,https://www.waitrose.com/ecom/products/no-1-beemster-dutch-gouda-cheese-pdo/523852-497792-497793,No. 1 Beemster Dutch Gouda Cheese PDO,150g,£3.45,£23/kg,,Fresh & Chilled
884415,La Vie Plant-Based Smoked Bacon,G,false,2293,https://ecom-su-static-prod.wtrecom.com/images/products/3/LN_884415_BP_3.jpg,https://www.waitrose.com/ecom/products/la-vie-plant-based-smoked-bacon/884415-788439-788440,La Vie Plant-Based Smoked Bacon,120g,£3.60,£30/kg,,Fresh & Chilled
653330,Higgidy Porcini Mushroom & Spinach Quiche,G,true,2294,https://ecom-su-static-prod.wtrecom.com/images/products/3/LN_653330_BP_3.jpg,https://www.waitrose.com/ecom/products/higgidy-porcini-mushroom-spinach-quiche/653330-745229-745230,Higgidy Porcini Mushroom & Spinach Quiche,155g,£2.50,£1.62/100g,save £1.00. Was £3.50,Fresh & Chilled
895929,Japan Menyu Chicken Teriyaki Donburi Rice Bowl for 1,G,true,2295,https://ecom-su-static-prod.wtrecom.com/images/products/3/LN_895929_BP_3.jpg,https://www.waitrose.com/ecom/products/japan-menyu-chicken-teriyaki-donburi-rice-bowl-for-1/895929-811082-811083,Japan Menyu Chicken Teriyaki Donburi Rice Bowl for 1,350g,£4.60,£1.32/100g,20% Off. Was £5.75,Fresh & Chilled
741387,Essential Roasted Vegetable Pizza,G,false,2296,https://ecom-su-static-prod.wtrecom.com/images/products/3/LN_741387_BP_3.jpg,https://www.waitrose.com/ecom/products/essential-roasted-vegetable-pizza/741387-824395-824396,Essential Roasted Vegetable Pizza,280g,£1.40,£5/kg,,Fresh & Chilled
448004,Waitrose Mature Cheddar Ploughman's Sandwich,G,true,2297,https://ecom-su-static-prod.wtrecom.com/images/products/3/LN_448004_BP_3.jpg,https://www.waitrose.com/ecom/products/waitrose-mature-cheddar-ploughmans-sandwich/448004-804650-804651,Waitrose Mature Cheddar Ploughman's Sandwich,each,£3.20,£3.20 each,"£5 Food to Go Meal Deal: Add 1 Main, 1 Snack and 1 Drink",Fresh & Chilled
838422,Deliciously Ella Gluten Free & Vegan Cacao & Almond,G,true,2298,https://ecom-su-static-prod.wtrecom.com/images/products/3/LN_838422_BP_3.jpg,https://www.waitrose.com/ecom/products/deliciously-ella-gluten-free-vegan-cacao-almond/838422-524293-524294,Deliciously Ella Gluten Free & Vegan Cacao & Almond,40g,£1.00,£2.50/100g,save 85p. Was £1.85,Fresh & Chilled
713195,Japan Menyū Ready to Fill Steamed Buns - 6s,G,true,2299,https://ecom-su-static-prod.wtrecom.com/images/products/3/LN_713195_BP_3.jpg,https://www.waitrose.com/ecom/products/japan-meny-ready-to-fill-steamed-buns-6s/713195-810967-810968,Japan Menyū Ready to Fill Steamed Buns - 6s,168g,£2.20,£1.31/100g,20% Off. Was £2.75,Fresh & Chilled
764835,Waitrose Treacle Tart,G,false,2300,https://ecom-su-static-prod.wtrecom.com/images/products/3/LN_764835_BP_3.jpg,https://www.waitrose.com/ecom/products/waitrose-treacle-tart/764835-108755-108756,Waitrose Treacle Tart,300g,£3.35,£1.12/100g,,Fresh & Chilled
508810,No.1 PDO Perigord Walnut Saucisson Sec,G,false,2301,https://ecom-su-static-prod.wtrecom.com/images/products/3/LN_508810_BP_3.jpg,https://www.waitrose.com/ecom/products/no1-pdo-perigord-walnut-saucisson-sec/508810-704909-704910,No.1 PDO Perigord Walnut Saucisson Sec,170g,£5.60,£3.30/100g,,Fresh & Chilled
878068,Waitrose 4 British Lamb Loin Chops,G,true,2302,https://ecom-su-static-prod.wtrecom.com/images/products/3/LN_878068_BP_3.jpg,https://www.waitrose.com/ecom/products/waitrose-4-british-lamb-loin-chops/878068-150075-150076,Waitrose 4 British Lamb Loin Chops,Typical weight 0.54kg,£11.59 each est.,£21.36/kg,25% Off. Was £15.46,Fresh & Chilled
749455,"Innocent Kids Strawberries, Raspberries & Apples Fruit Smoothies",G,true,2303,https://ecom-su-static-prod.wtrecom.com/images/products/3/LN_749455_BP_3.jpg,https://www.waitrose.com/ecom/products/innocent-kids-strawberries-raspberries-apples-fruit-smoothies/749455-722399-722400,"Innocent Kids Strawberries, Raspberries & Apples Fruit Smoothies",10x150ml,£5.50,36.7p/100ml,save £1.85. Was £7.35,Fresh & Chilled
011995,Lipton Ice Tea Lemon,G,true,2304,https://ecom-su-static-prod.wtrecom.com/images/products/3/LN_011995_BP_3.jpg,https://www.waitrose.com/ecom/products/lipton-ice-tea-lemon/011995-5930-5931,Lipton Ice Tea Lemon,1.25litre,£1.50,12p/100ml,save 85p. Was £2.35,Fresh & Chilled
704196,No.1 Pappardelle,G,false,2305,https://ecom-su-static-prod.wtrecom.com/images/products/3/LN_704196_BP_3.jpg,https://www.waitrose.com/ecom/products/no1-pappardelle/704196-793262-793263,No.1 Pappardelle,350g,£2.70,77.1p/100g,,Fresh & Chilled
648745,Yeo Valley Mango & Passionfruit Organic Kefir Drink,G,true,2306,https://ecom-su-static-prod.wtrecom.com/images/products/3/LN_648745_BP_3.jpg,https://www.waitrose.com/ecom/products/yeo-valley-mango-passionfruit-organic-kefir-drink/648745-785748-785749,Yeo Valley Mango & Passionfruit Organic Kefir Drink,500ml,£1.75,35p/100ml,save 75p. Was £2.50,Fresh & Chilled
472714,Cauldron Original Tofu,G,false,2307,https://ecom-su-static-prod.wtrecom.com/images/products/3/LN_472714_BP_3.jpg,https://www.waitrose.com/ecom/products/cauldron-original-tofu/472714-66684-66685,Cauldron Original Tofu,396g,£2.90,£7.33/kg,,Fresh & Chilled
585831,Bastides Petits Saucissons Secs,G,false,2308,https://ecom-su-static-prod.wtrecom.com/images/products/3/LN_585831_BP_3.jpg,https://www.waitrose.com/ecom/products/bastides-petits-saucissons-secs/585831-525646-525647,Bastides Petits Saucissons Secs,80g,£4.00,£5/100g,,Fresh & Chilled
832059,THIS Isn't Beef Plant-Based Burgers,G,false,2309,https://ecom-su-static-prod.wtrecom.com/images/products/3/LN_832059_BP_3.jpg,https://www.waitrose.com/ecom/products/this-isnt-beef-plant-based-burgers/832059-794608-794609,THIS Isn't Beef Plant-Based Burgers,226g,£3.60,£15.93/kg,,Fresh & Chilled
884102,Boursin Lemon & Rosemary Soft French Cream Cheese,G,false,2310,https://ecom-su-static-prod.wtrecom.com/images/products/3/LN_884102_BP_3.jpg,https://www.waitrose.com/ecom/products/boursin-lemon-rosemary-soft-french-cream-cheese/884102-823889-823890,Boursin Lemon & Rosemary Soft French Cream Cheese,150g,£2.75,£18.34/kg,,Fresh & Chilled
004550,Waitrose Chicken & Bacon Caesar Wrap,G,true,2311,https://ecom-su-static-prod.wtrecom.com/images/products/3/LN_004550_BP_3.jpg,https://www.waitrose.com/ecom/products/waitrose-chicken-bacon-caesar-wrap/004550-1929-1930,Waitrose Chicken & Bacon Caesar Wrap,each,£3.90,£3.90 each,"£5 Food to Go Meal Deal: Add 1 Main, 1 Snack and 1 Drink",Fresh & Chilled
677176,Cully & Sully Chicken & Vegetable Soup,G,false,2312,https://ecom-su-static-prod.wtrecom.com/images/products/3/LN_677176_BP_3.jpg,https://www.waitrose.com/ecom/products/cully-sully-chicken-vegetable-soup/677176-810540-810541,Cully & Sully Chicken & Vegetable Soup,400g,£2.40,60p/100g,,Fresh & Chilled
541212,Waitrose Seafood Deli Filler,G,false,2313,https://ecom-su-static-prod.wtrecom.com/images/products/3/LN_541212_BP_3.jpg,https://www.waitrose.com/ecom/products/waitrose-seafood-deli-filler/541212-816436-816437,Waitrose Seafood Deli Filler,220g,£2.40,£1.10/100g,,Fresh & Chilled
842029,"Innocent Kids Peaches, Passion Fruits & Oranges Fruit Smoothies",G,false,2314,https://ecom-su-static-prod.wtrecom.com/images/products/3/LN_842029_BP_3.jpg,https://www.waitrose.com/ecom/products/innocent-kids-peaches-passion-fruits-oranges-fruit-smoothies/842029-722590-722591,"Innocent Kids Peaches, Passion Fruits & Oranges Fruit Smoothies",4x150ml,£3.80,63.3p/100ml,,Fresh & Chilled
618081,Charlie Bigham's Four Cheese Macaroni For 2,G,false,2315,https://ecom-su-static-prod.wtrecom.com/images/products/3/LN_618081_BP_3.jpg,https://www.waitrose.com/ecom/products/charlie-bighams-four-cheese-macaroni-for-2/618081-816342-816343,Charlie Bigham's Four Cheese Macaroni For 2,670g,£8.50,£1.27/100g,,Fresh & Chilled
847151,"Waitrose Apple, Pear & Kiwi Smoothie Large",G,false,2316,https://ecom-su-static-prod.wtrecom.com/images/products/3/LN_847151_BP_3.jpg,https://www.waitrose.com/ecom/products/waitrose-apple-pear-kiwi-smoothie-large/847151-762196-762197,"Waitrose Apple, Pear & Kiwi Smoothie Large",750ml,£2.00,26.7p/100ml,,Fresh & Chilled
598724,No.1 Truffle Saucisson Sec,G,false,2317,https://ecom-su-static-prod.wtrecom.com/images/products/3/LN_598724_BP_3.jpg,https://www.waitrose.com/ecom/products/no1-truffle-saucisson-sec/598724-705140-705141,No.1 Truffle Saucisson Sec,170g,£5.60,£3.30/100g,,Fresh & Chilled
416479,Monterey Jack 1840 Sliced Cheese,G,false,2318,https://ecom-su-static-prod.wtrecom.com/images/products/3/LN_416479_BP_3.jpg,https://www.waitrose.com/ecom/products/monterey-jack-1840-sliced-cheese/416479-697934-697935,Monterey Jack 1840 Sliced Cheese,160g,£2.75,£17.19/kg,,Fresh & Chilled
450692,Waitrose Indian Vegetable Masala Curry for 2,G,false,2319,https://ecom-su-static-prod.wtrecom.com/images/products/3/LN_450692_BP_3.jpg,https://www.waitrose.com/ecom/products/waitrose-indian-vegetable-masala-curry-for-2/450692-373081-373082,Waitrose Indian Vegetable Masala Curry for 2,350g,£4.95,£14.15/kg,,Fresh & Chilled
631813,Waitrose Indian Tarka Dal,G,false,2320,https://ecom-su-static-prod.wtrecom.com/images/products/3/LN_631813_BP_3.jpg,https://www.waitrose.com/ecom/products/waitrose-indian-tarka-dal/631813-170834-170835,Waitrose Indian Tarka Dal,300g,£2.85,£9.50/kg,,Fresh & Chilled
038051,Waitrose Hazelnuts,G,false,2321,https://ecom-su-static-prod.wtrecom.com/images/products/3/LN_038051_BP_3.jpg,https://www.waitrose.com/ecom/products/waitrose-hazelnuts/038051-18996-18997,Waitrose Hazelnuts,150g,£3.25,£2.17/100g,,Fresh & Chilled
894608,GetPRO Chocolate Protein Mousse,G,false,2322,https://ecom-su-static-prod.wtrecom.com/images/products/3/LN_894608_BP_3.jpg,https://www.waitrose.com/ecom/products/getpro-chocolate-protein-mousse/894608-822537-822538,GetPRO Chocolate Protein Mousse,200g,£2.50,£1.25/100g,,Fresh & Chilled
469619,Oatly Oat Milk Dairy Free Skinny Milk Alternative,G,false,2323,https://ecom-su-static-prod.wtrecom.com/images/products/3/LN_469619_BP_3.jpg,https://www.waitrose.com/ecom/products/oatly-oat-milk-dairy-free-skinny-milk-alternative/469619-677218-677219,Oatly Oat Milk Dairy Free Skinny Milk Alternative,1litre,£2.20,£2.20/litre,,Fresh & Chilled
885142,Waitrose Chinese Char Siu Pork for 2,G,true,2324,https://ecom-su-static-prod.wtrecom.com/images/products/3/LN_885142_BP_3.jpg,https://www.waitrose.com/ecom/products/waitrose-chinese-char-siu-pork-for-2/885142-555473-555474,Waitrose Chinese Char Siu Pork for 2,350g,£5.10,£14.58/kg,£12 South East & East Asian Meal Deal : Add 2 Mains & 2 Sides,Fresh & Chilled
652559,Higgidy Feta & Red Pepper Rolls,G,true,2325,https://ecom-su-static-prod.wtrecom.com/images/products/3/LN_652559_BP_3.jpg,https://www.waitrose.com/ecom/products/higgidy-feta-red-pepper-rolls/652559-550129-550130,Higgidy Feta & Red Pepper Rolls,160g,£2.50,£1.57/100g,save 95p. Was £3.45,Fresh & Chilled
487299,Cooks' Ingredients Chorizo Crumb,G,true,2326,https://ecom-su-static-prod.wtrecom.com/images/products/3/LN_487299_BP_3.jpg,https://www.waitrose.com/ecom/products/cooks-ingredients-chorizo-crumb/487299-525468-525469,Cooks' Ingredients Chorizo Crumb,120g,£2.56,£2.14/100g,20% Off. Was £3.20,Fresh & Chilled
085519,Duchy Organic White Cabbage,G,false,2327,https://ecom-su-static-prod.wtrecom.com/images/products/3/LN_085519_BP_3.jpg,https://www.waitrose.com/ecom/products/duchy-organic-white-cabbage/085519-43604-43605,Duchy Organic White Cabbage,Typical weight 0.69kg,£1.32 each est.,£1.90/kg,,Fresh & Chilled
809840,Waitrose Chocolate Sponge Puddings,G,true,2328,https://ecom-su-static-prod.wtrecom.com/images/products/3/LN_809840_BP_3.jpg,https://www.waitrose.com/ecom/products/waitrose-chocolate-sponge-puddings/809840-691970-691971,Waitrose Chocolate Sponge Puddings,2x105g,£2.95,£1.41/100g,£8 Chicken Dinner Meal Deal: Add 1 Main & 2 Extras,Fresh & Chilled
451237,Waitrose Coronation Chicken Sandwich,G,true,2329,https://ecom-su-static-prod.wtrecom.com/images/products/3/LN_451237_BP_3.jpg,https://www.waitrose.com/ecom/products/waitrose-coronation-chicken-sandwich/451237-274047-274048,Waitrose Coronation Chicken Sandwich,each,£3.95,£3.95 each,"£5 Food to Go Meal Deal: Add 1 Main, 1 Snack and 1 Drink",Fresh & Chilled
711761,Mockingbird Raw Press Raw Greens Virgin Smoothie Large,G,true,2330,https://ecom-su-static-prod.wtrecom.com/images/products/3/LN_711761_BP_3.jpg,https://www.waitrose.com/ecom/products/mockingbird-raw-press-raw-greens-virgin-smoothie-large/711761-741300-741301,Mockingbird Raw Press Raw Greens Virgin Smoothie Large,750ml,£3.16,42.1p/100ml,Save 1/3. Was £4.75,Fresh & Chilled
718389,Attis Cypriot Halloumi Sliced Cheese,G,true,2331,https://ecom-su-static-prod.wtrecom.com/images/products/3/LN_718389_BP_3.jpg,https://www.waitrose.com/ecom/products/attis-cypriot-halloumi-sliced-cheese/718389-595196-595197,Attis Cypriot Halloumi Sliced Cheese,200g,£2.10,£10.50/kg,Save 1/3. Was £3.15,Fresh & Chilled
088184,Essential Peach,G,false,2332,https://ecom-su-static-prod.wtrecom.com/images/products/3/LN_088184_BP_3.jpg,https://www.waitrose.com/ecom/products/essential-peach/088184-45154-45155,Essential Peach,Each,70p,70p each,,Fresh & Chilled
685255,"No.1 Soignon Goat's Cheese, Fig & Caramelised Shallot Quiche",G,true,2333,https://ecom-su-static-prod.wtrecom.com/images/products/3/LN_685255_BP_3.jpg,https://www.waitrose.com/ecom/products/no1-soignon-goats-cheese-fig-caramelised-shallot-quiche/685255-827216-827217,"No.1 Soignon Goat's Cheese, Fig & Caramelised Shallot Quiche",2x144g,£4.00,,Introductory Offer.Will be £5.00,Fresh & Chilled
401499,La Famiglia Rana Mushroom & Mascarpone Tortelloni,G,true,2334,https://ecom-su-static-prod.wtrecom.com/images/products/3/LN_401499_BP_3.jpg,https://www.waitrose.com/ecom/products/la-famiglia-rana-mushroom-mascarpone-tortelloni/401499-813854-813855,La Famiglia Rana Mushroom & Mascarpone Tortelloni,250g,£2.40,£9.60/kg,20% Off. Was £3.00,Fresh & Chilled
783659,Actimel Immunity Strawberry & Blueberry Live Yogurt Drinks,G,true,2335,https://ecom-su-static-prod.wtrecom.com/images/products/3/LN_783659_BP_3.jpg,https://www.waitrose.com/ecom/products/actimel-immunity-strawberry-blueberry-live-yogurt-drinks/783659-337147-337147,Actimel Immunity Strawberry & Blueberry Live Yogurt Drinks,12x100g,£3.00,25p/100g,save £1.75. Was £4.75,Fresh & Chilled
805624,Cornish Quartz Cheddar & Pickles,G,true,2336,https://ecom-su-static-prod.wtrecom.com/images/products/3/LN_805624_BP_3.jpg,https://www.waitrose.com/ecom/products/cornish-quartz-cheddar-pickles/805624-803618-803619,Cornish Quartz Cheddar & Pickles,160g,£4.00,£2.50/100g,Add 2 for £5.50,Fresh & Chilled
526532,Crosta & Mollica Pizzeria Fiorentina Pizza,G,true,2337,https://ecom-su-static-prod.wtrecom.com/images/products/3/LN_526532_BP_3.jpg,https://www.waitrose.com/ecom/products/crosta-mollica-pizzeria-fiorentina-pizza/526532-702683-702684,Crosta & Mollica Pizzeria Fiorentina Pizza,443g,£4.50,£10.16/kg,25% Off. Was £6.00,Fresh & Chilled
446346,Innocent Strawberries & Bananas Fruit Smoothie Large,G,true,2338,https://ecom-su-static-prod.wtrecom.com/images/products/3/LN_446346_BP_3.jpg,https://www.waitrose.com/ecom/products/innocent-strawberries-bananas-fruit-smoothie-large/446346-138685-138686,Innocent Strawberries & Bananas Fruit Smoothie Large,750ml,£2.50,33.3p/100ml,save £1.20. Was £3.70,Fresh & Chilled
849117,Cocos Organic Coconut Kefir Drink,G,true,2339,https://ecom-su-static-prod.wtrecom.com/images/products/3/LN_849117_BP_3.jpg,https://www.waitrose.com/ecom/products/cocos-organic-coconut-kefir-drink/849117-724686-724687,Cocos Organic Coconut Kefir Drink,500ml,£3.00,60p/100ml,20% Off. Was £3.75,Fresh & Chilled
045670,"Innocent Mangoes, Passionfruits & Apples No Added Sugar Fruit Smoothie Single",G,true,2340,https://ecom-su-static-prod.wtrecom.com/images/products/3/LN_045670_BP_3.jpg,https://www.waitrose.com/ecom/products/innocent-mangoes-passionfruits-apples-no-added-sugar-fruit-smoothie-single/045670-22500-22501,"Innocent Mangoes, Passionfruits & Apples No Added Sugar Fruit Smoothie Single",250ml,£2.10,84p/100ml,"£5 Food to Go Meal Deal: Add 1 Main, 1 Snack and 1 Drink",Fresh & Chilled
898141,Waitrose Hearty Chicken Multigrain Soup,G,false,2341,https://ecom-su-static-prod.wtrecom.com/images/products/3/LN_898141_BP_3.jpg,https://www.waitrose.com/ecom/products/waitrose-hearty-chicken-multigrain-soup/898141-711356-711357,Waitrose Hearty Chicken Multigrain Soup,600g,£3.00,50p/100g,,Fresh & Chilled
506906,Charlie Bigham's Coq au Vin for 2,G,false,2342,https://ecom-su-static-prod.wtrecom.com/images/products/3/LN_506906_BP_3.jpg,https://www.waitrose.com/ecom/products/charlie-bighams-coq-au-vin-for-2/506906-741078-741079,Charlie Bigham's Coq au Vin for 2,805g,£9.50,£11.81/kg,,Fresh & Chilled
862065,Sproud Original Unsweetened Vegan Pea-based Milk Alternative,G,false,2343,https://ecom-su-static-prod.wtrecom.com/images/products/3/LN_862065_BP_3.jpg,https://www.waitrose.com/ecom/products/sproud-original-unsweetened-vegan-pea-based-milk-alternative/862065-695252-695253,Sproud Original Unsweetened Vegan Pea-based Milk Alternative,1litre,£2.25,£2.25/litre,,Fresh & Chilled
690128,GOOD TO GO Large Vegetable Samosa,G,true,2344,https://ecom-su-static-prod.wtrecom.com/images/products/3/LN_690128_BP_3.jpg,https://www.waitrose.com/ecom/products/good-to-go-large-vegetable-samosa/690128-98029-98030,GOOD TO GO Large Vegetable Samosa,110g,£2.40,£2.19/100g,"£5 Food to Go Meal Deal: Add 1 Main, 1 Snack and 1 Drink",Fresh & Chilled
746730,Waitrose New York Cheesecake with Raspberry & Passion Fruit,G,false,2345,https://ecom-su-static-prod.wtrecom.com/images/products/3/LN_746730_BP_3.jpg,https://www.waitrose.com/ecom/products/waitrose-new-york-cheesecake-with-raspberry-passion-fruit/746730-601780-601781,Waitrose New York Cheesecake with Raspberry & Passion Fruit,528g,£5.75,£1.09/100g,,Fresh & Chilled
817964,Higgidy Garlic Roasted Broccoli and Vintage Cheddar Quiche,G,false,2346,https://ecom-su-static-prod.wtrecom.com/images/products/3/LN_817964_BP_3.jpg,https://www.waitrose.com/ecom/products/higgidy-garlic-roasted-broccoli-and-vintage-cheddar-quiche/817964-695817-695818,Higgidy Garlic Roasted Broccoli and Vintage Cheddar Quiche,400g,£4.85,£1.22/100g,,Fresh & Chilled
730684,"Waitrose Cauliflower, Kale & Couscous",G,false,2347,https://ecom-su-static-prod.wtrecom.com/images/products/3/LN_730684_BP_3.jpg,https://www.waitrose.com/ecom/products/waitrose-cauliflower-kale-couscous/730684-525892-525893,"Waitrose Cauliflower, Kale & Couscous",300g,£2.50,83.3p/100g,,Fresh & Chilled
925003,Oato Barista Fresh Whole Oat Drink,G,false,2348,https://ecom-su-static-prod.wtrecom.com/images/products/3/LN_925003_BP_3.jpg,https://www.waitrose.com/ecom/products/oato-barista-fresh-whole-oat-drink/925003-826880-826881,Oato Barista Fresh Whole Oat Drink,1litre,£1.75,£1.75/litre,,Fresh & Chilled
547479,Biotiful Gut Health Vanilla Kefir Drink,G,false,2349,https://ecom-su-static-prod.wtrecom.com/images/products/3/LN_547479_BP_3.jpg,https://www.waitrose.com/ecom/products/biotiful-gut-health-vanilla-kefir-drink/547479-785712-785713,Biotiful Gut Health Vanilla Kefir Drink,1 Litre,£3.70,37p/100ml,,Fresh & Chilled
786177,Natoora Datterini Tomatoes,G,false,2350,https://ecom-su-static-prod.wtrecom.com/images/products/3/LN_786177_BP_3.jpg,https://www.waitrose.com/ecom/products/natoora-datterini-tomatoes/786177-657851-657852,Natoora Datterini Tomatoes,180g,£2.50,£13.89/kg,,Fresh & Chilled
413923,Essential British Diced Lamb Shoulder,G,false,2351,https://ecom-su-static-prod.wtrecom.com/images/products/3/LN_413923_BP_3.jpg,https://www.waitrose.com/ecom/products/essential-british-diced-lamb-shoulder/413923-58248-58249,Essential British Diced Lamb Shoulder,260g,£9.25,£35.58/kg,,Fresh & Chilled
413706,Waitrose Filtered British Free Range Skimmed Milk,G,false,2352,https://ecom-su-static-prod.wtrecom.com/images/products/3/LN_413706_BP_3.jpg,https://www.waitrose.com/ecom/products/waitrose-filtered-british-free-range-skimmed-milk/413706-803504-803505,Waitrose Filtered British Free Range Skimmed Milk,2 Litres,£1.90,95p/litre,,Fresh & Chilled
025050,Innocent Strawberries & Bananas Fruit Smoothie,G,true,2353,https://ecom-su-static-prod.wtrecom.com/images/products/3/LN_025050_BP_3.jpg,https://www.waitrose.com/ecom/products/innocent-strawberries-bananas-fruit-smoothie/025050-12140-12141,Innocent Strawberries & Bananas Fruit Smoothie,250ml,£2.10,84p/100ml,"£5 Food to Go Meal Deal: Add 1 Main, 1 Snack and 1 Drink",Fresh & Chilled
744060,TRUEfoods Chilled Beef Stock,G,false,2354,https://ecom-su-static-prod.wtrecom.com/images/products/3/LN_744060_BP_3.jpg,https://www.waitrose.com/ecom/products/truefoods-chilled-beef-stock/744060-803070-803071,TRUEfoods Chilled Beef Stock,500g,£3.30,66p/100g,,Fresh & Chilled
447149,No.1 Wood-fired Chargrilled Vegetable & Pesto Sourdough Pizza,G,false,2355,https://ecom-su-static-prod.wtrecom.com/images/products/3/LN_447149_BP_3.jpg,https://www.waitrose.com/ecom/products/no1-wood-fired-chargrilled-vegetable-pesto-sourdough-pizza/447149-813864-813865,No.1 Wood-fired Chargrilled Vegetable & Pesto Sourdough Pizza,260g,£3.85,£14.81/kg,,Fresh & Chilled
539690,Waitrose Smoky Tomato & Roasted Red Pepper Dip,G,true,2356,https://ecom-su-static-prod.wtrecom.com/images/products/3/LN_539690_BP_3.jpg,https://www.waitrose.com/ecom/products/waitrose-smoky-tomato-roasted-red-pepper-dip/539690-824562-824563,Waitrose Smoky Tomato & Roasted Red Pepper Dip,180g,£2.85,£1.59/100g,Add 2 for £5.50,Fresh & Chilled
433452,Waitrose Cheddar & Celery Sandwich,G,true,2357,https://ecom-su-static-prod.wtrecom.com/images/products/3/LN_433452_BP_3.jpg,https://www.waitrose.com/ecom/products/waitrose-cheddar-celery-sandwich/433452-133500-133501,Waitrose Cheddar & Celery Sandwich,each,£3.20,£3.20 each,"£5 Food to Go Meal Deal: Add 1 Main, 1 Snack and 1 Drink",Fresh & Chilled
803796,La Famiglia Rana Prosciutto & Mozzarella Tortelloni,G,true,2358,https://ecom-su-static-prod.wtrecom.com/images/products/3/LN_803796_BP_3.jpg,https://www.waitrose.com/ecom/products/la-famiglia-rana-prosciutto-mozzarella-tortelloni/803796-813902-813903,La Famiglia Rana Prosciutto & Mozzarella Tortelloni,250g,£2.40,£9.60/kg,20% Off. Was £3.00,Fresh & Chilled
731885,Snowdonia Cheese Company Black Bomber Mature Cheddar Cheese Truckle,G,false,2359,https://ecom-su-static-prod.wtrecom.com/images/products/3/LN_731885_BP_3.jpg,https://www.waitrose.com/ecom/products/snowdonia-cheese-company-black-bomber-mature-cheddar-cheese-truckle/731885-807665-807666,Snowdonia Cheese Company Black Bomber Mature Cheddar Cheese Truckle,200g,£5.00,£25/kg,,Fresh & Chilled
816360,THIS Isn't Pork Caramelised Onion Sausages,G,false,2360,https://ecom-su-static-prod.wtrecom.com/images/products/3/LN_816360_BP_3.jpg,https://www.waitrose.com/ecom/products/this-isnt-pork-caramelised-onion-sausages/816360-794606-794607,THIS Isn't Pork Caramelised Onion Sausages,270g,£3.55,£13.15/kg,,Fresh & Chilled
686751,Essential British Beef Braising Steak,G,false,2361,https://ecom-su-static-prod.wtrecom.com/images/products/3/LN_686751_BP_3.jpg,https://www.waitrose.com/ecom/products/essential-british-beef-braising-steak/686751-806247-806248,Essential British Beef Braising Steak,400g,£4.80,£12/kg,,Fresh & Chilled
891631,Shaken Udder Vanillalicious! Vanilla Milkshake,G,false,2362,https://ecom-su-static-prod.wtrecom.com/images/products/3/LN_891631_BP_3.jpg,https://www.waitrose.com/ecom/products/shaken-udder-vanillalicious-vanilla-milkshake/891631-409656-409657,Shaken Udder Vanillalicious! Vanilla Milkshake,330ml,£1.70,£5.16/litre,,Fresh & Chilled
695754,Violife Original Slices Vegan Cheese Alternative,G,false,2363,https://ecom-su-static-prod.wtrecom.com/images/products/3/LN_695754_BP_3.jpg,https://www.waitrose.com/ecom/products/violife-original-slices-vegan-cheese-alternative/695754-421835-421836,Violife Original Slices Vegan Cheese Alternative,175g,£2.85,£16.29/kg,,Fresh & Chilled
772917,Alpro Oat Milk Long Life Dairy Free Milk Alternative 1-3+ Years,G,true,2364,https://ecom-su-static-prod.wtrecom.com/images/products/3/LN_772917_BP_3.jpg,https://www.waitrose.com/ecom/products/alpro-oat-milk-long-life-dairy-free-milk-alternative-1-3-years/772917-805136-805137,Alpro Oat Milk Long Life Dairy Free Milk Alternative 1-3+ Years,1litre,£1.50,£1.50/litre,save 50p. Was £2.00,Fresh & Chilled
607256,Good4U Super Beans Super Sprouts,G,false,2365,https://ecom-su-static-prod.wtrecom.com/images/products/3/LN_607256_BP_3.jpg,https://www.waitrose.com/ecom/products/good4u-super-beans-super-sprouts/607256-451700-451701,Good4U Super Beans Super Sprouts,150g,£1.50,£1/100g,,Fresh & Chilled
661417,Copella Cloudy Apple Juice,G,true,2366,https://ecom-su-static-prod.wtrecom.com/images/products/3/LN_661417_BP_3.jpg,https://www.waitrose.com/ecom/products/copella-cloudy-apple-juice/661417-93898-93899,Copella Cloudy Apple Juice,900ml,£2.00,22.2p/100ml,save 65p. Was £2.65,Fresh & Chilled
518329,Simply Great Pomegranate Fruit Juice,G,false,2367,https://ecom-su-static-prod.wtrecom.com/images/products/3/LN_518329_BP_3.jpg,https://www.waitrose.com/ecom/products/simply-great-pomegranate-fruit-juice/518329-73271-73272,Simply Great Pomegranate Fruit Juice,500ml,£4.10,82p/100ml,,Fresh & Chilled
593735,Cooks Ingredients Goose Fat,G,false,2368,https://ecom-su-static-prod.wtrecom.com/images/products/3/LN_593735_BP_3.jpg,https://www.waitrose.com/ecom/products/cooks-ingredients-goose-fat/593735-84159-84160,Cooks Ingredients Goose Fat,200g,£2.95,£14.75/kg,,Fresh & Chilled
777904,Bio-tiful Dairy Honey & Ginger Kefir Drink,G,false,2369,https://ecom-su-static-prod.wtrecom.com/images/products/3/LN_777904_BP_3.jpg,https://www.waitrose.com/ecom/products/bio-tiful-dairy-honey-ginger-kefir-drink/777904-683953-683954,Bio-tiful Dairy Honey & Ginger Kefir Drink,250ml,£1.75,70p/100ml,,Fresh & Chilled
603663,Almond Breeze Barista Blend Milk Alternative,G,true,2370,https://ecom-su-static-prod.wtrecom.com/images/products/3/LN_603663_BP_3.jpg,https://www.waitrose.com/ecom/products/almond-breeze-barista-blend-milk-alternative/603663-586596-586597,Almond Breeze Barista Blend Milk Alternative,1litre,£1.56,£1.56/litre,Save 1/3. Was £2.35,Fresh & Chilled
003543,Waitrose Large Oranges,G,false,2371,https://ecom-su-static-prod.wtrecom.com/images/products/3/LN_003543_BP_3.jpg,https://www.waitrose.com/ecom/products/waitrose-large-oranges/003543-1437-1438,Waitrose Large Oranges,10s,£5.00,50p each,,Fresh & Chilled
779060,Tropicana Pure Orange Juice with Extra Bits,G,true,2372,https://ecom-su-static-prod.wtrecom.com/images/products/3/LN_779060_BP_3.jpg,https://www.waitrose.com/ecom/products/tropicana-pure-orange-juice-with-extra-bits/779060-565178-565179,Tropicana Pure Orange Juice with Extra Bits,900ml,£2.10,23.3p/100ml,Save 1/3. Was £3.15,Fresh & Chilled
404913,Sabra Houmous Za'Atar,G,false,2373,https://ecom-su-static-prod.wtrecom.com/images/products/3/LN_404913_BP_3.jpg,https://www.waitrose.com/ecom/products/sabra-houmous-zaatar/404913-653370-653371,Sabra Houmous Za'Atar,200g,£2.65,£1.33/100g,,Fresh & Chilled
048464,Peperami Original 5PK,G,false,2374,https://ecom-su-static-prod.wtrecom.com/images/products/3/LN_048464_BP_3.jpg,https://www.waitrose.com/ecom/products/peperami-original-5pk/048464-24048-24049,Peperami Original 5PK,5x20g,£3.35,£3.35/100g,,Fresh & Chilled
628564,Lazy Day Gluten Free & Vegan Dark Chocolate Tiffin,G,false,2375,https://ecom-su-static-prod.wtrecom.com/images/products/3/LN_628564_BP_3.jpg,https://www.waitrose.com/ecom/products/lazy-day-gluten-free-vegan-dark-chocolate-tiffin/628564-89230-89231,Lazy Day Gluten Free & Vegan Dark Chocolate Tiffin,150g,£2.65,£1.77/100g,,Fresh & Chilled
733614,Waitrose Extra Large King Prawn Crevettes,G,false,2376,https://ecom-su-static-prod.wtrecom.com/images/products/3/LN_733614_BP_3.jpg,https://www.waitrose.com/ecom/products/waitrose-extra-large-king-prawn-crevettes/733614-794818-794819,Waitrose Extra Large King Prawn Crevettes,200g,£5.95,£2.98/100g,,Fresh & Chilled
701552,Waitrose Cooked Tikka Chicken Mini Fillets,G,false,2377,https://ecom-su-static-prod.wtrecom.com/images/products/3/LN_701552_BP_3.jpg,https://www.waitrose.com/ecom/products/waitrose-cooked-tikka-chicken-mini-fillets/701552-311288-311289,Waitrose Cooked Tikka Chicken Mini Fillets,165g,£4.25,£2.58/100g,,Fresh & Chilled
547673,Yeo Valley Cherry Organic Kefir Drink,G,true,2378,https://ecom-su-static-prod.wtrecom.com/images/products/3/LN_547673_BP_3.jpg,https://www.waitrose.com/ecom/products/yeo-valley-cherry-organic-kefir-drink/547673-785714-785715,Yeo Valley Cherry Organic Kefir Drink,500ml,£1.75,35p/100ml,save 75p. Was £2.50,Fresh & Chilled
773685,Glo Smoky Chicken & Rice Salad,G,true,2379,https://ecom-su-static-prod.wtrecom.com/images/products/3/LN_773685_BP_3.jpg,https://www.waitrose.com/ecom/products/glo-smoky-chicken-rice-salad/773685-791733-791734,Glo Smoky Chicken & Rice Salad,255g,£4.50,£1.77/100g,"£5 Food to Go Meal Deal: Add 1 Main, 1 Snack and 1 Drink",Fresh & Chilled
097413,Waitrose Chinese Beef In Black Bean Sauce for 2,G,true,2380,https://ecom-su-static-prod.wtrecom.com/images/products/3/LN_097413_BP_3.jpg,https://www.waitrose.com/ecom/products/waitrose-chinese-beef-in-black-bean-sauce-for-2/097413-49741-49742,Waitrose Chinese Beef In Black Bean Sauce for 2,350g,£5.10,£14.58/kg,£12 South East & East Asian Meal Deal : Add 2 Mains & 2 Sides,Fresh & Chilled
042167,Alpro Vanilla Dairy Free Vegan Soya Dessert,G,false,2381,https://ecom-su-static-prod.wtrecom.com/images/products/3/LN_042167_BP_3.jpg,https://www.waitrose.com/ecom/products/alpro-vanilla-dairy-free-vegan-soya-dessert/042167-20884-20885,Alpro Vanilla Dairy Free Vegan Soya Dessert,4x125g,£2.10,42p/100g,,Fresh & Chilled
696252,"Waitrose Gut Health Mixed Berry, Mango & Passionfruit Kefir Yogurts",G,false,2382,https://ecom-su-static-prod.wtrecom.com/images/products/3/LN_696252_BP_3.jpg,https://www.waitrose.com/ecom/products/waitrose-gut-health-mixed-berry-mango-passionfruit-kefir-yogurts/696252-822514-822514,"Waitrose Gut Health Mixed Berry, Mango & Passionfruit Kefir Yogurts",4x125g,£1.80,36p/100g,,Fresh & Chilled
007189,Essential Cider Vinegar,G,false,2383,https://ecom-su-static-prod.wtrecom.com/images/products/3/LN_007189_BP_3.jpg,https://www.waitrose.com/ecom/products/essential-cider-vinegar/007189-3307-3308,Essential Cider Vinegar,500ml,£2.20,44p/100ml,,Fresh & Chilled
044556,Duchy Organic British Beef Fillet Steak,G,false,2384,https://ecom-su-static-prod.wtrecom.com/images/products/3/LN_044556_BP_3.jpg,https://www.waitrose.com/ecom/products/duchy-organic-british-beef-fillet-steak/044556-21970-21971,Duchy Organic British Beef Fillet Steak,Typical weight 0.24kg,£12.65 each est.,£52.49/kg,,Fresh & Chilled
435989,No.1 Rigatoni,G,false,2385,https://ecom-su-static-prod.wtrecom.com/images/products/3/LN_435989_BP_3.jpg,https://www.waitrose.com/ecom/products/no1-rigatoni/435989-793210-793211,No.1 Rigatoni,350g,£2.70,77.1p/100g,,Fresh & Chilled
772819,Urban Fruit No Added Sugar Baked Pineapple,G,true,2386,https://ecom-su-static-prod.wtrecom.com/images/products/3/LN_772819_BP_3.jpg,https://www.waitrose.com/ecom/products/urban-fruit-no-added-sugar-baked-pineapple/772819-271452-271453,Urban Fruit No Added Sugar Baked Pineapple,100g,£2.75,£2.75/100g,Add 2 for £4.20,Fresh & Chilled
476613,Japan Menyū Chicken Karaage,G,true,2387,https://ecom-su-static-prod.wtrecom.com/images/products/3/LN_476613_BP_3.jpg,https://www.waitrose.com/ecom/products/japan-meny-chicken-karaage/476613-810899-810900,Japan Menyū Chicken Karaage,150g,£3.00,£2/100g,20% Off. Was £3.75,Fresh & Chilled
086115,Cooks' Ingredients Bay Leaf,G,false,2388,https://ecom-su-static-prod.wtrecom.com/images/products/3/LN_086115_BP_3.jpg,https://www.waitrose.com/ecom/products/cooks-ingredients-bay-leaf/086115-43943-43944,Cooks' Ingredients Bay Leaf,10s,75p,7.5p each,,Fresh & Chilled
088961,Duchy Organic Easy Peelers,G,false,2389,https://ecom-su-static-prod.wtrecom.com/images/products/3/LN_088961_BP_3.jpg,https://www.waitrose.com/ecom/products/duchy-organic-easy-peelers/088961-427087-45734,Duchy Organic Easy Peelers,600g,£2.50,£4.17/kg,,Fresh & Chilled
039714,Purdey's Natural Energy Rejuvenate Sparkling Grape & Apple with Ginseng Bottle,G,true,2390,https://ecom-su-static-prod.wtrecom.com/images/products/3/LN_039714_BP_3.jpg,https://www.waitrose.com/ecom/products/purdeys-natural-energy-rejuvenate-sparkling-grape-apple-with-ginseng-bottle/039714-19668-19669,Purdey's Natural Energy Rejuvenate Sparkling Grape & Apple with Ginseng Bottle,330ml,£1.70,51.5p/100ml,"£5 Food to Go Meal Deal: Add 1 Main, 1 Snack and 1 Drink",Fresh & Chilled
858814,Waitrose 2 Unsmoked British Gammon Steak,G,false,2391,https://ecom-su-static-prod.wtrecom.com/images/products/3/LN_858814_BP_3.jpg,https://www.waitrose.com/ecom/products/waitrose-2-unsmoked-british-gammon-steak/858814-812689-812690,Waitrose 2 Unsmoked British Gammon Steak,360g,£5.00,£13.89/kg,,Fresh & Chilled
427470,Seafood & Eat It Handpicked Brown Crab,G,false,2392,https://ecom-su-static-prod.wtrecom.com/images/products/3/LN_427470_BP_3.jpg,https://www.waitrose.com/ecom/products/seafood-eat-it-handpicked-brown-crab/427470-60155-60156,Seafood & Eat It Handpicked Brown Crab,100g,£3.25,£3.25/100g,,Fresh & Chilled
628045,Waitrose Lemon Desserts,G,true,2393,https://ecom-su-static-prod.wtrecom.com/images/products/3/LN_628045_BP_3.jpg,https://www.waitrose.com/ecom/products/waitrose-lemon-desserts/628045-788936-788937,Waitrose Lemon Desserts,2x95g,£2.15,£1.14/100g,£8 Chicken Dinner Meal Deal: Add 1 Main & 2 Extras,Fresh & Chilled
514434,Taiko Smoked Salmon Deluxe,G,true,2394,https://ecom-su-static-prod.wtrecom.com/images/products/3/LN_514434_BP_3.jpg,https://www.waitrose.com/ecom/products/taiko-smoked-salmon-deluxe/514434-671670-671671,Taiko Smoked Salmon Deluxe,291g,£5.40,£1.86/100g,20% Off. Was £6.75,Fresh & Chilled
681613,Waitrose British 4 British Pork Loin Medallions,G,false,2395,https://ecom-su-static-prod.wtrecom.com/images/products/3/LN_681613_BP_3.jpg,https://www.waitrose.com/ecom/products/waitrose-british-4-british-pork-loin-medallions/681613-754389-754390,Waitrose British 4 British Pork Loin Medallions,400g,£5.70,£14.25/kg,,Fresh & Chilled
743231,Waitrose British Diced Pork Shoulder,G,false,2396,https://ecom-su-static-prod.wtrecom.com/images/products/3/LN_743231_BP_3.jpg,https://www.waitrose.com/ecom/products/waitrose-british-diced-pork-shoulder/743231-805657-805658,Waitrose British Diced Pork Shoulder,500g,£3.75,£7.50/kg,,Fresh & Chilled
383599,Cauldron Moroccan Spiced Falafel Bites,G,false,2397,https://ecom-su-static-prod.wtrecom.com/images/products/3/LN_383599_BP_3.jpg,https://www.waitrose.com/ecom/products/cauldron-moroccan-spiced-falafel-bites/383599-53931-53932,Cauldron Moroccan Spiced Falafel Bites,180g,£2.65,£14.73/kg,,Fresh & Chilled
048642,Taiko Vegetable Sushi,G,true,2398,https://ecom-su-static-prod.wtrecom.com/images/products/3/LN_048642_BP_3.jpg,https://www.waitrose.com/ecom/products/taiko-vegetable-sushi/048642-24166-24167,Taiko Vegetable Sushi,138g,£2.50,£1.82/100g,"£5 Food to Go Meal Deal: Add 1 Main, 1 Snack and 1 Drink",Fresh & Chilled
420861,Waitrose Porridge,G,true,2399,https://ecom-su-static-prod.wtrecom.com/images/products/3/LN_420861_BP_3.jpg,https://www.waitrose.com/ecom/products/waitrose-porridge/420861-779891-779892,Waitrose Porridge,250g,£1.90,76p/100g,"£5 Food to Go Meal Deal: Add 1 Main, 1 Snack and 1 Drink",Fresh & Chilled
458060,"Waitrose Peas, Cabbage & Tenderstem Layers",G,true,2400,https://ecom-su-static-prod.wtrecom.com/images/products/3/LN_458060_BP_3.jpg,https://www.waitrose.com/ecom/products/waitrose-peas-cabbage-tenderstem-layers/458060-707184-707185,"Waitrose Peas, Cabbage & Tenderstem Layers",245g,£2.40,98p/100g,£8 Chicken Dinner Meal Deal: Add 1 Main & 2 Extras,Fresh & Chilled
452873,Waitrose 2 Cod & Chorizo Fishcakes,G,true,2401,https://ecom-su-static-prod.wtrecom.com/images/products/3/LN_452873_BP_3.jpg,https://www.waitrose.com/ecom/products/waitrose-2-cod-chorizo-fishcakes/452873-785898-785899,Waitrose 2 Cod & Chorizo Fishcakes,290g,£4.25,£14.66/kg,Add 3 for £12,Fresh & Chilled
899199,No.1 British Free Range Chicken Thighs,G,false,2402,https://ecom-su-static-prod.wtrecom.com/images/products/3/LN_899199_BP_3.jpg,https://www.waitrose.com/ecom/products/no1-british-free-range-chicken-thighs/899199-710897-710898,No.1 British Free Range Chicken Thighs,Typical weight 0.32kg,£2.32 each est.,£7.25/kg,,Fresh & Chilled
585194,Waitrose Mango & Strawberry,G,false,2403,https://ecom-su-static-prod.wtrecom.com/images/products/3/LN_585194_BP_3.jpg,https://www.waitrose.com/ecom/products/waitrose-mango-strawberry/585194-698036-698037,Waitrose Mango & Strawberry,225g,£3.50,£1.56/100g,,Fresh & Chilled
702462,Oykos Luxury Raspberry Greek Yogurt Dessert,G,false,2404,https://ecom-su-static-prod.wtrecom.com/images/products/3/LN_702462_BP_3.jpg,https://www.waitrose.com/ecom/products/oykos-luxury-raspberry-greek-yogurt-dessert/702462-788962-788963,Oykos Luxury Raspberry Greek Yogurt Dessert,4x110g,£2.20,50p/100g,,Fresh & Chilled
665461,Higgidy Vegan Mushroom & Spinach Rolls,G,true,2405,https://ecom-su-static-prod.wtrecom.com/images/products/3/LN_665461_BP_3.jpg,https://www.waitrose.com/ecom/products/higgidy-vegan-mushroom-spinach-rolls/665461-712723-712724,Higgidy Vegan Mushroom & Spinach Rolls,160g,£2.50,£15.63/kg,save 95p. Was £3.45,Fresh & Chilled
015259,Oasis Summer Fruits Bottle,G,true,2406,https://ecom-su-static-prod.wtrecom.com/images/products/3/LN_015259_BP_3.jpg,https://www.waitrose.com/ecom/products/oasis-summer-fruits-bottle/015259-7313-7314,Oasis Summer Fruits Bottle,500ml,£1.75,35p/100ml,"£5 Food to Go Meal Deal: Add 1 Main, 1 Snack and 1 Drink",Fresh & Chilled
709661,ENRICHED +Multivit 6 Free Range Eggs,G,false,2407,https://ecom-su-static-prod.wtrecom.com/images/products/3/LN_709661_BP_3.jpg,https://www.waitrose.com/ecom/products/enriched-multivit-6-free-range-eggs/709661-802270-802271,ENRICHED +Multivit 6 Free Range Eggs,6s,£2.50,41.7p each,,Fresh & Chilled
773185,Waitrose 2 Cod Fillets in Caper & Lemon butter,G,true,2408,https://ecom-su-static-prod.wtrecom.com/images/products/3/LN_773185_BP_3.jpg,https://www.waitrose.com/ecom/products/waitrose-2-cod-fillets-in-caper-lemon-butter/773185-810170-810171,Waitrose 2 Cod Fillets in Caper & Lemon butter,260g,£4.80,£18.47/kg,20% Off. Was £6.00,Fresh & Chilled
671206,Rude Health Almond Ultimate Long Life Organic Milk Alternative,G,true,2409,https://ecom-su-static-prod.wtrecom.com/images/products/3/LN_671206_BP_3.jpg,https://www.waitrose.com/ecom/products/rude-health-almond-ultimate-long-life-organic-milk-alternative/671206-657773-657774,Rude Health Almond Ultimate Long Life Organic Milk Alternative,1litre,£2.90,£2.90/litre,Add 2 for £4.40,Fresh & Chilled
586188,Taiko Salmon Poke,G,true,2410,https://ecom-su-static-prod.wtrecom.com/images/products/3/LN_586188_BP_3.jpg,https://www.waitrose.com/ecom/products/taiko-salmon-poke/586188-595158-595159,Taiko Salmon Poke,312g,£4.40,£1.42/100g,20% Off. Was £5.50,Fresh & Chilled
607684,Starbucks Skinny Latte Lactose Free Iced Coffee,G,false,2411,https://ecom-su-static-prod.wtrecom.com/images/products/3/LN_607684_BP_3.jpg,https://www.waitrose.com/ecom/products/starbucks-skinny-latte-lactose-free-iced-coffee/607684-274825-274826,Starbucks Skinny Latte Lactose Free Iced Coffee,220ml,£2.30,£1.05/100ml,,Fresh & Chilled
894402,Waitrose Onion & Garlic Dip,G,true,2412,https://ecom-su-static-prod.wtrecom.com/images/products/3/LN_894402_BP_3.jpg,https://www.waitrose.com/ecom/products/waitrose-onion-garlic-dip/894402-824634-824635,Waitrose Onion & Garlic Dip,200g,£1.75,87.5p/100g,Add 2 for £2.50,Fresh & Chilled
684973,Waitrose 2 Smoked Salmon Fillets with Honey,G,true,2413,https://ecom-su-static-prod.wtrecom.com/images/products/3/LN_684973_BP_3.jpg,https://www.waitrose.com/ecom/products/waitrose-2-smoked-salmon-fillets-with-honey/684973-791933-791934,Waitrose 2 Smoked Salmon Fillets with Honey,160g,£5.21,£32.57/kg,25% Off. Was £6.95,Fresh & Chilled
836001,Yorkshire Provender Moroccan Veg Tagine,G,true,2414,https://ecom-su-static-prod.wtrecom.com/images/products/3/LN_836001_BP_3.jpg,https://www.waitrose.com/ecom/products/yorkshire-provender-moroccan-veg-tagine/836001-526102-526103,Yorkshire Provender Moroccan Veg Tagine,560g,£2.65,47.3p/100g,save 55p. Was £3.20,Fresh & Chilled
558191,Ritter Sport Whole Hazelnuts,G,false,2415,https://ecom-su-static-prod.wtrecom.com/images/products/3/LN_558191_BP_3.jpg,https://www.waitrose.com/ecom/products/ritter-sport-whole-hazelnuts/558191-589209-589210,Ritter Sport Whole Hazelnuts,100g,£1.85,£1.85/100g,,Fresh & Chilled
555173,Alpro Almond Long Life Dairy Free Original Milk Alternative,G,true,2416,https://ecom-su-static-prod.wtrecom.com/images/products/3/LN_555173_BP_3.jpg,https://www.waitrose.com/ecom/products/alpro-almond-long-life-dairy-free-original-milk-alternative/555173-185127-185128,Alpro Almond Long Life Dairy Free Original Milk Alternative,1litre,£1.50,£1.50/litre,save 70p. Was £2.20,Fresh & Chilled
056030,No. 1 Moody's Rosary Ash Soft Cheese Strength 2,G,false,2417,https://ecom-su-static-prod.wtrecom.com/images/products/3/LN_056030_BP_3.jpg,https://www.waitrose.com/ecom/products/no-1-moodys-rosary-ash-soft-cheese-strength-2/056030-28079-28080,No. 1 Moody's Rosary Ash Soft Cheese Strength 2,100g,£4.00,£40/kg,,Fresh & Chilled
831410,No.1 Brioche Bread & Butter Pudding,G,false,2418,https://ecom-su-static-prod.wtrecom.com/images/products/3/LN_831410_BP_3.jpg,https://www.waitrose.com/ecom/products/no1-brioche-bread-butter-pudding/831410-810572-810573,No.1 Brioche Bread & Butter Pudding,495g,£5.00,£1.02/100g,,Fresh & Chilled
891466,Cauldron 6 Cumberland Vegetarian Sausages,G,false,2419,https://ecom-su-static-prod.wtrecom.com/images/products/3/LN_891466_BP_3.jpg,https://www.waitrose.com/ecom/products/cauldron-6-cumberland-vegetarian-sausages/891466-804378-804379,Cauldron 6 Cumberland Vegetarian Sausages,276g,£2.90,£10.51/kg,,Fresh & Chilled
688913,Thrive Peri Peri Chicken & Spicy Rice for 1,G,false,2420,https://ecom-su-static-prod.wtrecom.com/images/products/3/LN_688913_BP_3.jpg,https://www.waitrose.com/ecom/products/thrive-peri-peri-chicken-spicy-rice-for-1/688913-770885-770886,Thrive Peri Peri Chicken & Spicy Rice for 1,380g,£3.95,£10.40/kg,,Fresh & Chilled
094750,Waitrose British Succulent Whole Leg of Lamb,G,false,2421,https://ecom-su-static-prod.wtrecom.com/images/products/3/LN_094750_BP_3.jpg,https://www.waitrose.com/ecom/products/waitrose-british-succulent-whole-leg-of-lamb/094750-48604-48605,Waitrose British Succulent Whole Leg of Lamb,Typical weight 2.2kg,£38.50 each est.,£17.50/kg,,Fresh & Chilled
884766,Waitrose Singapore Noodles for 1,G,true,2422,https://ecom-su-static-prod.wtrecom.com/images/products/3/LN_884766_BP_3.jpg,https://www.waitrose.com/ecom/products/waitrose-singapore-noodles-for-1/884766-772544-772545,Waitrose Singapore Noodles for 1,400g,£5.10,£12.75/kg,£12 South East & East Asian Meal Deal : Add 2 Mains & 2 Sides,Fresh & Chilled
588153,Waitrose British Lamb Half Shoulder,G,false,2423,https://ecom-su-static-prod.wtrecom.com/images/products/3/LN_588153_BP_3.jpg,https://www.waitrose.com/ecom/products/waitrose-british-lamb-half-shoulder/588153-806728-806729,Waitrose British Lamb Half Shoulder,Typical weight 0.88kg,£13.13 each est.,£15.01/kg,,Fresh & Chilled
852570,Easy to Cook Hunter's Chicken,G,false,2424,https://ecom-su-static-prod.wtrecom.com/images/products/3/LN_852570_BP_3.jpg,https://www.waitrose.com/ecom/products/easy-to-cook-hunters-chicken/852570-702302-702303,Easy to Cook Hunter's Chicken,368g,£5.50,£14.95/kg,,Fresh & Chilled
425342,Little Yeos Mango & Vanilla Yogurt Pouch,G,true,2425,https://ecom-su-static-prod.wtrecom.com/images/products/3/LN_425342_BP_3.jpg,https://www.waitrose.com/ecom/products/little-yeos-mango-vanilla-yogurt-pouch/425342-822483-822484,Little Yeos Mango & Vanilla Yogurt Pouch,85g,60p,70.6p/100g,save 30p. Was 90p,Fresh & Chilled
055612,Waitrose Italian Beef Lasagne for 2,G,false,2426,https://ecom-su-static-prod.wtrecom.com/images/products/3/LN_055612_BP_3.jpg,https://www.waitrose.com/ecom/products/waitrose-italian-beef-lasagne-for-2/055612-27915-27916,Waitrose Italian Beef Lasagne for 2,700g,£5.50,£7.86/kg,,Fresh & Chilled
490042,Sabra Baba Ganoush,G,false,2427,https://ecom-su-static-prod.wtrecom.com/images/products/3/LN_490042_BP_3.jpg,https://www.waitrose.com/ecom/products/sabra-baba-ganoush/490042-653442-653443,Sabra Baba Ganoush,200g,£2.65,£1.33/100g,,Fresh & Chilled
066141,Duchy Organic British Beef Rump Steak,G,false,2428,https://ecom-su-static-prod.wtrecom.com/images/products/3/LN_066141_BP_3.jpg,https://www.waitrose.com/ecom/products/duchy-organic-british-beef-rump-steak/066141-33502-33503,Duchy Organic British Beef Rump Steak,Typical weight 0.22kg,£6.69 each est.,£30.00/kg,,Fresh & Chilled
486712,Vita Coco Original Coconut Water,G,true,2429,https://ecom-su-static-prod.wtrecom.com/images/products/3/LN_486712_BP_3.jpg,https://www.waitrose.com/ecom/products/vita-coco-original-coconut-water/486712-756578-756579,Vita Coco Original Coconut Water,500ml,£2.65,53p/100ml,"£5 Food to Go Meal Deal: Add 1 Main, 1 Snack and 1 Drink",Fresh & Chilled
622901,Biocol Skimmed Milk,G,false,2430,https://ecom-su-static-prod.wtrecom.com/images/products/3/LN_622901_BP_3.jpg,https://www.waitrose.com/ecom/products/biocol-skimmed-milk/622901-810931-810932,Biocol Skimmed Milk,1litre,£1.90,£1.90/litre,,Fresh & Chilled
750750,Potts' Chicken Stock,G,false,2431,https://ecom-su-static-prod.wtrecom.com/images/products/3/LN_750750_BP_3.jpg,https://www.waitrose.com/ecom/products/potts-chicken-stock/750750-815620-815621,Potts' Chicken Stock,500ml,£2.30,46p/100ml,,Fresh & Chilled
866548,Waitrose Sicilian Lemon & Mascarpone Profiteroles,G,false,2432,https://ecom-su-static-prod.wtrecom.com/images/products/3/LN_866548_BP_3.jpg,https://www.waitrose.com/ecom/products/waitrose-sicilian-lemon-mascarpone-profiteroles/866548-804742-804743,Waitrose Sicilian Lemon & Mascarpone Profiteroles,115g,£4.00,£3.48/100g,,Fresh & Chilled
090204,Waitrose Tuna Mayo & Sweetcorn Sandwich,G,true,2433,https://ecom-su-static-prod.wtrecom.com/images/products/3/LN_090204_BP_3.jpg,https://www.waitrose.com/ecom/products/waitrose-tuna-mayo-sweetcorn-sandwich/090204-46504-46505,Waitrose Tuna Mayo & Sweetcorn Sandwich,each,£3.20,£3.20 each,"£5 Food to Go Meal Deal: Add 1 Main, 1 Snack and 1 Drink",Fresh & Chilled
730328,Higgidy Mediterranean Pepper & Feta Quiche,G,false,2434,https://ecom-su-static-prod.wtrecom.com/images/products/3/LN_730328_BP_3.jpg,https://www.waitrose.com/ecom/products/higgidy-mediterranean-pepper-feta-quiche/730328-779957-779958,Higgidy Mediterranean Pepper & Feta Quiche,400g,£4.85,£1.22/100g,,Fresh & Chilled
834380,Higgidy Ham Hock & Cheddar Sausage Rolls,G,true,2435,https://ecom-su-static-prod.wtrecom.com/images/products/3/LN_834380_BP_3.jpg,https://www.waitrose.com/ecom/products/higgidy-ham-hock-cheddar-sausage-rolls/834380-758942-758943,Higgidy Ham Hock & Cheddar Sausage Rolls,160g,£2.50,£1.57/100g,save 95p. Was £3.45,Fresh & Chilled
829078,No.1 Salted Caramel & Belgian Chocolate Tart,G,false,2436,https://ecom-su-static-prod.wtrecom.com/images/products/3/LN_829078_BP_3.jpg,https://www.waitrose.com/ecom/products/no1-salted-caramel-belgian-chocolate-tart/829078-498216-498217,No.1 Salted Caramel & Belgian Chocolate Tart,520g,£6.50,£1.25/100g,,Fresh & Chilled
452301,PlantLiving: Tikka Masala with Vegetables & Cashews for 1,G,false,2437,https://ecom-su-static-prod.wtrecom.com/images/products/3/LN_452301_BP_3.jpg,https://www.waitrose.com/ecom/products/plantliving-tikka-masala-with-vegetables-cashews-for-1/452301-762640-762641,PlantLiving: Tikka Masala with Vegetables & Cashews for 1,380g,£4.00,£10.53/kg,,Fresh & Chilled
436249,Natoora Large Aubergine,G,false,2438,https://ecom-su-static-prod.wtrecom.com/images/products/3/LN_436249_BP_3.jpg,https://www.waitrose.com/ecom/products/natoora-large-aubergine/436249-666315-666316,Natoora Large Aubergine,Each,£3.00,£3 each,,Fresh & Chilled
566035,Innocent Blue Spark Guava & Pineapple Fruit Super Smoothie Large,G,false,2439,https://ecom-su-static-prod.wtrecom.com/images/products/3/LN_566035_BP_3.jpg,https://www.waitrose.com/ecom/products/innocent-blue-spark-guava-pineapple-fruit-super-smoothie-large/566035-722087-722088,Innocent Blue Spark Guava & Pineapple Fruit Super Smoothie Large,750ml,£4.75,63.3p/100ml,,Fresh & Chilled
461856,Waitrose British Rack of Lamb,G,false,2440,https://ecom-su-static-prod.wtrecom.com/images/products/3/LN_461856_BP_3.jpg,https://www.waitrose.com/ecom/products/waitrose-british-rack-of-lamb/461856-824548-824549,Waitrose British Rack of Lamb,Typical weight 0.5kg,£19.00 each est.,£38/kg,,Fresh & Chilled
787694,Waitrose Slow Cooked Lamb Kleftico,G,false,2441,https://ecom-su-static-prod.wtrecom.com/images/products/3/LN_787694_BP_3.jpg,https://www.waitrose.com/ecom/products/waitrose-slow-cooked-lamb-kleftico/787694-665131-665132,Waitrose Slow Cooked Lamb Kleftico,800g,£13.00,£16.25/kg,,Fresh & Chilled
875061,Red Continental Salad Onions,G,false,2442,https://ecom-su-static-prod.wtrecom.com/images/products/3/LN_875061_BP_3.jpg,https://www.waitrose.com/ecom/products/red-continental-salad-onions/875061-707716-707717,Red Continental Salad Onions,per bunch,£1.35,£1.35 each,,Fresh & Chilled
422504,Bonne Maman Raspberry & Blackberry Yogurt,G,false,2443,https://ecom-su-static-prod.wtrecom.com/images/products/3/LN_422504_BP_3.jpg,https://www.waitrose.com/ecom/products/bonne-maman-raspberry-blackberry-yogurt/422504-755775-755776,Bonne Maman Raspberry & Blackberry Yogurt,450g,£3.20,71.1p/100g,,Fresh & Chilled
682811,Waitrose Indian Snack Selection,G,false,2444,https://ecom-su-static-prod.wtrecom.com/images/products/3/LN_682811_BP_3.jpg,https://www.waitrose.com/ecom/products/waitrose-indian-snack-selection/682811-373442-373442,Waitrose Indian Snack Selection,312g,£4.00,£12.83/kg,,Fresh & Chilled
099005,No.1 Free Range Unsmoked English Gammon,G,false,2445,https://ecom-su-static-prod.wtrecom.com/images/products/3/LN_099005_BP_3.jpg,https://www.waitrose.com/ecom/products/no1-free-range-unsmoked-english-gammon/099005-50469-50470,No.1 Free Range Unsmoked English Gammon,Typical weight 0.9kg,£14.02 each est.,£15.50/kg,,Fresh & Chilled
831055,Crosta & Mollica Capricciosa Pizza,G,true,2446,https://ecom-su-static-prod.wtrecom.com/images/products/3/LN_831055_BP_3.jpg,https://www.waitrose.com/ecom/products/crosta-mollica-capricciosa-pizza/831055-741452-741453,Crosta & Mollica Capricciosa Pizza,465g,£4.50,£9.68/kg,25% Off. Was £6.00,Fresh & Chilled
495619,Waitrose Peach Low Fat Yogurt,G,false,2447,https://ecom-su-static-prod.wtrecom.com/images/products/3/LN_495619_BP_3.jpg,https://www.waitrose.com/ecom/products/waitrose-peach-low-fat-yogurt/495619-822491-822492,Waitrose Peach Low Fat Yogurt,150g,70p,46.7p/100g,,Fresh & Chilled
782908,No.1 Free Range Unsmoked Streaky Bacon,G,false,2448,https://ecom-su-static-prod.wtrecom.com/images/products/3/LN_782908_BP_3.jpg,https://www.waitrose.com/ecom/products/no1-free-range-unsmoked-streaky-bacon/782908-111408-111409,No.1 Free Range Unsmoked Streaky Bacon,230g,£4.75,£20.66/kg,,Fresh & Chilled
690591,Bio&Me Vanilla Kefir Live Yoghurt,G,true,2449,https://ecom-su-static-prod.wtrecom.com/images/products/3/LN_690591_BP_3.jpg,https://www.waitrose.com/ecom/products/biome-vanilla-kefir-live-yoghurt/690591-788954-788955,Bio&Me Vanilla Kefir Live Yoghurt,350g,£1.50,42.9p/100g,save 70p. Was £2.20,Fresh & Chilled
658605,Richmond 8 Vegan Meat Free Smoked Bacon Rashers,G,true,2450,https://ecom-su-static-prod.wtrecom.com/images/products/3/LN_658605_BP_3.jpg,https://www.waitrose.com/ecom/products/richmond-8-vegan-meat-free-smoked-bacon-rashers/658605-757391-757392,Richmond 8 Vegan Meat Free Smoked Bacon Rashers,120g,£1.80,£15/kg,25% Off. Was £2.40,Fresh & Chilled
892824,Squeaky Bean Pastrami Style Slices,G,false,2451,https://ecom-su-static-prod.wtrecom.com/images/products/3/LN_892824_BP_3.jpg,https://www.waitrose.com/ecom/products/squeaky-bean-pastrami-style-slices/892824-723190-723191,Squeaky Bean Pastrami Style Slices,90g,£3.10,£3.45/100g,,Fresh & Chilled
052811,Jus-Rol Shortcrust Puff Pastry Block,G,false,2452,https://ecom-su-static-prod.wtrecom.com/images/products/3/LN_052811_BP_3.jpg,https://www.waitrose.com/ecom/products/jus-rol-shortcrust-puff-pastry-block/052811-26333-26334,Jus-Rol Shortcrust Puff Pastry Block,500g,£1.70,£3.40/kg,,Fresh & Chilled
839078,Waitrose Roasted Mushroom Pâté,G,false,2453,https://ecom-su-static-prod.wtrecom.com/images/products/3/LN_839078_BP_3.jpg,https://www.waitrose.com/ecom/products/waitrose-roasted-mushroom-pate/839078-724935-724936,Waitrose Roasted Mushroom Pâté,120g,£2.65,£2.21/100g,,Fresh & Chilled
825608,The Coconut Collab Plain Gut Health Coconut Yogurt Alternative,G,true,2454,https://ecom-su-static-prod.wtrecom.com/images/products/3/LN_825608_BP_3.jpg,https://www.waitrose.com/ecom/products/the-coconut-collab-plain-gut-health-coconut-yogurt-alternative/825608-789032-789033,The Coconut Collab Plain Gut Health Coconut Yogurt Alternative,350g,£1.95,55.7p/100g,save 95p. Was £2.90,Fresh & Chilled
725998,No. 1 Goats Milk Gouda Cheese,G,false,2455,https://ecom-su-static-prod.wtrecom.com/images/products/3/LN_725998_BP_3.jpg,https://www.waitrose.com/ecom/products/no-1-goats-milk-gouda-cheese/725998-629536-629537,No. 1 Goats Milk Gouda Cheese,Typical weight 200g,£4.60 each est.,£2.30/100g,,Fresh & Chilled
869162,Starbucks Frappuccino Mocha Iced Coffee,G,false,2456,https://ecom-su-static-prod.wtrecom.com/images/products/3/LN_869162_BP_3.jpg,https://www.waitrose.com/ecom/products/starbucks-frappuccino-mocha-iced-coffee/869162-811057-811058,Starbucks Frappuccino Mocha Iced Coffee,250ml,£2.30,£9.20/litre,,Fresh & Chilled
538051,Cathedral City Dairy Free Plant Based Grated Cheese,G,true,2457,https://ecom-su-static-prod.wtrecom.com/images/products/3/LN_538051_BP_3.jpg,https://www.waitrose.com/ecom/products/cathedral-city-dairy-free-plant-based-grated-cheese/538051-803304-803305,Cathedral City Dairy Free Plant Based Grated Cheese,150g,£2.00,£13.34/kg,save 40p. Was £2.40,Fresh & Chilled
676673,Waitrose Béarnaise Sauce,G,false,2458,https://ecom-su-static-prod.wtrecom.com/images/products/3/LN_676673_BP_3.jpg,https://www.waitrose.com/ecom/products/waitrose-bearnaise-sauce/676673-207101-207102,Waitrose Béarnaise Sauce,190g,£2.30,£1.22/100g,,Fresh & Chilled
041514,Jacob's Crackers Biscuits for Cheese Selection,G,false,2459,https://ecom-su-static-prod.wtrecom.com/images/products/3/LN_041514_BP_3.jpg,https://www.waitrose.com/ecom/products/jacobs-crackers-biscuits-for-cheese-selection/041514-20556-20557,Jacob's Crackers Biscuits for Cheese Selection,300g,£4.25,£1.42/100g,,Fresh & Chilled
566439,Clarence Court Organic Traditional Breeds,G,false,2460,https://ecom-su-static-prod.wtrecom.com/images/products/3/LN_566439_BP_3.jpg,https://www.waitrose.com/ecom/products/clarence-court-organic-traditional-breeds/566439-769744-769745,Clarence Court Organic Traditional Breeds,6s,£3.90,65p each,,Fresh & Chilled
804532,Waitrose Scottish Salmon En Croute with Lemon & Mascarpone,G,false,2461,https://ecom-su-static-prod.wtrecom.com/images/products/3/LN_804532_BP_3.jpg,https://www.waitrose.com/ecom/products/waitrose-scottish-salmon-en-croute-with-lemon-mascarpone/804532-810176-810177,Waitrose Scottish Salmon En Croute with Lemon & Mascarpone,350g,£6.25,£1.79/100g,,Fresh & Chilled
726032,Graze Cocoa Orange Oat Boosts,G,false,2462,https://ecom-su-static-prod.wtrecom.com/images/products/3/LN_726032_BP_3.jpg,https://www.waitrose.com/ecom/products/graze-cocoa-orange-oat-boosts/726032-786272-786273,Graze Cocoa Orange Oat Boosts,4x30g,£2.90,£2.42/100g,,Fresh & Chilled
700774,Waitrose BBQ Pork with Sticky Rice for 1,G,true,2463,https://ecom-su-static-prod.wtrecom.com/images/products/3/LN_700774_BP_3.jpg,https://www.waitrose.com/ecom/products/waitrose-bbq-pork-with-sticky-rice-for-1/700774-653598-653599,Waitrose BBQ Pork with Sticky Rice for 1,360g,£5.10,£14.17/kg,£12 South East & East Asian Meal Deal : Add 2 Mains & 2 Sides,Fresh & Chilled
639039,Waitrose Buttermilk Chicken King Kebab,G,true,2464,https://ecom-su-static-prod.wtrecom.com/images/products/3/LN_639039_BP_3.jpg,https://www.waitrose.com/ecom/products/waitrose-buttermilk-chicken-king-kebab/639039-767762-767763,Waitrose Buttermilk Chicken King Kebab,924g,£6.75,£7.31/kg,25% Off. Was £9.00,Fresh & Chilled
750544,RE:NOURISH Restore Pea Leek & Watercress Soup,G,true,2465,https://ecom-su-static-prod.wtrecom.com/images/products/3/LN_750544_BP_3.jpg,https://www.waitrose.com/ecom/products/re-nourish-restore-pea-leek-watercress-soup/750544-810552-810553,RE:NOURISH Restore Pea Leek & Watercress Soup,500g,£2.65,53p/100g,save 55p. Was £3.20,Fresh & Chilled
705816,Waitrose Fruity Chicken Curry for 2,G,false,2466,https://ecom-su-static-prod.wtrecom.com/images/products/3/LN_705816_BP_3.jpg,https://www.waitrose.com/ecom/products/waitrose-fruity-chicken-curry-for-2/705816-373471-373472,Waitrose Fruity Chicken Curry for 2,350g,£4.95,£14.15/kg,,Fresh & Chilled
803548,Koko Coconut Chilled Unsweetened Milk Alternative,G,true,2467,https://ecom-su-static-prod.wtrecom.com/images/products/3/LN_803548_BP_3.jpg,https://www.waitrose.com/ecom/products/koko-coconut-chilled-unsweetened-milk-alternative/803548-668653-668654,Koko Coconut Chilled Unsweetened Milk Alternative,1litre,£1.25,£1.25/litre,save 65p. Was £1.90,Fresh & Chilled
472803,Starbucks Frappuccino Caramel Iced Coffee,G,false,2468,https://ecom-su-static-prod.wtrecom.com/images/products/3/LN_472803_BP_3.jpg,https://www.waitrose.com/ecom/products/starbucks-frappuccino-caramel-iced-coffee/472803-810895-810896,Starbucks Frappuccino Caramel Iced Coffee,250ml,£2.30,£9.20/litre,,Fresh & Chilled
856918,Simplee Aloe Aloe Vera Fruit Juice,G,true,2469,https://ecom-su-static-prod.wtrecom.com/images/products/3/LN_856918_BP_3.jpg,https://www.waitrose.com/ecom/products/simplee-aloe-aloe-vera-fruit-juice/856918-702154-702155,Simplee Aloe Aloe Vera Fruit Juice,1litre,£2.00,20p/100ml,save 95p. Was £2.95,Fresh & Chilled
772878,Plants By Deliciously Ella Veggie Herby Bites,G,false,2470,https://ecom-su-static-prod.wtrecom.com/images/products/3/LN_772878_BP_3.jpg,https://www.waitrose.com/ecom/products/plants-by-deliciously-ella-veggie-herby-bites/772878-804346-804347,Plants By Deliciously Ella Veggie Herby Bites,171g,£2.70,£15.79/kg,,Fresh & Chilled
526419,La Famiglia Rana Aubergine Tortelloni,G,true,2471,https://ecom-su-static-prod.wtrecom.com/images/products/3/LN_526419_BP_3.jpg,https://www.waitrose.com/ecom/products/la-famiglia-rana-aubergine-tortelloni/526419-793226-793227,La Famiglia Rana Aubergine Tortelloni,250g,£2.40,£9.60/kg,20% Off. Was £3.00,Fresh & Chilled
792602,Waitrose Chicken Liver Pâté,G,false,2472,https://ecom-su-static-prod.wtrecom.com/images/products/3/LN_792602_BP_3.jpg,https://www.waitrose.com/ecom/products/waitrose-chicken-liver-pate/792602-229377-229378,Waitrose Chicken Liver Pâté,160g,£3.00,£1.88/100g,,Fresh & Chilled
661791,Graze Honey Oat Boosts,G,false,2473,https://ecom-su-static-prod.wtrecom.com/images/products/3/LN_661791_BP_3.jpg,https://www.waitrose.com/ecom/products/graze-honey-oat-boosts/661791-589329-589330,Graze Honey Oat Boosts,4x30g,£2.90,£2.42/100g,,Fresh & Chilled
612579,Mockingbird Raw Press Raw Pump Fruit Juice,G,false,2474,https://ecom-su-static-prod.wtrecom.com/images/products/3/LN_612579_BP_3.jpg,https://www.waitrose.com/ecom/products/mockingbird-raw-press-raw-pump-fruit-juice/612579-790919-790920,Mockingbird Raw Press Raw Pump Fruit Juice,750ml,£4.40,58.7p/100ml,,Fresh & Chilled
818774,Duchy Organic Parmigiano Reggiano DOP Shaved Parmesan Cheese Strength 6,G,true,2475,https://ecom-su-static-prod.wtrecom.com/images/products/3/LN_818774_BP_3.jpg,https://www.waitrose.com/ecom/products/duchy-organic-parmigiano-reggiano-dop-shaved-parmesan-cheese-strength-6/818774-756149-756150,Duchy Organic Parmigiano Reggiano DOP Shaved Parmesan Cheese Strength 6,80g,£2.32,£29/kg,20% Off. Was £2.90,Fresh & Chilled
836544,Mockingbird Raw Press Raw Shield Fruit Juice,G,false,2476,https://ecom-su-static-prod.wtrecom.com/images/products/3/LN_836544_BP_3.jpg,https://www.waitrose.com/ecom/products/mockingbird-raw-press-raw-shield-fruit-juice/836544-790965-790966,Mockingbird Raw Press Raw Shield Fruit Juice,750ml,£4.40,58.7p/100ml,,Fresh & Chilled
841717,Yeo Valley Organic Double Cream,G,false,2477,https://ecom-su-static-prod.wtrecom.com/images/products/3/LN_841717_BP_3.jpg,https://www.waitrose.com/ecom/products/yeo-valley-organic-double-cream/841717-770802-770803,Yeo Valley Organic Double Cream,220ml,£2.00,£9.10/litre,,Fresh & Chilled
500847,Violife Original Grated Vegan Cheese Alternative,G,false,2478,https://ecom-su-static-prod.wtrecom.com/images/products/3/LN_500847_BP_3.jpg,https://www.waitrose.com/ecom/products/violife-original-grated-vegan-cheese-alternative/500847-656908-656909,Violife Original Grated Vegan Cheese Alternative,175g,£2.85,£16.29/kg,,Fresh & Chilled
041186,Waitrose Fat Free Fromage Frais,G,false,2479,https://ecom-su-static-prod.wtrecom.com/images/products/3/LN_041186_BP_3.jpg,https://www.waitrose.com/ecom/products/waitrose-fat-free-fromage-frais/041186-20368-20369,Waitrose Fat Free Fromage Frais,500g,£2.00,40p/100g,,Fresh & Chilled
580597,Taiko Crispy Duck Rolls,G,true,2480,https://ecom-su-static-prod.wtrecom.com/images/products/3/LN_580597_BP_3.jpg,https://www.waitrose.com/ecom/products/taiko-crispy-duck-rolls/580597-387733-387734,Taiko Crispy Duck Rolls,181g,£4.40,£2.44/100g,"£5 Food to Go Meal Deal: Add 1 Main, 1 Snack and 1 Drink",Fresh & Chilled
543294,Charlie Bigham's Shepherd's Pie for 2,G,false,2481,https://ecom-su-static-prod.wtrecom.com/images/products/3/LN_543294_BP_3.jpg,https://www.waitrose.com/ecom/products/charlie-bighams-shepherds-pie-for-2/543294-151539-151540,Charlie Bigham's Shepherd's Pie for 2,650g,£9.95,£15.31/kg,,Fresh & Chilled
870308,Higgidy Vegan Vegetable Samosa Roll,G,true,2482,https://ecom-su-static-prod.wtrecom.com/images/products/3/LN_870308_BP_3.jpg,https://www.waitrose.com/ecom/products/higgidy-vegan-vegetable-samosa-roll/870308-728608-728609,Higgidy Vegan Vegetable Samosa Roll,160g,£2.50,£15.63/kg,save 95p. Was £3.45,Fresh & Chilled
366750,Seafood & Eat It Dressed Crab,G,false,2483,https://ecom-su-static-prod.wtrecom.com/images/products/3/LN_366750_BP_3.jpg,https://www.waitrose.com/ecom/products/seafood-eat-it-dressed-crab/366750-152113-152114,Seafood & Eat It Dressed Crab,120g,£5.95,£4.96/100g,,Fresh & Chilled
566828,Unearthed Iberico Presa Free Range Pork,G,true,2484,https://ecom-su-static-prod.wtrecom.com/images/products/3/LN_566828_BP_3.jpg,https://www.waitrose.com/ecom/products/unearthed-iberico-presa-free-range-pork/566828-692726-692727,Unearthed Iberico Presa Free Range Pork,120g,£4.31,£35.92/kg,25% Off. Was £5.75,Fresh & Chilled
667028,Waitrose Cooked Garlic And Lemon Chicken Breast Fillets,G,false,2485,https://ecom-su-static-prod.wtrecom.com/images/products/3/LN_667028_BP_3.jpg,https://www.waitrose.com/ecom/products/waitrose-cooked-garlic-and-lemon-chicken-breast-fillets/667028-724891-724892,Waitrose Cooked Garlic And Lemon Chicken Breast Fillets,Typical weight 0.22kg,£5.67 each est.,£25.77/kg,,Fresh & Chilled
493077,The Real Seafood Co. Crayfish Tails,G,false,2486,https://ecom-su-static-prod.wtrecom.com/images/products/3/LN_493077_BP_3.jpg,https://www.waitrose.com/ecom/products/the-real-seafood-co-crayfish-tails/493077-813870-813871,The Real Seafood Co. Crayfish Tails,100g,£3.95,£3.95/100g,,Fresh & Chilled
539516,Waitrose Chicken Thai Green Curry Soup,G,false,2487,https://ecom-su-static-prod.wtrecom.com/images/products/3/LN_539516_BP_3.jpg,https://www.waitrose.com/ecom/products/waitrose-chicken-thai-green-curry-soup/539516-810526-810527,Waitrose Chicken Thai Green Curry Soup,600g,£3.00,50p/100g,,Fresh & Chilled
618555,Castello Tickler Extra Mature Cheddar Cheese,G,true,2488,https://ecom-su-static-prod.wtrecom.com/images/products/3/LN_618555_BP_3.jpg,https://www.waitrose.com/ecom/products/castello-tickler-extra-mature-cheddar-cheese/618555-87784-87785,Castello Tickler Extra Mature Cheddar Cheese,300g,£3.56,£11.87/kg,25% Off. Was £4.75,Fresh & Chilled
529756,Waitrose 2 Smoked British Gammon Steaks,G,false,2489,https://ecom-su-static-prod.wtrecom.com/images/products/3/LN_529756_BP_3.jpg,https://www.waitrose.com/ecom/products/waitrose-2-smoked-british-gammon-steaks/529756-812635-812636,Waitrose 2 Smoked British Gammon Steaks,360g,£5.00,£13.89/kg,,Fresh & Chilled
861050,Waitrose Indian Hot Chicken Tikka Masala Curry for 2,G,false,2490,https://ecom-su-static-prod.wtrecom.com/images/products/3/LN_861050_BP_3.jpg,https://www.waitrose.com/ecom/products/waitrose-indian-hot-chicken-tikka-masala-curry-for-2/861050-526168-526169,Waitrose Indian Hot Chicken Tikka Masala Curry for 2,350g,£4.95,£14.15/kg,,Fresh & Chilled
441994,Caprice des Dieux French Lactose Free Soft Cheese,G,false,2491,https://ecom-su-static-prod.wtrecom.com/images/products/3/LN_441994_BP_3.jpg,https://www.waitrose.com/ecom/products/caprice-des-dieux-french-lactose-free-soft-cheese/441994-807649-807650,Caprice des Dieux French Lactose Free Soft Cheese,200g,£2.75,£13.75/kg,,Fresh & Chilled
811084,PlantLiving: 4 Frozen Bean Burgers,G,false,2492,https://ecom-su-static-prod.wtrecom.com/images/products/3/LN_811084_BP_3.jpg,https://www.waitrose.com/ecom/products/plantliving-4-frozen-bean-burgers/811084-762534-762535,PlantLiving: 4 Frozen Bean Burgers,454g,£2.40,£5.29/kg,,Fresh & Chilled
683038,Deliciously Ella Vegan Almond Butter Cups,G,false,2493,https://ecom-su-static-prod.wtrecom.com/images/products/3/LN_683038_BP_3.jpg,https://www.waitrose.com/ecom/products/deliciously-ella-vegan-almond-butter-cups/683038-701982-701983,Deliciously Ella Vegan Almond Butter Cups,36g,£1.65,£4.59/100g,,Fresh & Chilled
887053,Simplee Aloe Passionfruit Aloe Vera Fruit Juice,G,false,2494,https://ecom-su-static-prod.wtrecom.com/images/products/3/LN_887053_BP_3.jpg,https://www.waitrose.com/ecom/products/simplee-aloe-passionfruit-aloe-vera-fruit-juice/887053-741546-741547,Simplee Aloe Passionfruit Aloe Vera Fruit Juice,500ml,£1.60,32p/100ml,,Fresh & Chilled
511367,Castello Danish Blue Cheese Strength 6,G,true,2495,https://ecom-su-static-prod.wtrecom.com/images/products/3/LN_511367_BP_3.jpg,https://www.waitrose.com/ecom/products/castello-danish-blue-cheese-strength-6/511367-715072-715073,Castello Danish Blue Cheese Strength 6,150g,£2.50,£16.67/kg,save 45p. Was £2.95,Fresh & Chilled
891526,Waitrose Indian Aubergine Masala Curry for 2,G,false,2496,https://ecom-su-static-prod.wtrecom.com/images/products/3/LN_891526_BP_3.jpg,https://www.waitrose.com/ecom/products/waitrose-indian-aubergine-masala-curry-for-2/891526-571132-571133,Waitrose Indian Aubergine Masala Curry for 2,250g,£2.85,£11.40/kg,,Fresh & Chilled
078737,No. 1 Berthaut's Epoisses AOP French Soft Cheese Strength 6,G,false,2497,https://ecom-su-static-prod.wtrecom.com/images/products/3/LN_078737_BP_3.jpg,https://www.waitrose.com/ecom/products/no-1-berthauts-epoisses-aop-french-soft-cheese-strength-6/078737-40087-40088,No. 1 Berthaut's Epoisses AOP French Soft Cheese Strength 6,250g,£7.25,£29/kg,,Fresh & Chilled
085187,Waitrose Indian Chicken Madras Curry for 2,G,false,2498,https://ecom-su-static-prod.wtrecom.com/images/products/3/LN_085187_BP_3.jpg,https://www.waitrose.com/ecom/products/waitrose-indian-chicken-madras-curry-for-2/085187-43258-43259,Waitrose Indian Chicken Madras Curry for 2,350g,£4.95,£14.15/kg,,Fresh & Chilled
690029,Clive's Vegan Sausagey Rolls with Chutney,G,false,2499,https://ecom-su-static-prod.wtrecom.com/images/products/3/LN_690029_BP_3.jpg,https://www.waitrose.com/ecom/products/clives-vegan-sausagey-rolls-with-chutney/690029-804334-804335,Clive's Vegan Sausagey Rolls with Chutney,160g,£3.30,£2.07/100g,,Fresh & Chilled
815978,Seriously Vintage Spreadable Cheese,G,false,2500,https://ecom-su-static-prod.wtrecom.com/images/products/3/LN_815978_BP_3.jpg,https://www.waitrose.com/ecom/products/seriously-vintage-spreadable-cheese/815978-502931-502932,Seriously Vintage Spreadable Cheese,125g,£2.00,£16/kg,,Fresh & Chilled
428026,Crosta & Mollica Gelato Cherry,G,true,2501,https://ecom-su-static-prod.wtrecom.com/images/products/3/LN_428026_BP_3.jpg,https://www.waitrose.com/ecom/products/crosta-mollica-gelato-cherry/428026-782757-782758,Crosta & Mollica Gelato Cherry,450ml,£4.60,£1.03/100ml,20% Off. Was £5.75,Fresh & Chilled
561895,"Waitrose Low Fat Cherry, Peach & Apricot Yogurts",G,false,2502,https://ecom-su-static-prod.wtrecom.com/images/products/3/LN_561895_BP_3.jpg,https://www.waitrose.com/ecom/products/waitrose-low-fat-cherry-peach-apricot-yogurts/561895-822494-822494,"Waitrose Low Fat Cherry, Peach & Apricot Yogurts",4x125g,£1.80,36p/100g,,Fresh & Chilled
505833,Waitrose All Day Breakfast Sandwich,G,true,2503,https://ecom-su-static-prod.wtrecom.com/images/products/3/LN_505833_BP_3.jpg,https://www.waitrose.com/ecom/products/waitrose-all-day-breakfast-sandwich/505833-274056-274057,Waitrose All Day Breakfast Sandwich,each,£3.95,£3.95 each,"£5 Food to Go Meal Deal: Add 1 Main, 1 Snack and 1 Drink",Fresh & Chilled
569850,Charlie Bigham's Chicken & Mushroom Risotto for 2,G,false,2504,https://ecom-su-static-prod.wtrecom.com/images/products/3/LN_569850_BP_3.jpg,https://www.waitrose.com/ecom/products/charlie-bighams-chicken-mushroom-risotto-for-2/569850-283643-283644,Charlie Bigham's Chicken & Mushroom Risotto for 2,700g,£9.50,£13.58/kg,,Fresh & Chilled
513548,Quorn 3 Sausage Rolls,G,false,2505,https://ecom-su-static-prod.wtrecom.com/images/products/3/LN_513548_BP_3.jpg,https://www.waitrose.com/ecom/products/quorn-3-sausage-rolls/513548-480823-480824,Quorn 3 Sausage Rolls,210g,£3.10,£14.77/kg,,Fresh & Chilled
642844,Müller Rice Vanilla Custard Low Fat Pudding,G,false,2506,https://ecom-su-static-prod.wtrecom.com/images/products/3/LN_642844_BP_3.jpg,https://www.waitrose.com/ecom/products/muller-rice-vanilla-custard-low-fat-pudding/642844-91281-91282,Müller Rice Vanilla Custard Low Fat Pudding,170g,95p,55.9p/100g,,Fresh & Chilled
809106,Waitrose Cajun Prawn Fishcakes,G,true,2507,https://ecom-su-static-prod.wtrecom.com/images/products/3/LN_809106_BP_3.jpg,https://www.waitrose.com/ecom/products/waitrose-cajun-prawn-fishcakes/809106-802250-802251,Waitrose Cajun Prawn Fishcakes,290g,£4.25,£1.47/100g,Add 3 for £12,Fresh & Chilled
555711,Waitrose Roasted Pistachios,G,false,2508,https://ecom-su-static-prod.wtrecom.com/images/products/3/LN_555711_BP_3.jpg,https://www.waitrose.com/ecom/products/waitrose-roasted-pistachios/555711-480869-480870,Waitrose Roasted Pistachios,400g,£5.75,£1.44/100g,,Fresh & Chilled
712336,Quorn Emmental Escalopes,G,false,2509,https://ecom-su-static-prod.wtrecom.com/images/products/3/LN_712336_BP_3.jpg,https://www.waitrose.com/ecom/products/quorn-emmental-escalopes/712336-665075-665076,Quorn Emmental Escalopes,220g,£3.15,£14.32/kg,,Fresh & Chilled
897482,Duchy Organic Free Range British Pork Chops,G,false,2510,https://ecom-su-static-prod.wtrecom.com/images/products/3/LN_897482_BP_3.jpg,https://www.waitrose.com/ecom/products/duchy-organic-free-range-british-pork-chops/897482-389308-389309,Duchy Organic Free Range British Pork Chops,Typical weight 0.37kg,£5.02 each est.,£13.75/kg,,Fresh & Chilled
775220,No.1 Cheese Selection,E,false,2511,https://ecom-su-static-prod.wtrecom.com/images/products/3/LN_775220_BP_3.jpg,https://www.waitrose.com/ecom/products/no1-cheese-selection/775220-696707-696707,No.1 Cheese Selection,Typical weight 870g,£30.00,,,Fresh & Chilled
586719,Charlie Bigham's Chicken with White Wine Sauce & Mash for 2,G,false,2512,https://ecom-su-static-prod.wtrecom.com/images/products/3/LN_586719_BP_3.jpg,https://www.waitrose.com/ecom/products/charlie-bighams-chicken-with-white-wine-sauce-mash-for-2/586719-336941-336942,Charlie Bigham's Chicken with White Wine Sauce & Mash for 2,825g,£9.50,£11.52/kg,,Fresh & Chilled
474126,Minor Figures Everyday Oat Dairy Free Milk Alternative Large,G,false,2513,https://ecom-su-static-prod.wtrecom.com/images/products/3/LN_474126_BP_3.jpg,https://www.waitrose.com/ecom/products/minor-figures-everyday-oat-dairy-free-milk-alternative-large/474126-813498-813499,Minor Figures Everyday Oat Dairy Free Milk Alternative Large,1litre,£2.00,£2/litre,,Fresh & Chilled
447768,Pukka Chicken & Mushroom Pie,G,false,2514,https://ecom-su-static-prod.wtrecom.com/images/products/3/LN_447768_BP_3.jpg,https://www.waitrose.com/ecom/products/pukka-chicken-mushroom-pie/447768-684062-684063,Pukka Chicken & Mushroom Pie,Each,£2.10,£2.10 each,,Fresh & Chilled
590697,English Cheesecake Lemon & Mascarpone Slices,G,false,2515,https://ecom-su-static-prod.wtrecom.com/images/products/3/LN_590697_BP_3.jpg,https://www.waitrose.com/ecom/products/english-cheesecake-lemon-mascarpone-slices/590697-691626-691627,English Cheesecake Lemon & Mascarpone Slices,214g,£3.95,£1.85/100g,,Fresh & Chilled
077613,Waitrose Seafood Cocktail Sandwich,G,true,2516,https://ecom-su-static-prod.wtrecom.com/images/products/3/LN_077613_BP_3.jpg,https://www.waitrose.com/ecom/products/waitrose-seafood-cocktail-sandwich/077613-39486-39487,Waitrose Seafood Cocktail Sandwich,each,£3.65,£3.65 each,"£5 Food to Go Meal Deal: Add 1 Main, 1 Snack and 1 Drink",Fresh & Chilled
753672,Onken Cherry Yogurt,G,true,2517,https://ecom-su-static-prod.wtrecom.com/images/products/3/LN_753672_BP_3.jpg,https://www.waitrose.com/ecom/products/onken-cherry-yogurt/753672-688393-688394,Onken Cherry Yogurt,450g,£1.50,33.3p/100g,save 85p. Was £2.35,Fresh & Chilled
857002,Charlie Bigham's Vegetable Lasagne for 2,G,false,2518,https://ecom-su-static-prod.wtrecom.com/images/products/3/LN_857002_BP_3.jpg,https://www.waitrose.com/ecom/products/charlie-bighams-vegetable-lasagne-for-2/857002-677642-677643,Charlie Bigham's Vegetable Lasagne for 2,730g,£8.50,£11.65/kg,,Fresh & Chilled
737089,Albert Bartlett Golden Belle Potatoes,G,true,2519,https://ecom-su-static-prod.wtrecom.com/images/products/3/LN_737089_BP_3.jpg,https://www.waitrose.com/ecom/products/albert-bartlett-golden-belle-potatoes/737089-811872-811873,Albert Bartlett Golden Belle Potatoes,1.5Kg,£1.60,£1.07/kg,20% Off. Was £2.00,Fresh & Chilled
678787,Bio&Me Original Kefir Live Yoghurt,G,true,2520,https://ecom-su-static-prod.wtrecom.com/images/products/3/LN_678787_BP_3.jpg,https://www.waitrose.com/ecom/products/biome-original-kefir-live-yoghurt/678787-788950-788951,Bio&Me Original Kefir Live Yoghurt,350g,£1.50,42.9p/100g,save 70p. Was £2.20,Fresh & Chilled
605191,Nestle Aero Mint & Choc Mousse,G,false,2521,https://ecom-su-static-prod.wtrecom.com/images/products/3/LN_605191_BP_3.jpg,https://www.waitrose.com/ecom/products/nestle-aero-mint-choc-mousse/605191-822501-822502,Nestle Aero Mint & Choc Mousse,4x58g,£2.10,90.5p/100g,,Fresh & Chilled
649161,Linda McCartney's 2 Frozen Deep Dish Country Pies,G,false,2522,https://ecom-su-static-prod.wtrecom.com/images/products/3/LN_649161_BP_3.jpg,https://www.waitrose.com/ecom/products/linda-mccartneys-2-frozen-deep-dish-country-pies/649161-459780-459781,Linda McCartney's 2 Frozen Deep Dish Country Pies,380g,£2.80,£7.37/kg,,Fresh & Chilled
006701,Waitrose Roast Chicken & Bacon Sandwich,G,true,2523,https://ecom-su-static-prod.wtrecom.com/images/products/3/LN_006701_BP_3.jpg,https://www.waitrose.com/ecom/products/waitrose-roast-chicken-bacon-sandwich/006701-2979-2980,Waitrose Roast Chicken & Bacon Sandwich,each,£3.95,£3.95 each,"£5 Food to Go Meal Deal: Add 1 Main, 1 Snack and 1 Drink",Fresh & Chilled
416664,RE:NOURISH Immunity Soup,G,true,2524,https://ecom-su-static-prod.wtrecom.com/images/products/3/LN_416664_BP_3.jpg,https://www.waitrose.com/ecom/products/re-nourish-immunity-soup/416664-706170-706171,RE:NOURISH Immunity Soup,500g,£2.65,53p/100g,save 55p. Was £3.20,Fresh & Chilled
604336,No.1 Salted Caramel & Chocolate Tart,E,false,2525,https://ecom-su-static-prod.wtrecom.com/images/products/3/LN_604336_BP_3.jpg,https://www.waitrose.com/ecom/products/no1-salted-caramel-chocolate-tart/604336-502747-502748,No.1 Salted Caramel & Chocolate Tart,Typical weight 945g,£12.50,£12.50 each,,Fresh & Chilled
055061,Waitrose Seedless Sable Grapes,G,false,2526,https://ecom-su-static-prod.wtrecom.com/images/products/3/LN_055061_BP_3.jpg,https://www.waitrose.com/ecom/products/waitrose-seedless-sable-grapes/055061-27674-27675,Waitrose Seedless Sable Grapes,400g,£3.10,£7.75/kg,,Fresh & Chilled
001932,Duchy Organic British Lamb Cutlets,G,false,2527,https://ecom-su-static-prod.wtrecom.com/images/products/3/LN_001932_BP_3.jpg,https://www.waitrose.com/ecom/products/duchy-organic-british-lamb-cutlets/001932-425747-482,Duchy Organic British Lamb Cutlets,Typical weight 0.42kg,£12.72 each est.,£30.00/kg,,Fresh & Chilled
496814,Copella Apple & Elderflower Fruit Juice,G,true,2528,https://ecom-su-static-prod.wtrecom.com/images/products/3/LN_496814_BP_3.jpg,https://www.waitrose.com/ecom/products/copella-apple-elderflower-fruit-juice/496814-70206-70207,Copella Apple & Elderflower Fruit Juice,900ml,£2.00,22.2p/100ml,save 65p. Was £2.65,Fresh & Chilled
895037,Waitrose Breaded Calamari,G,false,2529,https://ecom-su-static-prod.wtrecom.com/images/products/3/LN_895037_BP_3.jpg,https://www.waitrose.com/ecom/products/waitrose-breaded-calamari/895037-689932-689933,Waitrose Breaded Calamari,200g,£4.50,£22.50/kg,,Fresh & Chilled
715609,Chavroux Sliced Goats Cheese,G,false,2530,https://ecom-su-static-prod.wtrecom.com/images/products/3/LN_715609_BP_3.jpg,https://www.waitrose.com/ecom/products/chavroux-sliced-goats-cheese/715609-715120-715121,Chavroux Sliced Goats Cheese,120g,£2.50,£20.84/kg,,Fresh & Chilled
009828,Elsinore Chilled Black Lumpfish Caviar,G,false,2531,https://ecom-su-static-prod.wtrecom.com/images/products/3/LN_009828_BP_3.jpg,https://www.waitrose.com/ecom/products/elsinore-chilled-black-lumpfish-caviar/009828-4870-4871,Elsinore Chilled Black Lumpfish Caviar,50g,£2.75,£5.50/100g,,Fresh & Chilled
797142,The Bay Tree Mint Jelly,G,false,2532,https://ecom-su-static-prod.wtrecom.com/images/products/3/LN_797142_BP_3.jpg,https://www.waitrose.com/ecom/products/the-bay-tree-mint-jelly/797142-113420-113421,The Bay Tree Mint Jelly,210g,£3.25,£1.55/100g,,Fresh & Chilled
715009,Graze Banana Oat Boosts,G,false,2533,https://ecom-su-static-prod.wtrecom.com/images/products/3/LN_715009_BP_3.jpg,https://www.waitrose.com/ecom/products/graze-banana-oat-boosts/715009-589403-589404,Graze Banana Oat Boosts,4x30g,£2.90,£2.42/100g,,Fresh & Chilled
702353,Pieminister Wild Shroom Pie,G,true,2534,https://ecom-su-static-prod.wtrecom.com/images/products/3/LN_702353_BP_3.jpg,https://www.waitrose.com/ecom/products/pieminister-wild-shroom-pie/702353-99692-99693,Pieminister Wild Shroom Pie,270g,£4.70,£1.75/100g,Add 2 for £7.50,Fresh & Chilled
429661,The Collective Peach & Apricot Dairy Free Oat & Coconut Yogurt Alternative Single,G,false,2535,https://ecom-su-static-prod.wtrecom.com/images/products/3/LN_429661_BP_3.jpg,https://www.waitrose.com/ecom/products/the-collective-peach-apricot-dairy-free-oat-coconut-yogurt-alternative-single/429661-788846-788847,The Collective Peach & Apricot Dairy Free Oat & Coconut Yogurt Alternative Single,85g,£1.00,£1.18/100g,,Fresh & Chilled
738017,Genuine Coconut Raw Water,G,false,2536,https://ecom-su-static-prod.wtrecom.com/images/products/3/LN_738017_BP_3.jpg,https://www.waitrose.com/ecom/products/genuine-coconut-raw-water/738017-575744-575745,Genuine Coconut Raw Water,Each,£3.00,£3 each,,Fresh & Chilled
836980,Tom Parker Chocolate Milk,G,false,2537,https://ecom-su-static-prod.wtrecom.com/images/products/3/LN_836980_BP_3.jpg,https://www.waitrose.com/ecom/products/tom-parker-chocolate-milk/836980-826538-826539,Tom Parker Chocolate Milk,500ml,£2.40,£4.80/litre,,Fresh & Chilled
774854,Houghton Honey Roast Ham,G,true,2538,https://ecom-su-static-prod.wtrecom.com/images/products/3/LN_774854_BP_3.jpg,https://www.waitrose.com/ecom/products/houghton-honey-roast-ham/774854-110179-110180,Houghton Honey Roast Ham,,£2.32,,25% Off. Was £3.10,Fresh & Chilled
569485,"Waitrose Apple, Mango, Strawberries & Blueberries",G,true,2539,https://ecom-su-static-prod.wtrecom.com/images/products/3/LN_569485_BP_3.jpg,https://www.waitrose.com/ecom/products/waitrose-apple-mango-strawberries-blueberries/569485-804236-804237,"Waitrose Apple, Mango, Strawberries & Blueberries",400g,£3.80,95p/100g,20% Off. Was £4.75,Fresh & Chilled
391811,Essential Medium Cheddar Cheese Strength 3 Small,G,false,2540,https://ecom-su-static-prod.wtrecom.com/images/products/3/LN_391811_BP_3.jpg,https://www.waitrose.com/ecom/products/essential-medium-cheddar-cheese-strength-3-small/391811-55079-55080,Essential Medium Cheddar Cheese Strength 3 Small,160g,£1.60,£10/kg,,Fresh & Chilled
848758,Thrive Tandoori Karahi Chicken for 1,G,false,2541,https://ecom-su-static-prod.wtrecom.com/images/products/3/LN_848758_BP_3.jpg,https://www.waitrose.com/ecom/products/thrive-tandoori-karahi-chicken-for-1/848758-770897-770898,Thrive Tandoori Karahi Chicken for 1,380g,£3.95,£10.40/kg,,Fresh & Chilled
651176,"Salmon Side with Orange, Mustard & Dill",E,false,2542,https://ecom-su-static-prod.wtrecom.com/images/products/3/LN_651176_BP_3.jpg,https://www.waitrose.com/ecom/products/salmon-side-with-orange-mustard-dill/651176-224192-224193,"Salmon Side with Orange, Mustard & Dill",Typical weight 898g,£28.00,£3.12/100g,,Fresh & Chilled
074102,Benecol Tropical Fruit Dairy Free Soya Yogurt Drinks,G,true,2543,https://ecom-su-static-prod.wtrecom.com/images/products/3/LN_074102_BP_3.jpg,https://www.waitrose.com/ecom/products/benecol-tropical-fruit-dairy-free-soya-yogurt-drinks/074102-37620-37621,Benecol Tropical Fruit Dairy Free Soya Yogurt Drinks,6x65.5g,£4.50,£1.15/100g,Add 2 for £7.50,Fresh & Chilled
875290,Deliciously Ella Vegan Salted Chocolate Almonds,G,false,2544,https://ecom-su-static-prod.wtrecom.com/images/products/3/LN_875290_BP_3.jpg,https://www.waitrose.com/ecom/products/deliciously-ella-vegan-salted-chocolate-almonds/875290-735974-735975,Deliciously Ella Vegan Salted Chocolate Almonds,81g,£2.90,£3.59/100g,,Fresh & Chilled
031818,Quorn Myco-Protein Minced,G,false,2545,https://ecom-su-static-prod.wtrecom.com/images/products/3/LN_031818_BP_3.jpg,https://www.waitrose.com/ecom/products/quorn-myco-protein-minced/031818-15491-15492,Quorn Myco-Protein Minced,350g,£3.40,£9.72/kg,,Fresh & Chilled
854108,Waitrose Freefrom Cypriot Lactose Free Halloumi Cheese Strength 1,G,false,2546,https://ecom-su-static-prod.wtrecom.com/images/products/3/LN_854108_BP_3.jpg,https://www.waitrose.com/ecom/products/waitrose-freefrom-cypriot-lactose-free-halloumi-cheese-strength-1/854108-681448-681449,Waitrose Freefrom Cypriot Lactose Free Halloumi Cheese Strength 1,250g,£3.00,£12/kg,,Fresh & Chilled
694385,Essential Breaded Hake,G,false,2547,https://ecom-su-static-prod.wtrecom.com/images/products/3/LN_694385_BP_3.jpg,https://www.waitrose.com/ecom/products/essential-breaded-hake/694385-802266-802267,Essential Breaded Hake,300g,£3.50,£11.67/kg,,Fresh & Chilled
861004,Jimmy's Original Iced Coffee,G,true,2548,https://ecom-su-static-prod.wtrecom.com/images/products/3/LN_861004_BP_3.jpg,https://www.waitrose.com/ecom/products/jimmys-original-iced-coffee/861004-756203-756204,Jimmy's Original Iced Coffee,275ml,£2.20,£8/litre,"£5 Food to Go Meal Deal: Add 1 Main, 1 Snack and 1 Drink",Fresh & Chilled
067710,Duchy Organic Chicken Livers,G,false,2549,https://ecom-su-static-prod.wtrecom.com/images/products/3/LN_067710_BP_3.jpg,https://www.waitrose.com/ecom/products/duchy-organic-chicken-livers/067710-34373-34374,Duchy Organic Chicken Livers,400g,£3.00,£7.50/kg,,Fresh & Chilled
749394,Waitrose 2 British Pork & Black Garlic Burgers,G,false,2550,https://ecom-su-static-prod.wtrecom.com/images/products/3/LN_749394_BP_3.jpg,https://www.waitrose.com/ecom/products/waitrose-2-british-pork-black-garlic-burgers/749394-805659-805660,Waitrose 2 British Pork & Black Garlic Burgers,340g,£4.00,£11.77/kg,,Fresh & Chilled
682759,Unearthed Pork Rillettes,G,true,2551,https://ecom-su-static-prod.wtrecom.com/images/products/3/LN_682759_BP_3.jpg,https://www.waitrose.com/ecom/products/unearthed-pork-rillettes/682759-97000-97001,Unearthed Pork Rillettes,110g,£2.21,£2.01/100g,25% Off. Was £2.95,Fresh & Chilled
468430,Easy to Cook Pork and Chorizo Burgers,G,true,2552,https://ecom-su-static-prod.wtrecom.com/images/products/3/LN_468430_BP_3.jpg,https://www.waitrose.com/ecom/products/easy-to-cook-pork-and-chorizo-burgers/468430-740825-740826,Easy to Cook Pork and Chorizo Burgers,280g,£5.00,£17.86/kg,Add 3 for £12,Fresh & Chilled
832093,No.1 Watercress Tzatziki,G,true,2553,https://ecom-su-static-prod.wtrecom.com/images/products/3/LN_832093_BP_3.jpg,https://www.waitrose.com/ecom/products/no1-watercress-tzatziki/832093-827230-827231,No.1 Watercress Tzatziki,170g,£2.28,£1.35/100g,Introductory Offer.Will be £2.85,Fresh & Chilled
448561,Starbucks Caramel Macchiato Iced Coffee,G,false,2554,https://ecom-su-static-prod.wtrecom.com/images/products/3/LN_448561_BP_3.jpg,https://www.waitrose.com/ecom/products/starbucks-caramel-macchiato-iced-coffee/448561-657603-657604,Starbucks Caramel Macchiato Iced Coffee,220ml,£2.30,£10.46/litre,,Fresh & Chilled
454164,Natoora Purple Garlic,G,false,2555,https://ecom-su-static-prod.wtrecom.com/images/products/3/LN_454164_BP_3.jpg,https://www.waitrose.com/ecom/products/natoora-purple-garlic/454164-682810-682811,Natoora Purple Garlic,2s,£3.00,£1.50 each,,Fresh & Chilled
884504,Waitrose Slow Cooked Duck Leg Confit,G,false,2556,https://ecom-su-static-prod.wtrecom.com/images/products/3/LN_884504_BP_3.jpg,https://www.waitrose.com/ecom/products/waitrose-slow-cooked-duck-leg-confit/884504-237742-237743,Waitrose Slow Cooked Duck Leg Confit,500g,£8.50,£17/kg,,Fresh & Chilled
755952,Charlie Bighams Tuscan Pork Ragu with Rigatoni for 2,G,true,2557,https://ecom-su-static-prod.wtrecom.com/images/products/3/LN_755952_BP_3.jpg,https://www.waitrose.com/ecom/products/charlie-bighams-tuscan-pork-ragu-with-rigatoni-for-2/755952-823160-823161,Charlie Bighams Tuscan Pork Ragu with Rigatoni for 2,616g,£8.50,£1.38/100g,save £1.00. Was £9.50,Fresh & Chilled
416617,No.1 Basque Cheesecake,G,false,2558,https://ecom-su-static-prod.wtrecom.com/images/products/3/LN_416617_BP_3.jpg,https://www.waitrose.com/ecom/products/no1-basque-cheesecake/416617-767361-767362,No.1 Basque Cheesecake,430g,£6.50,£1.52/100g,,Fresh & Chilled
446869,UFIT High Protein Strawberry Milkshake,G,false,2559,https://ecom-su-static-prod.wtrecom.com/images/products/3/LN_446869_BP_3.jpg,https://www.waitrose.com/ecom/products/ufit-high-protein-strawberry-milkshake/446869-785680-785681,UFIT High Protein Strawberry Milkshake,330ml,£2.10,63.6p/100ml,,Fresh & Chilled
780722,Waitrose Pesto & WIld Garlic Fiorelli,G,false,2560,https://ecom-su-static-prod.wtrecom.com/images/products/3/LN_780722_BP_3.jpg,https://www.waitrose.com/ecom/products/waitrose-pesto-wild-garlic-fiorelli/780722-793274-793275,Waitrose Pesto & WIld Garlic Fiorelli,250g,£3.60,£1.44/100g,,Fresh & Chilled
488536,Koko Coconut Raspberry Plant Based Dairy Free Yogurt Alternative,G,false,2561,https://ecom-su-static-prod.wtrecom.com/images/products/3/LN_488536_BP_3.jpg,https://www.waitrose.com/ecom/products/koko-coconut-raspberry-plant-based-dairy-free-yogurt-alternative/488536-590206-590207,Koko Coconut Raspberry Plant Based Dairy Free Yogurt Alternative,2x125g,£1.60,64p/100g,,Fresh & Chilled
783458,Natoora Italian Green Courgettes,G,true,2562,https://ecom-su-static-prod.wtrecom.com/images/products/3/LN_783458_BP_3.jpg,https://www.waitrose.com/ecom/products/natoora-italian-green-courgettes/783458-691193-691194,Natoora Italian Green Courgettes,400g,£2.40,£6/kg,20% Off. Was £3.00,Fresh & Chilled
469196,No.1 Wood-fired Spicy Calabrian Salami Sourdough Pizza,G,false,2563,https://ecom-su-static-prod.wtrecom.com/images/products/3/LN_469196_BP_3.jpg,https://www.waitrose.com/ecom/products/no1-wood-fired-spicy-calabrian-salami-sourdough-pizza/469196-813866-813867,No.1 Wood-fired Spicy Calabrian Salami Sourdough Pizza,260g,£3.85,£14.81/kg,,Fresh & Chilled
607168,Waitrose Vegetable Couscous,G,false,2564,https://ecom-su-static-prod.wtrecom.com/images/products/3/LN_607168_BP_3.jpg,https://www.waitrose.com/ecom/products/waitrose-vegetable-couscous/607168-86141-86142,Waitrose Vegetable Couscous,350g,£3.35,95.7p/100g,,Fresh & Chilled
807018,Charlie Bigham's Chicken Kyiv For 2,G,false,2565,https://ecom-su-static-prod.wtrecom.com/images/products/3/LN_807018_BP_3.jpg,https://www.waitrose.com/ecom/products/charlie-bighams-chicken-kyiv-for-2/807018-692459-692460,Charlie Bigham's Chicken Kyiv For 2,335g,£9.50,£28.36/kg,,Fresh & Chilled
048644,Taiko Mini Nigiri,G,true,2566,https://ecom-su-static-prod.wtrecom.com/images/products/3/LN_048644_BP_3.jpg,https://www.waitrose.com/ecom/products/taiko-mini-nigiri/048644-24168-24169,Taiko Mini Nigiri,112g,£2.50,£2.24/100g,"£5 Food to Go Meal Deal: Add 1 Main, 1 Snack and 1 Drink",Fresh & Chilled
367092,Emmi Raclette Pure Classic Sliced Cheese,G,false,2567,https://ecom-su-static-prod.wtrecom.com/images/products/3/LN_367092_BP_3.jpg,https://www.waitrose.com/ecom/products/emmi-raclette-pure-classic-sliced-cheese/367092-51622-51623,Emmi Raclette Pure Classic Sliced Cheese,200g,£4.35,£21.75/kg,,Fresh & Chilled
861549,Waitrose Cooked Skinless Chicken Breast Fillets,G,false,2568,https://ecom-su-static-prod.wtrecom.com/images/products/3/LN_861549_BP_3.jpg,https://www.waitrose.com/ecom/products/waitrose-cooked-skinless-chicken-breast-fillets/861549-724941-724942,Waitrose Cooked Skinless Chicken Breast Fillets,Typical weight 0.2kg,£5.55 each est.,£27.75/kg,,Fresh & Chilled
754245,Waitrose Seafood Shells with Prawns & Smoked Salmon,G,false,2569,https://ecom-su-static-prod.wtrecom.com/images/products/3/LN_754245_BP_3.jpg,https://www.waitrose.com/ecom/products/waitrose-seafood-shells-with-prawns-smoked-salmon/754245-679623-679624,Waitrose Seafood Shells with Prawns & Smoked Salmon,120g,£4.75,£39.59/kg,,Fresh & Chilled
051643,Waitrose Orange River Choice Sultanas,G,false,2570,https://ecom-su-static-prod.wtrecom.com/images/products/3/LN_051643_BP_3.jpg,https://www.waitrose.com/ecom/products/waitrose-orange-river-choice-sultanas/051643-25700-25701,Waitrose Orange River Choice Sultanas,500g,£3.50,£7/kg,,Fresh & Chilled
894469,GetPRO Chocolate Caramel Protein Mousse,G,false,2571,https://ecom-su-static-prod.wtrecom.com/images/products/3/LN_894469_BP_3.jpg,https://www.waitrose.com/ecom/products/getpro-chocolate-caramel-protein-mousse/894469-822535-822536,GetPRO Chocolate Caramel Protein Mousse,200g,£2.50,£1.25/100g,,Fresh & Chilled
094778,Waitrose British Boneless Extra Trim Half Leg Of Lamb,G,false,2572,https://ecom-su-static-prod.wtrecom.com/images/products/3/LN_094778_BP_3.jpg,https://www.waitrose.com/ecom/products/waitrose-british-boneless-extra-trim-half-leg-of-lamb/094778-48616-48617,Waitrose British Boneless Extra Trim Half Leg Of Lamb,Typical weight 0.73kg,£19.71 each est.,£27.00/kg,,Fresh & Chilled
717455,Tropicana Pure Orange Juice with Extra Bits Large,G,false,2573,https://ecom-su-static-prod.wtrecom.com/images/products/3/LN_717455_BP_3.jpg,https://www.waitrose.com/ecom/products/tropicana-pure-orange-juice-with-extra-bits-large/717455-752505-752506,Tropicana Pure Orange Juice with Extra Bits Large,1.5litre,£4.20,28p/100ml,,Fresh & Chilled
659355,Shaken Udder Strawberry Dream Strawberry Milkshake Large,G,false,2574,https://ecom-su-static-prod.wtrecom.com/images/products/3/LN_659355_BP_3.jpg,https://www.waitrose.com/ecom/products/shaken-udder-strawberry-dream-strawberry-milkshake-large/659355-757393-757394,Shaken Udder Strawberry Dream Strawberry Milkshake Large,750ml,£2.55,£3.40/litre,,Fresh & Chilled
845774,Findlater's Duck Liver Patè,G,false,2575,https://ecom-su-static-prod.wtrecom.com/images/products/3/LN_845774_BP_3.jpg,https://www.waitrose.com/ecom/products/findlaters-duck-liver-pate/845774-736103-736104,Findlater's Duck Liver Patè,120g,£3.75,£3.13/100g,,Fresh & Chilled
731767,GoVeggie: Vegetarian Tomato & Mozzarella Arancini,G,false,2576,https://ecom-su-static-prod.wtrecom.com/images/products/3/LN_731767_BP_3.jpg,https://www.waitrose.com/ecom/products/goveggie-vegetarian-tomato-mozzarella-arancini/731767-629361-629362,GoVeggie: Vegetarian Tomato & Mozzarella Arancini,300g,£4.00,£1.34/100g,,Fresh & Chilled
496443,No.1 Truffle Houmous,G,true,2577,https://ecom-su-static-prod.wtrecom.com/images/products/3/LN_496443_BP_3.jpg,https://www.waitrose.com/ecom/products/no1-truffle-houmous/496443-827192-827193,No.1 Truffle Houmous,170g,£2.28,£1.35/100g,Introductory Offer.Will be £2.85,Fresh & Chilled
572671,Alpro Soya Dairy Free Single Cream Alternative,G,false,2578,https://ecom-su-static-prod.wtrecom.com/images/products/3/LN_572671_BP_3.jpg,https://www.waitrose.com/ecom/products/alpro-soya-dairy-free-single-cream-alternative/572671-81133-81134,Alpro Soya Dairy Free Single Cream Alternative,250ml,£1.35,54p/100ml,,Fresh & Chilled
527175,THIS Isn't Chicken Plant-Based Pieces,G,true,2579,https://ecom-su-static-prod.wtrecom.com/images/products/3/LN_527175_BP_3.jpg,https://www.waitrose.com/ecom/products/this-isnt-chicken-plant-based-pieces/527175-712699-712700,THIS Isn't Chicken Plant-Based Pieces,170g,£2.88,£16.95/kg,20% Off. Was £3.60,Fresh & Chilled
050735,Waitrose British Boneless Pork Leg Crackling Joint,G,false,2580,https://ecom-su-static-prod.wtrecom.com/images/products/3/LN_050735_BP_3.jpg,https://www.waitrose.com/ecom/products/waitrose-british-boneless-pork-leg-crackling-joint/050735-25241-25242,Waitrose British Boneless Pork Leg Crackling Joint,Typical weight 1.11kg,£10.58 each est.,£9.50/kg,,Fresh & Chilled
537221,"Innocent Pineapples, Bananas & Coconuts Fruit Smoothie Large",G,true,2581,https://ecom-su-static-prod.wtrecom.com/images/products/3/LN_537221_BP_3.jpg,https://www.waitrose.com/ecom/products/innocent-pineapples-bananas-coconuts-fruit-smoothie-large/537221-776987-776988,"Innocent Pineapples, Bananas & Coconuts Fruit Smoothie Large",750ml,£2.50,£3.34/litre,save £1.20. Was £3.70,Fresh & Chilled
495080,The Coconut Collab Natural Vanilla Coconut Yogurt Alternative,G,true,2582,https://ecom-su-static-prod.wtrecom.com/images/products/3/LN_495080_BP_3.jpg,https://www.waitrose.com/ecom/products/the-coconut-collab-natural-vanilla-coconut-yogurt-alternative/495080-702615-702616,The Coconut Collab Natural Vanilla Coconut Yogurt Alternative,350g,£1.95,55.7p/100g,save 95p. Was £2.90,Fresh & Chilled
749702,Essential Medium Grated Cheddar Cheese Strength 3 Large,G,false,2583,https://ecom-su-static-prod.wtrecom.com/images/products/3/LN_749702_BP_3.jpg,https://www.waitrose.com/ecom/products/essential-medium-grated-cheddar-cheese-strength-3-large/749702-106616-106617,Essential Medium Grated Cheddar Cheese Strength 3 Large,500g,£4.40,£8.80/kg,,Fresh & Chilled
886662,Charlie Bigham's Proper Puds Cherry Bakewell,G,true,2584,https://ecom-su-static-prod.wtrecom.com/images/products/3/LN_886662_BP_3.jpg,https://www.waitrose.com/ecom/products/charlie-bighams-proper-puds-cherry-bakewell/886662-719999-720000,Charlie Bigham's Proper Puds Cherry Bakewell,409g,£3.75,91.7p/100g,save £1.25. Was £5.00,Fresh & Chilled
627553,Cooks' Ingredients 'Nduja,G,true,2585,https://ecom-su-static-prod.wtrecom.com/images/products/3/LN_627553_BP_3.jpg,https://www.waitrose.com/ecom/products/cooks-ingredients-nduja/627553-737795-737796,Cooks' Ingredients 'Nduja,2x40g,£2.80,£3.50/100g,20% Off. Was £3.50,Fresh & Chilled
504987,Moju Gut Health Cold Pressed Raspberry Prebiotic Fruit Juice Single Shot,G,false,2586,https://ecom-su-static-prod.wtrecom.com/images/products/3/LN_504987_BP_3.jpg,https://www.waitrose.com/ecom/products/moju-gut-health-cold-pressed-raspberry-prebiotic-fruit-juice-single-shot/504987-752429-752430,Moju Gut Health Cold Pressed Raspberry Prebiotic Fruit Juice Single Shot,60ml,£2.10,£3.50/100ml,,Fresh & Chilled
004163,Taifun Tofu Wiener,G,false,2587,https://ecom-su-static-prod.wtrecom.com/images/products/3/LN_004163_BP_3.jpg,https://www.waitrose.com/ecom/products/taifun-tofu-wiener/004163-1697-1698,Taifun Tofu Wiener,300g,£5.80,£19.34/kg,,Fresh & Chilled
472252,The Laughing Cow Light Lunchbox Snack Cheese Triangles,G,false,2588,https://ecom-su-static-prod.wtrecom.com/images/products/3/LN_472252_BP_3.jpg,https://www.waitrose.com/ecom/products/the-laughing-cow-light-lunchbox-snack-cheese-triangles/472252-769447-769448,The Laughing Cow Light Lunchbox Snack Cheese Triangles,267g,£3.10,£11.62/kg,,Fresh & Chilled
583444,Charlie Bigham's Spaghetti Carbonara for 2,G,true,2589,https://ecom-su-static-prod.wtrecom.com/images/products/3/LN_583444_BP_3.jpg,https://www.waitrose.com/ecom/products/charlie-bighams-spaghetti-carbonara-for-2/583444-381909-381910,Charlie Bigham's Spaghetti Carbonara for 2,675g,£8.50,£12.60/kg,save £1.00. Was £9.50,Fresh & Chilled
732621,Cooks' Ingredients Curry Leaves,G,false,2590,https://ecom-su-static-prod.wtrecom.com/images/products/3/LN_732621_BP_3.jpg,https://www.waitrose.com/ecom/products/cooks-ingredients-curry-leaves/732621-673404-673405,Cooks' Ingredients Curry Leaves,3s,£1.25,41.7p each,,Fresh & Chilled
860580,GOOD TO GO Pink Lady Apple Slices,G,true,2591,https://ecom-su-static-prod.wtrecom.com/images/products/3/LN_860580_BP_3.jpg,https://www.waitrose.com/ecom/products/good-to-go-pink-lady-apple-slices/860580-772500-772501,GOOD TO GO Pink Lady Apple Slices,80g,£1.20,£15/kg,"£5 Food to Go Meal Deal: Add 1 Main, 1 Snack and 1 Drink",Fresh & Chilled
454063,"Yorkshire Provender Broccoli, Pea & Kale Soup",G,false,2592,https://ecom-su-static-prod.wtrecom.com/images/products/3/LN_454063_BP_3.jpg,https://www.waitrose.com/ecom/products/yorkshire-provender-broccoli-pea-kale-soup/454063-810520-810521,"Yorkshire Provender Broccoli, Pea & Kale Soup",400g,£2.65,66.3p/100g,,Fresh & Chilled
534113,Bonne Maman Violet Fig Yogurt,G,false,2593,https://ecom-su-static-prod.wtrecom.com/images/products/3/LN_534113_BP_3.jpg,https://www.waitrose.com/ecom/products/bonne-maman-violet-fig-yogurt/534113-723760-723761,Bonne Maman Violet Fig Yogurt,450g,£3.20,71.1p/100g,,Fresh & Chilled
792936,Waitrose Golden Butternut Squash,G,false,2594,https://ecom-su-static-prod.wtrecom.com/images/products/3/LN_792936_BP_3.jpg,https://www.waitrose.com/ecom/products/waitrose-golden-butternut-squash/792936-116917-116918,Waitrose Golden Butternut Squash,Typical weight 1.15kg,£2.30 each est.,£2.00/kg,,Fresh & Chilled
891018,Somerset Valley Chocolate Mousse,G,false,2595,https://ecom-su-static-prod.wtrecom.com/images/products/3/LN_891018_BP_3.jpg,https://www.waitrose.com/ecom/products/somerset-valley-chocolate-mousse/891018-794102-794103,Somerset Valley Chocolate Mousse,6x55g,£1.50,45.5p/100g,,Fresh & Chilled
839075,Ginsters Philly Cheese Steak Bake,G,false,2596,https://ecom-su-static-prod.wtrecom.com/images/products/3/LN_839075_BP_3.jpg,https://www.waitrose.com/ecom/products/ginsters-philly-cheese-steak-bake/839075-810344-810345,Ginsters Philly Cheese Steak Bake,117g,£1.50,£1.29/100g,,Fresh & Chilled
562279,Waitrose Protein Vanilla Yogurt,G,true,2597,https://ecom-su-static-prod.wtrecom.com/images/products/3/LN_562279_BP_3.jpg,https://www.waitrose.com/ecom/products/waitrose-protein-vanilla-yogurt/562279-822495-822496,Waitrose Protein Vanilla Yogurt,200g,£1.04,52p/100g,20% Off. Was £1.30,Fresh & Chilled
635998,Waitrose Chinese Style Chicken Curry,G,true,2598,https://ecom-su-static-prod.wtrecom.com/images/products/3/LN_635998_BP_3.jpg,https://www.waitrose.com/ecom/products/waitrose-chinese-style-chicken-curry/635998-790925-790926,Waitrose Chinese Style Chicken Curry,350g,£5.10,£14.58/kg,£12 South East & East Asian Meal Deal : Add 2 Mains & 2 Sides,Fresh & Chilled
662257,Essential Egg Mayo Sandwich,G,true,2599,https://ecom-su-static-prod.wtrecom.com/images/products/3/LN_662257_BP_3.jpg,https://www.waitrose.com/ecom/products/essential-egg-mayo-sandwich/662257-94016-94017,Essential Egg Mayo Sandwich,each,£1.95,£1.95 each,"£5 Food to Go Meal Deal: Add 1 Main, 1 Snack and 1 Drink",Fresh & Chilled
981948,Lurpak Butter with Garlic,G,false,2600,https://ecom-su-static-prod.wtrecom.com/images/products/3/LN_981948_BP_3.jpg,https://www.waitrose.com/ecom/products/lurpak-butter-with-garlic/981948-826552-826553,Lurpak Butter with Garlic,125g,£2.25,£18/kg,,Fresh & Chilled
846563,No.1 Sarta de Chorizo Ibérico,G,false,2601,https://ecom-su-static-prod.wtrecom.com/images/products/3/LN_846563_BP_3.jpg,https://www.waitrose.com/ecom/products/no1-sarta-de-chorizo-iberico/846563-762580-762581,No.1 Sarta de Chorizo Ibérico,200g,£5.60,£2.80/100g,,Fresh & Chilled
574637,Arla Jord Oat Drink,G,false,2602,https://ecom-su-static-prod.wtrecom.com/images/products/3/LN_574637_BP_3.jpg,https://www.waitrose.com/ecom/products/arla-jord-oat-drink/574637-823054-823055,Arla Jord Oat Drink,1litre,£2.00,£2/litre,,Fresh & Chilled
597240,Unearthed Bratwurst,G,true,2603,https://ecom-su-static-prod.wtrecom.com/images/products/3/LN_597240_BP_3.jpg,https://www.waitrose.com/ecom/products/unearthed-bratwurst/597240-722145-722146,Unearthed Bratwurst,360g,£3.45,95.8p/100g,25% Off. Was £4.60,Fresh & Chilled
550438,Higgidy 8 Cheddar & Spinach Mini Muffins,G,true,2604,https://ecom-su-static-prod.wtrecom.com/images/products/3/LN_550438_BP_3.jpg,https://www.waitrose.com/ecom/products/higgidy-8-cheddar-spinach-mini-muffins/550438-728236-728237,Higgidy 8 Cheddar & Spinach Mini Muffins,160g,£3.00,£1.88/100g,save £1.00. Was £4.00,Fresh & Chilled
704703,Waitrose LoveLife Roasted Cashews,G,true,2605,https://ecom-su-static-prod.wtrecom.com/images/products/3/LN_704703_BP_3.jpg,https://www.waitrose.com/ecom/products/waitrose-lovelife-roasted-cashews/704703-133634-133635,Waitrose LoveLife Roasted Cashews,50g,£1.00,£2/100g,"£5 Food to Go Meal Deal: Add 1 Main, 1 Snack and 1 Drink",Fresh & Chilled
505794,Gu Zillionaire's Cheesecake,G,true,2606,https://ecom-su-static-prod.wtrecom.com/images/products/3/LN_505794_BP_3.jpg,https://www.waitrose.com/ecom/products/gu-zillionaires-cheesecake/505794-307918-307919,Gu Zillionaire's Cheesecake,2x91.5g,£2.95,£1.62/100g,25% Off. Was £3.95,Fresh & Chilled
896614,Quorn Vegetarian Ham Slices,G,false,2607,https://ecom-su-static-prod.wtrecom.com/images/products/3/LN_896614_BP_3.jpg,https://www.waitrose.com/ecom/products/quorn-vegetarian-ham-slices/896614-811084-811085,Quorn Vegetarian Ham Slices,170g,£2.49,£1.47/100g,,Fresh & Chilled
841120,Tom Parker Creamery Free Range Single Cream,G,false,2608,https://ecom-su-static-prod.wtrecom.com/images/products/3/LN_841120_BP_3.jpg,https://www.waitrose.com/ecom/products/tom-parker-creamery-free-range-single-cream/841120-801532-801533,Tom Parker Creamery Free Range Single Cream,250ml,£1.80,72p/100ml,,Fresh & Chilled
542270,"innocent Blueberries, Peaches & Apples Fruit Smoothie Large",G,true,2609,https://ecom-su-static-prod.wtrecom.com/images/products/3/LN_542270_BP_3.jpg,https://www.waitrose.com/ecom/products/innocent-blueberries-peaches-apples-fruit-smoothie-large/542270-752765-752766,"innocent Blueberries, Peaches & Apples Fruit Smoothie Large",750ml,£2.50,33.3p/100ml,save £1.20. Was £3.70,Fresh & Chilled
757232,The Coconut Collab Salted Caramel Choc Pots,G,false,2610,https://ecom-su-static-prod.wtrecom.com/images/products/3/LN_757232_BP_3.jpg,https://www.waitrose.com/ecom/products/the-coconut-collab-salted-caramel-choc-pots/757232-679625-679626,The Coconut Collab Salted Caramel Choc Pots,4x45g,£3.10,£1.73/100g,,Fresh & Chilled
371142,Waitrose Sweet Chilli Chicken Wrap,G,true,2611,https://ecom-su-static-prod.wtrecom.com/images/products/3/LN_371142_BP_3.jpg,https://www.waitrose.com/ecom/products/waitrose-sweet-chilli-chicken-wrap/371142-52178-52179,Waitrose Sweet Chilli Chicken Wrap,each,£3.90,£3.90 each,"£5 Food to Go Meal Deal: Add 1 Main, 1 Snack and 1 Drink",Fresh & Chilled
402954,Waitrose PlantLiving Rainbow Vegetable Fritters,G,false,2612,https://ecom-su-static-prod.wtrecom.com/images/products/3/LN_402954_BP_3.jpg,https://www.waitrose.com/ecom/products/waitrose-plantliving-rainbow-vegetable-fritters/402954-762638-762639,Waitrose PlantLiving Rainbow Vegetable Fritters,168g,£3.10,£18.46/kg,,Fresh & Chilled
769128,Barebells Protein Milkshake Chocolate,G,false,2613,https://ecom-su-static-prod.wtrecom.com/images/products/3/LN_769128_BP_3.jpg,https://www.waitrose.com/ecom/products/barebells-protein-milkshake-chocolate/769128-785792-785793,Barebells Protein Milkshake Chocolate,330ml,£2.70,81.8p/100ml,,Fresh & Chilled
464587,Alpro Soya Strawberry Dairy Free Yogurt Alternative,G,true,2614,https://ecom-su-static-prod.wtrecom.com/images/products/3/LN_464587_BP_3.jpg,https://www.waitrose.com/ecom/products/alpro-soya-strawberry-dairy-free-yogurt-alternative/464587-776648-776649,Alpro Soya Strawberry Dairy Free Yogurt Alternative,500g,£1.50,30p/100g,save 70p. Was £2.20,Fresh & Chilled
587566,Tarczynski Mild & Smoky Kabanos,G,true,2615,https://ecom-su-static-prod.wtrecom.com/images/products/3/LN_587566_BP_3.jpg,https://www.waitrose.com/ecom/products/tarczynski-mild-smoky-kabanos/587566-791723-791724,Tarczynski Mild & Smoky Kabanos,105g,£2.25,£2.15/100g,25% Off. Was £3.00,Fresh & Chilled
759749,Waitrose Southern Fried Chicken Wrap,G,true,2616,https://ecom-su-static-prod.wtrecom.com/images/products/3/LN_759749_BP_3.jpg,https://www.waitrose.com/ecom/products/waitrose-southern-fried-chicken-wrap/759749-239543-239544,Waitrose Southern Fried Chicken Wrap,each,£3.90,£3.90 each,"£5 Food to Go Meal Deal: Add 1 Main, 1 Snack and 1 Drink",Fresh & Chilled
778056,Waitrose Classics Minced Lamb Hotpot,G,false,2617,https://ecom-su-static-prod.wtrecom.com/images/products/3/LN_778056_BP_3.jpg,https://www.waitrose.com/ecom/products/waitrose-classics-minced-lamb-hotpot/778056-759180-759181,Waitrose Classics Minced Lamb Hotpot,400g,£4.95,£12.38/kg,,Fresh & Chilled
477825,GOOD TO GO Watermelon Chunks,G,true,2618,https://ecom-su-static-prod.wtrecom.com/images/products/3/LN_477825_BP_3.jpg,https://www.waitrose.com/ecom/products/good-to-go-watermelon-chunks/477825-772458-772459,GOOD TO GO Watermelon Chunks,120g,£1.40,£11.67/kg,"£5 Food to Go Meal Deal: Add 1 Main, 1 Snack and 1 Drink",Fresh & Chilled
814220,Poached & Smoked Dressed Salmon Side,E,false,2619,https://ecom-su-static-prod.wtrecom.com/images/products/3/LN_814220_BP_3.jpg,https://www.waitrose.com/ecom/products/poached-smoked-dressed-salmon-side/814220-303909-303910,Poached & Smoked Dressed Salmon Side,Typical weight 1.1kg,£54.00,£4.91/100g,,Fresh & Chilled
595547,Essential Red Potatoes,G,false,2620,https://ecom-su-static-prod.wtrecom.com/images/products/3/LN_595547_BP_3.jpg,https://www.waitrose.com/ecom/products/essential-red-potatoes/595547-811132-811133,Essential Red Potatoes,1.5Kg,£1.60,£1.07/kg,,Fresh & Chilled
831659,Alpro Oat Barista Chilled Dairy Free Milk Alternative,G,false,2621,https://ecom-su-static-prod.wtrecom.com/images/products/3/LN_831659_BP_3.jpg,https://www.waitrose.com/ecom/products/alpro-oat-barista-chilled-dairy-free-milk-alternative/831659-759558-759559,Alpro Oat Barista Chilled Dairy Free Milk Alternative,750ml,£1.85,£2.47/litre,,Fresh & Chilled
840726,HECK Chicken Italia Gluten Free Burgers 2 Pack,G,false,2622,https://ecom-su-static-prod.wtrecom.com/images/products/3/LN_840726_BP_3.jpg,https://www.waitrose.com/ecom/products/heck-chicken-italia-gluten-free-burgers-2-pack/840726-665199-665200,HECK Chicken Italia Gluten Free Burgers 2 Pack,228g,£2.95,£12.94/kg,,Fresh & Chilled
831137,Duchy Organic Sultanas,G,false,2623,https://ecom-su-static-prod.wtrecom.com/images/products/3/LN_831137_BP_3.jpg,https://www.waitrose.com/ecom/products/duchy-organic-sultanas/831137-819183-819184,Duchy Organic Sultanas,500g,£3.95,£7.90/kg,,Fresh & Chilled
088463,Duchy Organic Free Range British Pork 20 Meatballs,G,false,2624,https://ecom-su-static-prod.wtrecom.com/images/products/3/LN_088463_BP_3.jpg,https://www.waitrose.com/ecom/products/duchy-organic-free-range-british-pork-20-meatballs/088463-45405-45406,Duchy Organic Free Range British Pork 20 Meatballs,300g,£4.80,£16/kg,,Fresh & Chilled
579287,Arla Jord Oat & Hemp Drink,G,false,2625,https://ecom-su-static-prod.wtrecom.com/images/products/3/LN_579287_BP_3.jpg,https://www.waitrose.com/ecom/products/arla-jord-oat-hemp-drink/579287-823056-823057,Arla Jord Oat & Hemp Drink,1litre,£2.00,£2/litre,,Fresh & Chilled
058090,Coca-Cola Original Taste Bottle,G,true,2626,https://ecom-su-static-prod.wtrecom.com/images/products/3/LN_058090_BP_3.jpg,https://www.waitrose.com/ecom/products/coca-cola-original-taste-bottle/058090-29180-29181,Coca-Cola Original Taste Bottle,500ml,£1.85,37p/100ml,"£5 Food to Go Meal Deal: Add 1 Main, 1 Snack and 1 Drink",Fresh & Chilled
869004,Cathedral City Extra Mature Cheddar Cheese Large,G,false,2627,https://ecom-su-static-prod.wtrecom.com/images/products/3/LN_869004_BP_3.jpg,https://www.waitrose.com/ecom/products/cathedral-city-extra-mature-cheddar-cheese-large/869004-715182-715183,Cathedral City Extra Mature Cheddar Cheese Large,550g,£5.75,£10.46/kg,,Fresh & Chilled
888653,Cathedral City Plant Based Dairy Free Cheese Block,G,true,2628,https://ecom-su-static-prod.wtrecom.com/images/products/3/LN_888653_BP_3.jpg,https://www.waitrose.com/ecom/products/cathedral-city-plant-based-dairy-free-cheese-block/888653-803430-803431,Cathedral City Plant Based Dairy Free Cheese Block,280g,£3.50,£12.50/kg,save 30p. Was £3.80,Fresh & Chilled
864774,Essential 2 Unsmoked Gammon Steaks,G,false,2629,https://ecom-su-static-prod.wtrecom.com/images/products/3/LN_864774_BP_3.jpg,https://www.waitrose.com/ecom/products/essential-2-unsmoked-gammon-steaks/864774-812691-812692,Essential 2 Unsmoked Gammon Steaks,300g,£3.50,£11.67/kg,,Fresh & Chilled
505390,Waitrose Summer 2 American Style Pork Melt Burgers,G,true,2630,https://ecom-su-static-prod.wtrecom.com/images/products/3/LN_505390_BP_3.jpg,https://www.waitrose.com/ecom/products/waitrose-summer-2-american-style-pork-melt-burgers/505390-824442-824443,Waitrose Summer 2 American Style Pork Melt Burgers,300g,£4.25,£14.17/kg,Add 3 for £12,Fresh & Chilled
427411,Lazy Day Gluten Free & Vegan Millionaire Shortbread,G,false,2631,https://ecom-su-static-prod.wtrecom.com/images/products/3/LN_427411_BP_3.jpg,https://www.waitrose.com/ecom/products/lazy-day-gluten-free-vegan-millionaire-shortbread/427411-450332-450333,Lazy Day Gluten Free & Vegan Millionaire Shortbread,150g,£2.65,£1.77/100g,,Fresh & Chilled
094571,Waitrose British Lamb Diced Leg Steak,G,false,2632,https://ecom-su-static-prod.wtrecom.com/images/products/3/LN_094571_BP_3.jpg,https://www.waitrose.com/ecom/products/waitrose-british-lamb-diced-leg-steak/094571-48508-48509,Waitrose British Lamb Diced Leg Steak,250g,£10.25,£41/kg,,Fresh & Chilled
660796,Japan Menyū 6 Teriyaki Pork Belly Slices,G,true,2633,https://ecom-su-static-prod.wtrecom.com/images/products/3/LN_660796_BP_3.jpg,https://www.waitrose.com/ecom/products/japan-meny-6-teriyaki-pork-belly-slices/660796-810943-810944,Japan Menyū 6 Teriyaki Pork Belly Slices,380g,£4.80,£1.27/100g,20% Off. Was £6.00,Fresh & Chilled
026520,Duchy Organic British Lamb Loin Chops,G,false,2634,https://ecom-su-static-prod.wtrecom.com/images/products/3/LN_026520_BP_3.jpg,https://www.waitrose.com/ecom/products/duchy-organic-british-lamb-loin-chops/026520-425751-12912,Duchy Organic British Lamb Loin Chops,Typical weight 0.41kg,£12.37 each est.,£30.00/kg,,Fresh & Chilled
508497,Alpro Barista Long Life Dairy Free Almond Milk ALternative,G,false,2635,https://ecom-su-static-prod.wtrecom.com/images/products/3/LN_508497_BP_3.jpg,https://www.waitrose.com/ecom/products/alpro-barista-long-life-dairy-free-almond-milk-alternative/508497-759545-759546,Alpro Barista Long Life Dairy Free Almond Milk ALternative,1litre,£2.20,£2.20/litre,,Fresh & Chilled
811195,Waitrose British Unsmoked Gammon Joint,G,false,2636,https://ecom-su-static-prod.wtrecom.com/images/products/3/LN_811195_BP_3.jpg,https://www.waitrose.com/ecom/products/waitrose-british-unsmoked-gammon-joint/811195-812675-812676,Waitrose British Unsmoked Gammon Joint,Typical weight 1.1kg,£12.10 each est.,£11.00/kg,,Fresh & Chilled
721787,New York Cheesecake,E,false,2637,https://ecom-su-static-prod.wtrecom.com/images/products/3/LN_721787_BP_3.jpg,https://www.waitrose.com/ecom/products/new-york-cheesecake/721787-133202-133203,New York Cheesecake,Typical weight 1kg,£12.50,£1.25/100g,,Fresh & Chilled
844899,Waitrose Calorie Controlled Fish Pie for 1,G,false,2638,https://ecom-su-static-prod.wtrecom.com/images/products/3/LN_844899_BP_3.jpg,https://www.waitrose.com/ecom/products/waitrose-calorie-controlled-fish-pie-for-1/844899-160891-160892,Waitrose Calorie Controlled Fish Pie for 1,400g,£3.95,£9.88/kg,,Fresh & Chilled
875158,Innocent Plus Berry Set Go Raspberry & Cherry High Vitamin Fruit Juice Large,G,true,2639,https://ecom-su-static-prod.wtrecom.com/images/products/3/LN_875158_BP_3.jpg,https://www.waitrose.com/ecom/products/innocent-plus-berry-set-go-raspberry-cherry-high-vitamin-fruit-juice-large/875158-693484-693485,Innocent Plus Berry Set Go Raspberry & Cherry High Vitamin Fruit Juice Large,750ml,£2.00,26.7p/100ml,Half Price. Was £4.00,Fresh & Chilled
638229,Higgidy Vegan Tomato & Broccoli Quiche,G,false,2640,https://ecom-su-static-prod.wtrecom.com/images/products/3/LN_638229_BP_3.jpg,https://www.waitrose.com/ecom/products/higgidy-vegan-tomato-broccoli-quiche/638229-825155-825156,Higgidy Vegan Tomato & Broccoli Quiche,380g,£4.59,£1.21/100g,,Fresh & Chilled
672344,NOMO Vegan Caramel Chocolate Bar,G,false,2641,https://ecom-su-static-prod.wtrecom.com/images/products/3/LN_672344_BP_3.jpg,https://www.waitrose.com/ecom/products/nomo-vegan-caramel-chocolate-bar/672344-745267-745268,NOMO Vegan Caramel Chocolate Bar,38g,£1.20,£3.16/100g,,Fresh & Chilled
696023,Waitrose Egg & Spinach Protein Pot,G,true,2642,https://ecom-su-static-prod.wtrecom.com/images/products/3/LN_696023_BP_3.jpg,https://www.waitrose.com/ecom/products/waitrose-egg-spinach-protein-pot/696023-498000-498001,Waitrose Egg & Spinach Protein Pot,90g,£1.80,£2/100g,"£5 Food to Go Meal Deal: Add 1 Main, 1 Snack and 1 Drink",Fresh & Chilled
086169,Cooks' Ingredients Lemon Thyme,G,false,2643,https://ecom-su-static-prod.wtrecom.com/images/products/3/LN_086169_BP_3.jpg,https://www.waitrose.com/ecom/products/cooks-ingredients-lemon-thyme/086169-44011-44012,Cooks' Ingredients Lemon Thyme,20g,80p,40p/10g,,Fresh & Chilled
705238,Waitrose Chinese Crispy Beef & Sweet Chilli Sauce for 2,G,true,2644,https://ecom-su-static-prod.wtrecom.com/images/products/3/LN_705238_BP_3.jpg,https://www.waitrose.com/ecom/products/waitrose-chinese-crispy-beef-sweet-chilli-sauce-for-2/705238-405728-405729,Waitrose Chinese Crispy Beef & Sweet Chilli Sauce for 2,250g,£5.10,£20.40/kg,£12 South East & East Asian Meal Deal : Add 2 Mains & 2 Sides,Fresh & Chilled
406196,Waitrose Bakewell Tart,G,false,2645,https://ecom-su-static-prod.wtrecom.com/images/products/3/LN_406196_BP_3.jpg,https://www.waitrose.com/ecom/products/waitrose-bakewell-tart/406196-691360-691361,Waitrose Bakewell Tart,290g,£4.00,£1.38/100g,,Fresh & Chilled
861262,Waitrose Spicy Chicken Jambalaya Soup,G,false,2646,https://ecom-su-static-prod.wtrecom.com/images/products/3/LN_861262_BP_3.jpg,https://www.waitrose.com/ecom/products/waitrose-spicy-chicken-jambalaya-soup/861262-226834-226835,Waitrose Spicy Chicken Jambalaya Soup,600g,£3.00,50p/100g,,Fresh & Chilled
762469,Waitrose Cooked Scottish Mussels,G,false,2647,https://ecom-su-static-prod.wtrecom.com/images/products/3/LN_762469_BP_3.jpg,https://www.waitrose.com/ecom/products/waitrose-cooked-scottish-mussels/762469-538897-538898,Waitrose Cooked Scottish Mussels,2x200g,£2.95,£7.38/kg,,Fresh & Chilled
461116,Pots & Co Salted Caramel & Chocolate Ganache,G,false,2648,https://ecom-su-static-prod.wtrecom.com/images/products/3/LN_461116_BP_3.jpg,https://www.waitrose.com/ecom/products/pots-co-salted-caramel-chocolate-ganache/461116-788874-788875,Pots & Co Salted Caramel & Chocolate Ganache,82g,£2.20,£2.69/100g,,Fresh & Chilled
527376,Waitrose Balsamic Dressing,G,false,2649,https://ecom-su-static-prod.wtrecom.com/images/products/3/LN_527376_BP_3.jpg,https://www.waitrose.com/ecom/products/waitrose-balsamic-dressing/527376-74550-74551,Waitrose Balsamic Dressing,235ml,£2.20,93.6p/100ml,,Fresh & Chilled
591774,The Tofoo Co. Original Seitan,G,false,2650,https://ecom-su-static-prod.wtrecom.com/images/products/3/LN_591774_BP_3.jpg,https://www.waitrose.com/ecom/products/the-tofoo-co-original-seitan/591774-825109-825110,The Tofoo Co. Original Seitan,225g,£2.50,£1.12/100g,,Fresh & Chilled
682431,Waitrose Bramley Apple Crumble,G,false,2651,https://ecom-su-static-prod.wtrecom.com/images/products/3/LN_682431_BP_3.jpg,https://www.waitrose.com/ecom/products/waitrose-bramley-apple-crumble/682431-527487-527488,Waitrose Bramley Apple Crumble,500g,£4.00,80p/100g,,Fresh & Chilled
478928,Plenish Oat Barista Long Life Organic Milk Alternative,G,true,2652,https://ecom-su-static-prod.wtrecom.com/images/products/3/LN_478928_BP_3.jpg,https://www.waitrose.com/ecom/products/plenish-oat-barista-long-life-organic-milk-alternative/478928-813502-813503,Plenish Oat Barista Long Life Organic Milk Alternative,1litre,£1.85,£1.85/litre,save 50p. Was £2.35,Fresh & Chilled
429799,Rude Health Almond No Added Sugar Organic Milk Alternative,G,false,2653,https://ecom-su-static-prod.wtrecom.com/images/products/3/LN_429799_BP_3.jpg,https://www.waitrose.com/ecom/products/rude-health-almond-no-added-sugar-organic-milk-alternative/429799-805102-805103,Rude Health Almond No Added Sugar Organic Milk Alternative,1litre,£2.30,£2.30/litre,,Fresh & Chilled
472952,Dell'Ugo Slow Braised Beef Ragu Raviolo,G,false,2654,https://ecom-su-static-prod.wtrecom.com/images/products/3/LN_472952_BP_3.jpg,https://www.waitrose.com/ecom/products/dellugo-slow-braised-beef-ragu-raviolo/472952-813868-813869,Dell'Ugo Slow Braised Beef Ragu Raviolo,250g,£5.95,£2.38/100g,,Fresh & Chilled
827147,Waitrose Indian Crispy Chicken,G,false,2655,https://ecom-su-static-prod.wtrecom.com/images/products/3/LN_827147_BP_3.jpg,https://www.waitrose.com/ecom/products/waitrose-indian-crispy-chicken/827147-703434-703435,Waitrose Indian Crispy Chicken,150g,£3.25,£21.67/kg,,Fresh & Chilled
853336,Charlie Bigham's Chicken & Ham Gratin for 2,G,false,2656,https://ecom-su-static-prod.wtrecom.com/images/products/3/LN_853336_BP_3.jpg,https://www.waitrose.com/ecom/products/charlie-bighams-chicken-ham-gratin-for-2/853336-766146-766147,Charlie Bigham's Chicken & Ham Gratin for 2,650g,£9.50,£14.62/kg,,Fresh & Chilled
420945,Plants By Deliciously Ella Black Bean & Sweet Potato Burger,G,false,2657,https://ecom-su-static-prod.wtrecom.com/images/products/3/LN_420945_BP_3.jpg,https://www.waitrose.com/ecom/products/plants-by-deliciously-ella-black-bean-sweet-potato-burger/420945-810876-810877,Plants By Deliciously Ella Black Bean & Sweet Potato Burger,200g,£3.50,£1.75/100g,,Fresh & Chilled
007607,Sarson's Malt Vinegar,G,false,2658,https://ecom-su-static-prod.wtrecom.com/images/products/3/LN_007607_BP_3.jpg,https://www.waitrose.com/ecom/products/sarsons-malt-vinegar/007607-3560-3561,Sarson's Malt Vinegar,568ml,£1.70,29.9p/100ml,,Fresh & Chilled
602845,Charlie Bigham's Thai Panang Chicken Curry for 2,G,false,2659,https://ecom-su-static-prod.wtrecom.com/images/products/3/LN_602845_BP_3.jpg,https://www.waitrose.com/ecom/products/charlie-bighams-thai-panang-chicken-curry-for-2/602845-810921-810922,Charlie Bigham's Thai Panang Chicken Curry for 2,800g,£9.95,£12.44/kg,,Fresh & Chilled
868382,Innocent Pure Summer Fruits Fruit Juice Large,G,true,2660,https://ecom-su-static-prod.wtrecom.com/images/products/3/LN_868382_BP_3.jpg,https://www.waitrose.com/ecom/products/innocent-pure-summer-fruits-fruit-juice-large/868382-409612-409613,Innocent Pure Summer Fruits Fruit Juice Large,1.35litre,£3.00,22.2p/100ml,save £1.30. Was £4.30,Fresh & Chilled
721807,Waitrose Chinese Takeaway Bag For 2,G,false,2661,https://ecom-su-static-prod.wtrecom.com/images/products/3/LN_721807_BP_3.jpg,https://www.waitrose.com/ecom/products/waitrose-chinese-takeaway-bag-for-2/721807-766129-766129,Waitrose Chinese Takeaway Bag For 2,1294g,£12.00,£9.28/kg,,Fresh & Chilled
687122,Cully & Sully Tomato & Basil Soup,G,false,2662,https://ecom-su-static-prod.wtrecom.com/images/products/3/LN_687122_BP_3.jpg,https://www.waitrose.com/ecom/products/cully-sully-tomato-basil-soup/687122-810544-810545,Cully & Sully Tomato & Basil Soup,400g,£2.40,60p/100g,,Fresh & Chilled
604825,No. 1 D'Affinois Blue Cheese Strength 2,G,false,2663,https://ecom-su-static-prod.wtrecom.com/images/products/3/LN_604825_BP_3.jpg,https://www.waitrose.com/ecom/products/no-1-daffinois-blue-cheese-strength-2/604825-525678-525679,No. 1 D'Affinois Blue Cheese Strength 2,180g,£4.70,£26.12/kg,,Fresh & Chilled
431623,Waitrose Gut Health Mango Kefir Drink,G,true,2664,https://ecom-su-static-prod.wtrecom.com/images/products/3/LN_431623_BP_3.jpg,https://www.waitrose.com/ecom/products/waitrose-gut-health-mango-kefir-drink/431623-772798-772799,Waitrose Gut Health Mango Kefir Drink,750ml,£2.00,26.7p/100ml,20% Off. Was £2.50,Fresh & Chilled
406274,Sproud Barista Vegan Pea-based Milk Alternative,G,false,2665,https://ecom-su-static-prod.wtrecom.com/images/products/3/LN_406274_BP_3.jpg,https://www.waitrose.com/ecom/products/sproud-barista-vegan-pea-based-milk-alternative/406274-694960-694961,Sproud Barista Vegan Pea-based Milk Alternative,1litre,£2.25,£2.25/litre,,Fresh & Chilled
599757,Waitrose Low Fat Strawberry Yoghurt,G,false,2666,https://ecom-su-static-prod.wtrecom.com/images/products/3/LN_599757_BP_3.jpg,https://www.waitrose.com/ecom/products/waitrose-low-fat-strawberry-yoghurt/599757-822499-822500,Waitrose Low Fat Strawberry Yoghurt,150g,70p,46.7p/100g,,Fresh & Chilled
571814,Waitrose Davidstow Cornish Mature Cheddar Cheese Strength 6,G,false,2667,https://ecom-su-static-prod.wtrecom.com/images/products/3/LN_571814_BP_3.jpg,https://www.waitrose.com/ecom/products/waitrose-davidstow-cornish-mature-cheddar-cheese-strength-6/571814-451662-451663,Waitrose Davidstow Cornish Mature Cheddar Cheese Strength 6,350g,£4.25,£12.15/kg,,Fresh & Chilled
775765,Waitrose Pressed Apple & Pear Juice,G,false,2668,https://ecom-su-static-prod.wtrecom.com/images/products/3/LN_775765_BP_3.jpg,https://www.waitrose.com/ecom/products/waitrose-pressed-apple-pear-juice/775765-813548-813549,Waitrose Pressed Apple & Pear Juice,1litre,£2.10,21p/100ml,,Fresh & Chilled
751769,No.1 British Free Range Orange Marmalade Roast Ham,G,true,2669,https://ecom-su-static-prod.wtrecom.com/images/products/3/LN_751769_BP_3.jpg,https://www.waitrose.com/ecom/products/no1-british-free-range-orange-marmalade-roast-ham/751769-827224-827225,No.1 British Free Range Orange Marmalade Roast Ham,100g,£3.20,£3.20/100g,Introductory Offer.Will be £4.00,Fresh & Chilled
387663,Grind Iced Vanilla Oat Latte Coffee,G,false,2670,https://ecom-su-static-prod.wtrecom.com/images/products/3/LN_387663_BP_3.jpg,https://www.waitrose.com/ecom/products/grind-iced-vanilla-oat-latte-coffee/387663-826848-826849,Grind Iced Vanilla Oat Latte Coffee,250ml,£2.00,80p/100ml,,Fresh & Chilled
771164,Castello Pizza Cheese Mozzarella Cubes,G,false,2671,https://ecom-su-static-prod.wtrecom.com/images/products/3/LN_771164_BP_3.jpg,https://www.waitrose.com/ecom/products/castello-pizza-cheese-mozzarella-cubes/771164-823162-823163,Castello Pizza Cheese Mozzarella Cubes,180g,£2.50,£13.89/kg,,Fresh & Chilled
765703,Bonne Maman Lemon Crème dessert,G,false,2672,https://ecom-su-static-prod.wtrecom.com/images/products/3/LN_765703_BP_3.jpg,https://www.waitrose.com/ecom/products/bonne-maman-lemon-creme-dessert/765703-825221-825222,Bonne Maman Lemon Crème dessert,180g,£2.30,£1.28/100g,,Fresh & Chilled
838188,Waitrose Indian Tandoori Chicken Shashlik Curry for 2,G,false,2673,https://ecom-su-static-prod.wtrecom.com/images/products/3/LN_838188_BP_3.jpg,https://www.waitrose.com/ecom/products/waitrose-indian-tandoori-chicken-shashlik-curry-for-2/838188-373677-373678,Waitrose Indian Tandoori Chicken Shashlik Curry for 2,250g,£4.95,£19.80/kg,,Fresh & Chilled
876265,Pieminister Kate & Sidney Pie,G,true,2674,https://ecom-su-static-prod.wtrecom.com/images/products/3/LN_876265_BP_3.jpg,https://www.waitrose.com/ecom/products/pieminister-kate-sidney-pie/876265-555467-555468,Pieminister Kate & Sidney Pie,270g,£4.70,£1.75/100g,Add 2 for £7.50,Fresh & Chilled
495802,Lindahls Kvarg Pro+ Lemon Cheesecake High Protein Yogurt Single,G,true,2675,https://ecom-su-static-prod.wtrecom.com/images/products/3/LN_495802_BP_3.jpg,https://www.waitrose.com/ecom/products/lindahls-kvarg-pro-lemon-cheesecake-high-protein-yogurt-single/495802-807044-807045,Lindahls Kvarg Pro+ Lemon Cheesecake High Protein Yogurt Single,150g,£1.50,£1/100g,Add 2 for £1.70,Fresh & Chilled
504809,Littleover Apiary Pure English Honey,G,false,2676,https://ecom-su-static-prod.wtrecom.com/images/products/3/LN_504809_BP_3.jpg,https://www.waitrose.com/ecom/products/littleover-apiary-pure-english-honey/504809-275869-275870,Littleover Apiary Pure English Honey,340g,£5.50,£1.62/100g,,Fresh & Chilled
871798,Waitrose Chicken & Avocado Sandwich,G,true,2677,https://ecom-su-static-prod.wtrecom.com/images/products/3/LN_871798_BP_3.jpg,https://www.waitrose.com/ecom/products/waitrose-chicken-avocado-sandwich/871798-246437-246438,Waitrose Chicken & Avocado Sandwich,each,£3.95,£3.95 each,"£5 Food to Go Meal Deal: Add 1 Main, 1 Snack and 1 Drink",Fresh & Chilled
804467,Cooks' Ingredients Coriander Seeds,G,true,2678,https://ecom-su-static-prod.wtrecom.com/images/products/3/LN_804467_BP_3.jpg,https://www.waitrose.com/ecom/products/cooks-ingredients-coriander-seeds/804467-785146-785147,Cooks' Ingredients Coriander Seeds,24g,£1.60,66.7p/10g,Add 2 for £2.75,Fresh & Chilled
579789,Thrive Coconut Fish Curry for 1,G,false,2679,https://ecom-su-static-prod.wtrecom.com/images/products/3/LN_579789_BP_3.jpg,https://www.waitrose.com/ecom/products/thrive-coconut-fish-curry-for-1/579789-770877-770878,Thrive Coconut Fish Curry for 1,370g,£3.95,£10.68/kg,,Fresh & Chilled
501306,Bisto Best Onion Gravy Granules,G,false,2680,https://ecom-su-static-prod.wtrecom.com/images/products/3/LN_501306_BP_3.jpg,https://www.waitrose.com/ecom/products/bisto-best-onion-gravy-granules/501306-711108-711109,Bisto Best Onion Gravy Granules,230g,£4.00,£1.74/100g,,Fresh & Chilled
551848,Essential 24 British Beef Meatballs,G,false,2681,https://ecom-su-static-prod.wtrecom.com/images/products/3/LN_551848_BP_3.jpg,https://www.waitrose.com/ecom/products/essential-24-british-beef-meatballs/551848-806239-806240,Essential 24 British Beef Meatballs,400g,£3.60,£9/kg,,Fresh & Chilled
544065,Heura Plant-Based Chick'n Pieces,G,false,2682,https://ecom-su-static-prod.wtrecom.com/images/products/3/LN_544065_BP_3.jpg,https://www.waitrose.com/ecom/products/heura-plant-based-chickn-pieces/544065-794554-794555,Heura Plant-Based Chick'n Pieces,160g,£3.50,£21.88/kg,,Fresh & Chilled
809150,Essential Frozen British 2 Lamb Shanks,G,false,2683,https://ecom-su-static-prod.wtrecom.com/images/products/3/LN_809150_BP_3.jpg,https://www.waitrose.com/ecom/products/essential-frozen-british-2-lamb-shanks/809150-731150-731151,Essential Frozen British 2 Lamb Shanks,800g,£10.00,£12.50/kg,,Fresh & Chilled
809273,Waitrose British Native Breed Thick Cut Rump Steak,G,false,2684,https://ecom-su-static-prod.wtrecom.com/images/products/3/LN_809273_BP_3.jpg,https://www.waitrose.com/ecom/products/waitrose-british-native-breed-thick-cut-rump-steak/809273-812669-812670,Waitrose British Native Breed Thick Cut Rump Steak,300g,£6.50,£21.67/kg,,Fresh & Chilled
560356,Strong Roots Frozen Kale & Quinoa Burgers,G,false,2685,https://ecom-su-static-prod.wtrecom.com/images/products/3/LN_560356_BP_3.jpg,https://www.waitrose.com/ecom/products/strong-roots-frozen-kale-quinoa-burgers/560356-575568-575569,Strong Roots Frozen Kale & Quinoa Burgers,300g,£3.45,£11.50/kg,,Fresh & Chilled
849756,Bonne Maman Apple and Caramel Mousse,G,true,2686,https://ecom-su-static-prod.wtrecom.com/images/products/3/LN_849756_BP_3.jpg,https://www.waitrose.com/ecom/products/bonne-maman-apple-and-caramel-mousse/849756-810576-810577,Bonne Maman Apple and Caramel Mousse,180g,£1.50,83.3p/100g,save £1.15. Was £2.65,Fresh & Chilled
421513,Principe Beechwood Smoked Ham,G,true,2687,https://ecom-su-static-prod.wtrecom.com/images/products/3/LN_421513_BP_3.jpg,https://www.waitrose.com/ecom/products/principe-beechwood-smoked-ham/421513-459539-459540,Principe Beechwood Smoked Ham,115g,£3.30,£2.87/100g,Add 2 for £6,Fresh & Chilled
469912,Starbucks Caffe Latte Iced Coffee Large,G,true,2688,https://ecom-su-static-prod.wtrecom.com/images/products/3/LN_469912_BP_3.jpg,https://www.waitrose.com/ecom/products/starbucks-caffe-latte-iced-coffee-large/469912-810890-810891,Starbucks Caffe Latte Iced Coffee Large,750ml,£2.50,£3.34/litre,save £1.45. Was £3.95,Fresh & Chilled
887727,Waitrose Gut Health Natural Kefir Drink,G,true,2689,https://ecom-su-static-prod.wtrecom.com/images/products/3/LN_887727_BP_3.jpg,https://www.waitrose.com/ecom/products/waitrose-gut-health-natural-kefir-drink/887727-745671-745672,Waitrose Gut Health Natural Kefir Drink,750ml,£2.00,26.7p/100ml,20% Off. Was £2.50,Fresh & Chilled
808195,Easy To Cook Lemon & Thyme Spatchcock Chicken,G,false,2690,https://ecom-su-static-prod.wtrecom.com/images/products/3/LN_808195_BP_3.jpg,https://www.waitrose.com/ecom/products/easy-to-cook-lemon-thyme-spatchcock-chicken/808195-740855-740856,Easy To Cook Lemon & Thyme Spatchcock Chicken,1.2kg,£9.95,£8.30/kg,,Fresh & Chilled
547925,Tropicana Pure Orange Juice with Bits Single,G,true,2691,https://ecom-su-static-prod.wtrecom.com/images/products/3/LN_547925_BP_3.jpg,https://www.waitrose.com/ecom/products/tropicana-pure-orange-juice-with-bits-single/547925-735782-735783,Tropicana Pure Orange Juice with Bits Single,300ml,£2.00,66.7p/100ml,"£5 Food to Go Meal Deal: Add 1 Main, 1 Snack and 1 Drink",Fresh & Chilled
599072,Dell'Ugo Gluten Free Fresh Penne,G,false,2692,https://ecom-su-static-prod.wtrecom.com/images/products/3/LN_599072_BP_3.jpg,https://www.waitrose.com/ecom/products/dellugo-gluten-free-fresh-penne/599072-280944-280945,Dell'Ugo Gluten Free Fresh Penne,300g,£2.50,£8.34/kg,,Fresh & Chilled
541765,Gü Hot Chocolate Melting Middles,G,false,2693,https://ecom-su-static-prod.wtrecom.com/images/products/3/LN_541765_BP_3.jpg,https://www.waitrose.com/ecom/products/gu-hot-chocolate-melting-middles/541765-76578-76579,Gü Hot Chocolate Melting Middles,2x100g,£3.95,£1.98/100g,,Fresh & Chilled
665853,Waitrose Tex Mex Creamed Corn Dip,G,true,2694,https://ecom-su-static-prod.wtrecom.com/images/products/3/LN_665853_BP_3.jpg,https://www.waitrose.com/ecom/products/waitrose-tex-mex-creamed-corn-dip/665853-824576-824577,Waitrose Tex Mex Creamed Corn Dip,170g,£1.75,£1.03/100g,Add 2 for £2.50,Fresh & Chilled
638801,Waitrose Brunswick Ham,G,false,2695,https://ecom-su-static-prod.wtrecom.com/images/products/3/LN_638801_BP_3.jpg,https://www.waitrose.com/ecom/products/waitrose-brunswick-ham/638801-827210-827211,Waitrose Brunswick Ham,110g,£3.60,£3.28/100g,,Fresh & Chilled
735730,Costa Coffee Latte Iced Coffee Can,G,true,2696,https://ecom-su-static-prod.wtrecom.com/images/products/3/LN_735730_BP_3.jpg,https://www.waitrose.com/ecom/products/costa-coffee-latte-iced-coffee-can/735730-778656-778657,Costa Coffee Latte Iced Coffee Can,250ml,£2.00,£8/litre,"£5 Food to Go Meal Deal: Add 1 Main, 1 Snack and 1 Drink",Fresh & Chilled
450830,Waitrose British Lamb Whole Shoulder,G,false,2697,https://ecom-su-static-prod.wtrecom.com/images/products/3/LN_450830_BP_3.jpg,https://www.waitrose.com/ecom/products/waitrose-british-lamb-whole-shoulder/450830-806720-806721,Waitrose British Lamb Whole Shoulder,Typical weight 1.78kg,£25.86 each est.,£14.50/kg,,Fresh & Chilled
817807,Cooks' Ingredients Spicy Italian Pepperoni,G,true,2698,https://ecom-su-static-prod.wtrecom.com/images/products/3/LN_817807_BP_3.jpg,https://www.waitrose.com/ecom/products/cooks-ingredients-spicy-italian-pepperoni/817807-785570-785571,Cooks' Ingredients Spicy Italian Pepperoni,100g,£2.56,£2.56/100g,20% Off. Was £3.20,Fresh & Chilled
808281,Japan Menyū Cauliflower Tempura with Soy and Yuzu Dip,G,true,2699,https://ecom-su-static-prod.wtrecom.com/images/products/3/LN_808281_BP_3.jpg,https://www.waitrose.com/ecom/products/japan-meny-cauliflower-tempura-with-soy-and-yuzu-dip/808281-811031-811032,Japan Menyū Cauliflower Tempura with Soy and Yuzu Dip,180g,£2.80,£1.56/100g,20% Off. Was £3.50,Fresh & Chilled
558786,Waitrose Baking Camembert Cheese with Red Onion Relish,G,false,2700,https://ecom-su-static-prod.wtrecom.com/images/products/3/LN_558786_BP_3.jpg,https://www.waitrose.com/ecom/products/waitrose-baking-camembert-cheese-with-red-onion-relish/558786-595136-595137,Waitrose Baking Camembert Cheese with Red Onion Relish,290g,£4.00,£13.80/kg,,Fresh & Chilled
664438,Wensleydale Creamery Yorkshire Wensleydale Cheese,G,false,2701,https://ecom-su-static-prod.wtrecom.com/images/products/3/LN_664438_BP_3.jpg,https://www.waitrose.com/ecom/products/wensleydale-creamery-yorkshire-wensleydale-cheese/664438-129734-129735,Wensleydale Creamery Yorkshire Wensleydale Cheese,200g,£2.95,£14.75/kg,,Fresh & Chilled
578924,Bottlegreen Pomegranate & Elderflower Pressé,G,true,2702,https://ecom-su-static-prod.wtrecom.com/images/products/3/LN_578924_BP_3.jpg,https://www.waitrose.com/ecom/products/bottlegreen-pomegranate-elderflower-presse/578924-778304-778305,Bottlegreen Pomegranate & Elderflower Pressé,750ml,£3.15,42p/100ml,Add 2 for £4.50,Fresh & Chilled
799673,Biotiful Coconut Kefir Drink,G,false,2703,https://ecom-su-static-prod.wtrecom.com/images/products/3/LN_799673_BP_3.jpg,https://www.waitrose.com/ecom/products/biotiful-coconut-kefir-drink/799673-772828-772829,Biotiful Coconut Kefir Drink,500ml,£2.75,55p/100ml,,Fresh & Chilled
829199,No.1 British 30 Day Dry Aged Sirloin Steak,G,false,2704,https://ecom-su-static-prod.wtrecom.com/images/products/3/LN_829199_BP_3.jpg,https://www.waitrose.com/ecom/products/no1-british-30-day-dry-aged-sirloin-steak/829199-790963-790964,No.1 British 30 Day Dry Aged Sirloin Steak,400g,£18.00,£45/kg,,Fresh & Chilled
483670,Bio-tiful Dairy Raspberry Kefir Drink,G,false,2705,https://ecom-su-static-prod.wtrecom.com/images/products/3/LN_483670_BP_3.jpg,https://www.waitrose.com/ecom/products/bio-tiful-dairy-raspberry-kefir-drink/483670-601662-601663,Bio-tiful Dairy Raspberry Kefir Drink,250ml,£1.75,70p/100ml,,Fresh & Chilled
826220,Graze Peanut Butter Oat Boosts,G,false,2706,https://ecom-su-static-prod.wtrecom.com/images/products/3/LN_826220_BP_3.jpg,https://www.waitrose.com/ecom/products/graze-peanut-butter-oat-boosts/826220-786360-786361,Graze Peanut Butter Oat Boosts,4x30g,£2.90,£2.42/100g,,Fresh & Chilled
418577,Waitrose Harissa Lamb Shanks,G,false,2707,https://ecom-su-static-prod.wtrecom.com/images/products/3/LN_418577_BP_3.jpg,https://www.waitrose.com/ecom/products/waitrose-harissa-lamb-shanks/418577-581128-581129,Waitrose Harissa Lamb Shanks,720g,£10.00,£13.89/kg,,Fresh & Chilled
870971,Waitrose Nasi Goreng for 1,G,true,2708,https://ecom-su-static-prod.wtrecom.com/images/products/3/LN_870971_BP_3.jpg,https://www.waitrose.com/ecom/products/waitrose-nasi-goreng-for-1/870971-555465-555466,Waitrose Nasi Goreng for 1,390g,£5.10,£13.08/kg,£12 South East & East Asian Meal Deal : Add 2 Mains & 2 Sides,Fresh & Chilled
697932,Taiko Spicy Prawn Dragon Rolls,G,true,2709,https://ecom-su-static-prod.wtrecom.com/images/products/3/LN_697932_BP_3.jpg,https://www.waitrose.com/ecom/products/taiko-spicy-prawn-dragon-rolls/697932-813888-813889,Taiko Spicy Prawn Dragon Rolls,203g,£4.75,£2.34/100g,"£5 Food to Go Meal Deal: Add 1 Main, 1 Snack and 1 Drink",Fresh & Chilled
407657,Pieminister Moo & Blue Pie,G,true,2710,https://ecom-su-static-prod.wtrecom.com/images/products/3/LN_407657_BP_3.jpg,https://www.waitrose.com/ecom/products/pieminister-moo-blue-pie/407657-446665-446666,Pieminister Moo & Blue Pie,270g,£4.70,£1.75/100g,Add 2 for £7.50,Fresh & Chilled
445938,Oatly Oat Barista Dairy Free Milk Alternative,G,false,2711,https://ecom-su-static-prod.wtrecom.com/images/products/3/LN_445938_BP_3.jpg,https://www.waitrose.com/ecom/products/oatly-oat-barista-dairy-free-milk-alternative/445938-790887-790888,Oatly Oat Barista Dairy Free Milk Alternative,500ml,£1.35,27p/100ml,,Fresh & Chilled
719556,Waitrose Rainbow Salad Bowl,G,false,2712,https://ecom-su-static-prod.wtrecom.com/images/products/3/LN_719556_BP_3.jpg,https://www.waitrose.com/ecom/products/waitrose-rainbow-salad-bowl/719556-791179-791180,Waitrose Rainbow Salad Bowl,265g,£3.80,£14.34/kg,,Fresh & Chilled
402506,Waitrose Chicken Madras Curry with Pilau Rice for 1,G,false,2713,https://ecom-su-static-prod.wtrecom.com/images/products/3/LN_402506_BP_3.jpg,https://www.waitrose.com/ecom/products/waitrose-chicken-madras-curry-with-pilau-rice-for-1/402506-823010-823011,Waitrose Chicken Madras Curry with Pilau Rice for 1,400g,£3.90,97.5p/100g,,Fresh & Chilled
754123,Waitrose Indian Vegetable Kofta Curry for 2,G,false,2714,https://ecom-su-static-prod.wtrecom.com/images/products/3/LN_754123_BP_3.jpg,https://www.waitrose.com/ecom/products/waitrose-indian-vegetable-kofta-curry-for-2/754123-612530-612531,Waitrose Indian Vegetable Kofta Curry for 2,350g,£4.95,£14.15/kg,,Fresh & Chilled
651333,Cocos Strawberry Organic Coconut Kefir Drink,G,true,2715,https://ecom-su-static-prod.wtrecom.com/images/products/3/LN_651333_BP_3.jpg,https://www.waitrose.com/ecom/products/cocos-strawberry-organic-coconut-kefir-drink/651333-724559-724560,Cocos Strawberry Organic Coconut Kefir Drink,200ml,£2.24,£1.12/100ml,20% Off. Was £2.80,Fresh & Chilled
537360,Waitrose Chinese Mushroom Chow Mein for 1,G,true,2716,https://ecom-su-static-prod.wtrecom.com/images/products/3/LN_537360_BP_3.jpg,https://www.waitrose.com/ecom/products/waitrose-chinese-mushroom-chow-mein-for-1/537360-790909-790910,Waitrose Chinese Mushroom Chow Mein for 1,350g,£4.50,£12.86/kg,£12 South East & East Asian Meal Deal : Add 2 Mains & 2 Sides,Fresh & Chilled
757616,Alpro Soya Gut Health Peach Dairy Free Yogurt Alternative Multipack,G,true,2717,https://ecom-su-static-prod.wtrecom.com/images/products/3/LN_757616_BP_3.jpg,https://www.waitrose.com/ecom/products/alpro-soya-gut-health-peach-dairy-free-yogurt-alternative-multipack/757616-807058-807059,Alpro Soya Gut Health Peach Dairy Free Yogurt Alternative Multipack,4x125g,£2.00,40p/100g,save 75p. Was £2.75,Fresh & Chilled
653850,Pollen + Grace Mezze Grain Bowl,G,true,2718,https://ecom-su-static-prod.wtrecom.com/images/products/3/LN_653850_BP_3.jpg,https://www.waitrose.com/ecom/products/pollen-grace-mezze-grain-bowl/653850-809014-809015,Pollen + Grace Mezze Grain Bowl,275g,£4.45,£1.62/100g,"£5 Food to Go Meal Deal: Add 1 Main, 1 Snack and 1 Drink",Fresh & Chilled
843150,Cathedral City Naturally Smoked Cheddar Cheese,G,false,2719,https://ecom-su-static-prod.wtrecom.com/images/products/3/LN_843150_BP_3.jpg,https://www.waitrose.com/ecom/products/cathedral-city-naturally-smoked-cheddar-cheese/843150-823176-823177,Cathedral City Naturally Smoked Cheddar Cheese,300g,£4.25,£14.17/kg,,Fresh & Chilled
822537,Levantine Table Houmous with Roasted Butternut Squash & Red Pepper,G,false,2720,https://ecom-su-static-prod.wtrecom.com/images/products/3/LN_822537_BP_3.jpg,https://www.waitrose.com/ecom/products/levantine-table-houmous-with-roasted-butternut-squash-red-pepper/822537-755687-755688,Levantine Table Houmous with Roasted Butternut Squash & Red Pepper,200g,£2.85,£1.43/100g,,Fresh & Chilled
019869,No.1 Charentais Melon,G,false,2721,https://ecom-su-static-prod.wtrecom.com/images/products/3/LN_019869_BP_3.jpg,https://www.waitrose.com/ecom/products/no1-charentais-melon/019869-9686-9687,No.1 Charentais Melon,Each,£3.20,£3.20 each,,Fresh & Chilled
818044,"Innocent Revitalise Raspberry, Cranberry, Pomegranate & Apple High Vitamin Fruit Super Smoothie",G,false,2722,https://ecom-su-static-prod.wtrecom.com/images/products/3/LN_818044_BP_3.jpg,https://www.waitrose.com/ecom/products/innocent-revitalise-raspberry-cranberry-pomegranate-apple-high-vitamin-fruit-super-smoothie/818044-801516-801517,"Innocent Revitalise Raspberry, Cranberry, Pomegranate & Apple High Vitamin Fruit Super Smoothie",750ml,£4.75,£6.34/litre,,Fresh & Chilled
870249,Taiko Yasai Sushi,G,true,2723,https://ecom-su-static-prod.wtrecom.com/images/products/3/LN_870249_BP_3.jpg,https://www.waitrose.com/ecom/products/taiko-yasai-sushi/870249-662239-662240,Taiko Yasai Sushi,213g,£4.40,£2.07/100g,"£5 Food to Go Meal Deal: Add 1 Main, 1 Snack and 1 Drink",Fresh & Chilled
444017,Natoora Italian Grezzina Courgettes,G,false,2724,https://ecom-su-static-prod.wtrecom.com/images/products/3/LN_444017_BP_3.jpg,https://www.waitrose.com/ecom/products/natoora-italian-grezzina-courgettes/444017-758392-758393,Natoora Italian Grezzina Courgettes,400g,£3.75,£9.38/kg,,Fresh & Chilled
031060,Taste Original 6 Chicken Satay,G,false,2725,https://ecom-su-static-prod.wtrecom.com/images/products/3/LN_031060_BP_3.jpg,https://www.waitrose.com/ecom/products/taste-original-6-chicken-satay/031060-15153-15154,Taste Original 6 Chicken Satay,160g,£3.40,£2.13/100g,,Fresh & Chilled
630481,Bettine Mild Goats Cheese Plain Slices,G,false,2726,https://ecom-su-static-prod.wtrecom.com/images/products/3/LN_630481_BP_3.jpg,https://www.waitrose.com/ecom/products/bettine-mild-goats-cheese-plain-slices/630481-723562-723563,Bettine Mild Goats Cheese Plain Slices,125g,£2.50,£20/kg,,Fresh & Chilled
377437,Cooks' Ingredients Scotch Bonnet Chillies,G,false,2727,https://ecom-su-static-prod.wtrecom.com/images/products/3/LN_377437_BP_3.jpg,https://www.waitrose.com/ecom/products/cooks-ingredients-scotch-bonnet-chillies/377437-239291-239292,Cooks' Ingredients Scotch Bonnet Chillies,50g,£1.40,£28/kg,,Fresh & Chilled
097484,Waitrose 2 British Lamb Leg Shanks,G,false,2728,https://ecom-su-static-prod.wtrecom.com/images/products/3/LN_097484_BP_3.jpg,https://www.waitrose.com/ecom/products/waitrose-2-british-lamb-leg-shanks/097484-49773-49774,Waitrose 2 British Lamb Leg Shanks,Typical weight 0.9kg,£13.50 each est.,£15.00/kg,,Fresh & Chilled
623971,Taiko Spicy Salmon Avocado Rolls,G,false,2729,https://ecom-su-static-prod.wtrecom.com/images/products/3/LN_623971_BP_3.jpg,https://www.waitrose.com/ecom/products/taiko-spicy-salmon-avocado-rolls/623971-671700-671701,Taiko Spicy Salmon Avocado Rolls,180g,£4.80,£2.67/100g,,Fresh & Chilled
013001,Seriously Original Spreadable Cheese,G,true,2730,https://ecom-su-static-prod.wtrecom.com/images/products/3/LN_013001_BP_3.jpg,https://www.waitrose.com/ecom/products/seriously-original-spreadable-cheese/013001-6328-6329,Seriously Original Spreadable Cheese,125g,£1.60,£12.80/kg,20% Off. Was £2.00,Fresh & Chilled
787436,Waitrose Indian Takeaway Bag For 2,G,false,2731,https://ecom-su-static-prod.wtrecom.com/images/products/3/LN_787436_BP_3.jpg,https://www.waitrose.com/ecom/products/waitrose-indian-takeaway-bag-for-2/787436-811010-811010,Waitrose Indian Takeaway Bag For 2,1408g,£12.00,85.2p/100g,,Fresh & Chilled
518333,No.1 Hand Carved Jamón Ibérico De Bellota,G,false,2732,https://ecom-su-static-prod.wtrecom.com/images/products/3/LN_518333_BP_3.jpg,https://www.waitrose.com/ecom/products/no1-hand-carved-jamon-iberico-de-bellota/518333-497782-497783,No.1 Hand Carved Jamón Ibérico De Bellota,55g,£12.15,£22.10/100g,,Fresh & Chilled
545265,PlantLiving: Singapore Noodles for 1,G,false,2733,https://ecom-su-static-prod.wtrecom.com/images/products/3/LN_545265_BP_3.jpg,https://www.waitrose.com/ecom/products/plantliving-singapore-noodles-for-1/545265-788362-788363,PlantLiving: Singapore Noodles for 1,350g,£4.00,£1.15/100g,,Fresh & Chilled
508395,Gressingham Whole Guinea Fowl,G,false,2734,https://ecom-su-static-prod.wtrecom.com/images/products/3/LN_508395_BP_3.jpg,https://www.waitrose.com/ecom/products/gressingham-whole-guinea-fowl/508395-790905-790906,Gressingham Whole Guinea Fowl,1.05Kg,£10.00,£9.53/kg,,Fresh & Chilled
702761,Dell'Ugo Pumpkin Gnocchi,G,false,2735,https://ecom-su-static-prod.wtrecom.com/images/products/3/LN_702761_BP_3.jpg,https://www.waitrose.com/ecom/products/dellugo-pumpkin-gnocchi/702761-661905-661906,Dell'Ugo Pumpkin Gnocchi,450g,£3.50,£7.78/kg,,Fresh & Chilled
856714,No. 1 Cropwell Bishop PDO Blue Stilton Cheese Strength 5,G,false,2736,https://ecom-su-static-prod.wtrecom.com/images/products/3/LN_856714_BP_3.jpg,https://www.waitrose.com/ecom/products/no-1-cropwell-bishop-pdo-blue-stilton-cheese-strength-5/856714-704473-704474,No. 1 Cropwell Bishop PDO Blue Stilton Cheese Strength 5,200g,£4.10,£20.50/kg,,Fresh & Chilled
843829,Taiko Gochiso Salmon Sushi,G,false,2737,https://ecom-su-static-prod.wtrecom.com/images/products/3/LN_843829_BP_3.jpg,https://www.waitrose.com/ecom/products/taiko-gochiso-salmon-sushi/843829-791737-791738,Taiko Gochiso Salmon Sushi,189g,£6.00,£3.18/100g,,Fresh & Chilled
770094,Houghton NHants Cured Ham,G,true,2738,https://ecom-su-static-prod.wtrecom.com/images/products/3/LN_770094_BP_3.jpg,https://www.waitrose.com/ecom/products/houghton-nhants-cured-ham/770094-109539-109540,Houghton NHants Cured Ham,110g,£2.32,£21.10/kg,25% Off. Was £3.10,Fresh & Chilled
542474,Waitrose Béarnaise Sauce,G,false,2739,https://ecom-su-static-prod.wtrecom.com/images/products/3/LN_542474_BP_3.jpg,https://www.waitrose.com/ecom/products/waitrose-bearnaise-sauce/542474-675449-675450,Waitrose Béarnaise Sauce,180g,£2.50,£1.39/100g,,Fresh & Chilled
655598,Essential Tuna Mayo Sandwich,G,true,2740,https://ecom-su-static-prod.wtrecom.com/images/products/3/LN_655598_BP_3.jpg,https://www.waitrose.com/ecom/products/essential-tuna-mayo-sandwich/655598-93061-93062,Essential Tuna Mayo Sandwich,each,£1.95,£1.95 each,"£5 Food to Go Meal Deal: Add 1 Main, 1 Snack and 1 Drink",Fresh & Chilled
669708,"Plants By Deliciously Ella Pea, Chickpea & Spinach Burger",G,false,2741,https://ecom-su-static-prod.wtrecom.com/images/products/3/LN_669708_BP_3.jpg,https://www.waitrose.com/ecom/products/plants-by-deliciously-ella-pea-chickpea-spinach-burger/669708-810947-810948,"Plants By Deliciously Ella Pea, Chickpea & Spinach Burger",220g,£3.50,£15.91/kg,,Fresh & Chilled
687456,La Famiglia Rana Tomato & Mozzarella Gnocchi,G,true,2742,https://ecom-su-static-prod.wtrecom.com/images/products/3/LN_687456_BP_3.jpg,https://www.waitrose.com/ecom/products/la-famiglia-rana-tomato-mozzarella-gnocchi/687456-806734-806735,La Famiglia Rana Tomato & Mozzarella Gnocchi,280g,£2.40,85.7p/100g,20% Off. Was £3.00,Fresh & Chilled
489958,Waitrose 2 New York Lemon Cheesecake Slices,G,false,2743,https://ecom-su-static-prod.wtrecom.com/images/products/3/LN_489958_BP_3.jpg,https://www.waitrose.com/ecom/products/waitrose-2-new-york-lemon-cheesecake-slices/489958-757191-757192,Waitrose 2 New York Lemon Cheesecake Slices,194g,£3.75,£1.94/100g,,Fresh & Chilled
871017,Violife Vegan Greek Dairy Free Cheese Block,G,false,2744,https://ecom-su-static-prod.wtrecom.com/images/products/3/LN_871017_BP_3.jpg,https://www.waitrose.com/ecom/products/violife-vegan-greek-dairy-free-cheese-block/871017-715188-715189,Violife Vegan Greek Dairy Free Cheese Block,drained 200g,£3.15,£15.75/kg,,Fresh & Chilled
848852,Alpro High Protein Soya Chocolate Long Life Dairy Free Milk Alternative,G,false,2745,https://ecom-su-static-prod.wtrecom.com/images/products/3/LN_848852_BP_3.jpg,https://www.waitrose.com/ecom/products/alpro-high-protein-soya-chocolate-long-life-dairy-free-milk-alternative/848852-826876-826877,Alpro High Protein Soya Chocolate Long Life Dairy Free Milk Alternative,1litre,£2.40,£2.40/litre,,Fresh & Chilled
725246,Waitrose Gunpowder Baby Potatoes,G,true,2746,https://ecom-su-static-prod.wtrecom.com/images/products/3/LN_725246_BP_3.jpg,https://www.waitrose.com/ecom/products/waitrose-gunpowder-baby-potatoes/725246-779369-779370,Waitrose Gunpowder Baby Potatoes,400g,£2.50,£6.25/kg,£8 Chicken Dinner Meal Deal: Add 1 Main & 2 Extras,Fresh & Chilled
509128,Waitrose Cheese and Onion rolls 6pk,G,false,2747,https://ecom-su-static-prod.wtrecom.com/images/products/3/LN_509128_BP_3.jpg,https://www.waitrose.com/ecom/products/waitrose-cheese-and-onion-rolls-6pk/509128-824554-824555,Waitrose Cheese and Onion rolls 6pk,150g,£1.75,£1.17/100g,,Fresh & Chilled
479743,The Jolly Hog 10 Pigs in Blankets,G,true,2748,https://ecom-su-static-prod.wtrecom.com/images/products/3/LN_479743_BP_3.jpg,https://www.waitrose.com/ecom/products/the-jolly-hog-10-pigs-in-blankets/479743-812627-812628,The Jolly Hog 10 Pigs in Blankets,210g,£4.50,£21.43/kg,Add 3 for £12,Fresh & Chilled
658962,Waitrose Slow Cooked Pork Shoulder with Miso Maple Glaze,G,false,2749,https://ecom-su-static-prod.wtrecom.com/images/products/3/LN_658962_BP_3.jpg,https://www.waitrose.com/ecom/products/waitrose-slow-cooked-pork-shoulder-with-miso-maple-glaze/658962-581368-581369,Waitrose Slow Cooked Pork Shoulder with Miso Maple Glaze,400g,£5.75,£14.38/kg,,Fresh & Chilled
462671,No.1 Calabrian Spicy Antipasto Misto,G,false,2750,https://ecom-su-static-prod.wtrecom.com/images/products/3/LN_462671_BP_3.jpg,https://www.waitrose.com/ecom/products/no1-calabrian-spicy-antipasto-misto/462671-704786-704786,No.1 Calabrian Spicy Antipasto Misto,80g,£5.85,£7.32/100g,,Fresh & Chilled
088187,Essential Home Ripening Peaches,G,false,2751,https://ecom-su-static-prod.wtrecom.com/images/products/3/LN_088187_BP_3.jpg,https://www.waitrose.com/ecom/products/essential-home-ripening-peaches/088187-372147-45156,Essential Home Ripening Peaches,4s,£3.00,75p each,,Fresh & Chilled
635651,Waitrose Gut Health Raspberry Kefir Drink,G,true,2752,https://ecom-su-static-prod.wtrecom.com/images/products/3/LN_635651_BP_3.jpg,https://www.waitrose.com/ecom/products/waitrose-gut-health-raspberry-kefir-drink/635651-745195-745196,Waitrose Gut Health Raspberry Kefir Drink,750ml,£2.00,26.7p/100ml,20% Off. Was £2.50,Fresh & Chilled
916593,Deliciously Ella Lemon & Poppy Seed Oat Bars,G,false,2753,https://ecom-su-static-prod.wtrecom.com/images/products/3/LN_916593_BP_3.jpg,https://www.waitrose.com/ecom/products/deliciously-ella-lemon-poppy-seed-oat-bars/916593-826798-826799,Deliciously Ella Lemon & Poppy Seed Oat Bars,3x50g,£2.80,£1.87/100g,,Fresh & Chilled
483942,Waitrose Falafel & Houmous,G,true,2754,https://ecom-su-static-prod.wtrecom.com/images/products/3/LN_483942_BP_3.jpg,https://www.waitrose.com/ecom/products/waitrose-falafel-houmous/483942-817091-817092,Waitrose Falafel & Houmous,126g,£2.40,,"£5 Food to Go Meal Deal: Add 1 Main, 1 Snack and 1 Drink",Fresh & Chilled
631627,Dell'Ugo Smoked Salmon & Dill Fiorelli,G,false,2755,https://ecom-su-static-prod.wtrecom.com/images/products/3/LN_631627_BP_3.jpg,https://www.waitrose.com/ecom/products/dellugo-smoked-salmon-dill-fiorelli/631627-806730-806731,Dell'Ugo Smoked Salmon & Dill Fiorelli,250g,£4.00,£16/kg,,Fresh & Chilled
547552,Waitrose Wafer Thin Brunswick Ham,G,false,2756,https://ecom-su-static-prod.wtrecom.com/images/products/3/LN_547552_BP_3.jpg,https://www.waitrose.com/ecom/products/waitrose-wafer-thin-brunswick-ham/547552-827198-827199,Waitrose Wafer Thin Brunswick Ham,110g,£3.50,£3.19/100g,,Fresh & Chilled
378793,Pizza Express Caesar Dressing,G,false,2757,https://ecom-su-static-prod.wtrecom.com/images/products/3/LN_378793_BP_3.jpg,https://www.waitrose.com/ecom/products/pizza-express-caesar-dressing/378793-53318-53319,Pizza Express Caesar Dressing,235ml,£2.65,£1.13/100ml,,Fresh & Chilled
524594,Strong Roots Frozen Pumpkin & Spinach Burger,G,true,2758,https://ecom-su-static-prod.wtrecom.com/images/products/3/LN_524594_BP_3.jpg,https://www.waitrose.com/ecom/products/strong-roots-frozen-pumpkin-spinach-burger/524594-727161-727162,Strong Roots Frozen Pumpkin & Spinach Burger,300g,£2.55,£8.50/kg,25% Off. Was £3.45,Fresh & Chilled
088812,Waitrose Deglet Nour Dates,G,false,2759,https://ecom-su-static-prod.wtrecom.com/images/products/3/LN_088812_BP_3.jpg,https://www.waitrose.com/ecom/products/waitrose-deglet-nour-dates/088812-45643-45644,Waitrose Deglet Nour Dates,225g,£3.00,£13.34/kg,,Fresh & Chilled
481204,Ilchester Cheese Selection Multipack Lunchbox Snack Cheese,G,false,2760,https://ecom-su-static-prod.wtrecom.com/images/products/3/LN_481204_BP_3.jpg,https://www.waitrose.com/ecom/products/ilchester-cheese-selection-multipack-lunchbox-snack-cheese/481204-129621-129621,Ilchester Cheese Selection Multipack Lunchbox Snack Cheese,230g,£3.50,£15.22/kg,,Fresh & Chilled
717028,Waitrose Chicken Saag Masala Curry with Pilau Rice for 1,G,false,2761,https://ecom-su-static-prod.wtrecom.com/images/products/3/LN_717028_BP_3.jpg,https://www.waitrose.com/ecom/products/waitrose-chicken-saag-masala-curry-with-pilau-rice-for-1/717028-823012-823013,Waitrose Chicken Saag Masala Curry with Pilau Rice for 1,400g,£3.90,97.5p/100g,,Fresh & Chilled
806072,Waitrose Slow Cook Chicken with Apricot,G,false,2762,https://ecom-su-static-prod.wtrecom.com/images/products/3/LN_806072_BP_3.jpg,https://www.waitrose.com/ecom/products/waitrose-slow-cook-chicken-with-apricot/806072-761519-761520,Waitrose Slow Cook Chicken with Apricot,408g,£6.80,£16.67/kg,,Fresh & Chilled
710407,PlantLiving: Vegan Smoky Chilli with Rice for 1,G,false,2763,https://ecom-su-static-prod.wtrecom.com/images/products/3/LN_710407_BP_3.jpg,https://www.waitrose.com/ecom/products/plantliving-vegan-smoky-chilli-with-rice-for-1/710407-762658-762659,PlantLiving: Vegan Smoky Chilli with Rice for 1,380g,£4.00,£10.53/kg,,Fresh & Chilled
744360,Bonne Maman Morello Cherry Yogurt,G,false,2764,https://ecom-su-static-prod.wtrecom.com/images/products/3/LN_744360_BP_3.jpg,https://www.waitrose.com/ecom/products/bonne-maman-morello-cherry-yogurt/744360-756067-756068,Bonne Maman Morello Cherry Yogurt,450g,£3.20,71.1p/100g,,Fresh & Chilled
535687,Fanta Orange Zero Bottle,G,true,2765,https://ecom-su-static-prod.wtrecom.com/images/products/3/LN_535687_BP_3.jpg,https://www.waitrose.com/ecom/products/fanta-orange-zero-bottle/535687-745029-745030,Fanta Orange Zero Bottle,500ml,£1.75,35p/100ml,"£5 Food to Go Meal Deal: Add 1 Main, 1 Snack and 1 Drink",Fresh & Chilled
741774,Nissin Soba Chilli Cup Noodles,G,true,2766,https://ecom-su-static-prod.wtrecom.com/images/products/3/LN_741774_BP_3.jpg,https://www.waitrose.com/ecom/products/nissin-soba-chilli-cup-noodles/741774-727575-727576,Nissin Soba Chilli Cup Noodles,92g,£1.60,£1.74/100g,20% Off. Was £2.00,Fresh & Chilled
042120,Humble Eggs Double Yolk Free Range Eggs,G,false,2767,https://ecom-su-static-prod.wtrecom.com/images/products/3/LN_042120_BP_3.jpg,https://www.waitrose.com/ecom/products/humble-eggs-double-yolk-free-range-eggs/042120-20862-20863,Humble Eggs Double Yolk Free Range Eggs,6s,£2.95,49.2p each,,Fresh & Chilled
501357,Moma Oat Milk Unsweetened Dairy Free Whole Milk Alternative,G,false,2768,https://ecom-su-static-prod.wtrecom.com/images/products/3/LN_501357_BP_3.jpg,https://www.waitrose.com/ecom/products/moma-oat-milk-unsweetened-dairy-free-whole-milk-alternative/501357-772806-772807,Moma Oat Milk Unsweetened Dairy Free Whole Milk Alternative,1litre,£2.10,£2.10/litre,,Fresh & Chilled
781622,Cawston Press Squeezed Orange Juice,G,false,2769,https://ecom-su-static-prod.wtrecom.com/images/products/3/LN_781622_BP_3.jpg,https://www.waitrose.com/ecom/products/cawston-press-squeezed-orange-juice/781622-801230-801231,Cawston Press Squeezed Orange Juice,1litre,£3.00,30p/100ml,,Fresh & Chilled
899833,No. 1 Morbier Ash French Semi Soft Cheese Strength 3,G,false,2770,https://ecom-su-static-prod.wtrecom.com/images/products/3/LN_899833_BP_3.jpg,https://www.waitrose.com/ecom/products/no-1-morbier-ash-french-semi-soft-cheese-strength-3/899833-526294-526295,No. 1 Morbier Ash French Semi Soft Cheese Strength 3,200g,£5.35,£26.75/kg,,Fresh & Chilled
542814,B Sow Healthy Microgreens,G,false,2771,https://ecom-su-static-prod.wtrecom.com/images/products/3/LN_542814_BP_3.jpg,https://www.waitrose.com/ecom/products/b-sow-healthy-microgreens/542814-657669-657670,B Sow Healthy Microgreens,3s,£2.25,75p each,,Fresh & Chilled
632755,Clive's Organic Creamy Mushroom Pie,G,true,2772,https://ecom-su-static-prod.wtrecom.com/images/products/3/LN_632755_BP_3.jpg,https://www.waitrose.com/ecom/products/clives-organic-creamy-mushroom-pie/632755-664997-664998,Clive's Organic Creamy Mushroom Pie,235g,£3.08,£1.32/100g,20% Off. Was £3.85,Fresh & Chilled
732853,Cathedral City Plant Based Sliced Dairy Free Cheese,G,true,2773,https://ecom-su-static-prod.wtrecom.com/images/products/3/LN_732853_BP_3.jpg,https://www.waitrose.com/ecom/products/cathedral-city-plant-based-sliced-dairy-free-cheese/732853-803366-803367,Cathedral City Plant Based Sliced Dairy Free Cheese,150g,£2.00,£13.34/kg,save 40p. Was £2.40,Fresh & Chilled
542686,Bonne Maman Strawberry & Raspberry Compote,G,true,2774,https://ecom-su-static-prod.wtrecom.com/images/products/3/LN_542686_BP_3.jpg,https://www.waitrose.com/ecom/products/bonne-maman-strawberry-raspberry-compote/542686-702723-702724,Bonne Maman Strawberry & Raspberry Compote,2x130g,£2.75,£1.06/100g,save 70p. Was £3.45,Fresh & Chilled
067078,Waitrose Cheese & Shallot Croutons,G,false,2775,https://ecom-su-static-prod.wtrecom.com/images/products/3/LN_067078_BP_3.jpg,https://www.waitrose.com/ecom/products/waitrose-cheese-shallot-croutons/067078-33972-33973,Waitrose Cheese & Shallot Croutons,100g,£1.20,£1.20/100g,,Fresh & Chilled
370211,Unearthed Rosemary & Black Pepper Olives,G,true,2776,https://ecom-su-static-prod.wtrecom.com/images/products/3/LN_370211_BP_3.jpg,https://www.waitrose.com/ecom/products/unearthed-rosemary-black-pepper-olives/370211-827184-827185,Unearthed Rosemary & Black Pepper Olives,150g,£2.73,£1.82/100g,Introductory Offer.Will be £3.65,Fresh & Chilled
412938,Pieminister Gluten Free Ranger Chicken & Leek,G,true,2777,https://ecom-su-static-prod.wtrecom.com/images/products/3/LN_412938_BP_3.jpg,https://www.waitrose.com/ecom/products/pieminister-gluten-free-ranger-chicken-leek/412938-549775-549776,Pieminister Gluten Free Ranger Chicken & Leek,275g,£4.20,£1.53/100g,save £1.25. Was £5.45,Fresh & Chilled
438406,OGGS Victoria Sponge Cakes,G,false,2778,https://ecom-su-static-prod.wtrecom.com/images/products/3/LN_438406_BP_3.jpg,https://www.waitrose.com/ecom/products/oggs-victoria-sponge-cakes/438406-693621-693622,OGGS Victoria Sponge Cakes,4x46g,£4.15,£2.26/100g,,Fresh & Chilled
420264,"Easy to Cook Pork Shoulder with Honey, Garlic & Rosemary",G,false,2779,https://ecom-su-static-prod.wtrecom.com/images/products/3/LN_420264_BP_3.jpg,https://www.waitrose.com/ecom/products/easy-to-cook-pork-shoulder-with-honey-garlic-rosemary/420264-59136-59137,"Easy to Cook Pork Shoulder with Honey, Garlic & Rosemary",500g,£6.50,£13/kg,,Fresh & Chilled
848011,Califia Farms Organic Almond Milk Alternative,G,false,2780,https://ecom-su-static-prod.wtrecom.com/images/products/3/LN_848011_BP_3.jpg,https://www.waitrose.com/ecom/products/califia-farms-organic-almond-milk-alternative/848011-826874-826875,Califia Farms Organic Almond Milk Alternative,750ml,£2.50,£3.34/litre,,Fresh & Chilled
814670,Pukka Steak & Kidney Pie,G,false,2781,https://ecom-su-static-prod.wtrecom.com/images/products/3/LN_814670_BP_3.jpg,https://www.waitrose.com/ecom/products/pukka-steak-kidney-pie/814670-803404-803405,Pukka Steak & Kidney Pie,219g,£2.10,95.9p/100g,,Fresh & Chilled
058091,Diet Coke Bottle,G,true,2782,https://ecom-su-static-prod.wtrecom.com/images/products/3/LN_058091_BP_3.jpg,https://www.waitrose.com/ecom/products/diet-coke-bottle/058091-29182-29183,Diet Coke Bottle,500ml,£1.75,35p/100ml,"£5 Food to Go Meal Deal: Add 1 Main, 1 Snack and 1 Drink",Fresh & Chilled
793639,Finnebrogue NAKED 12 Good Little Chipolatas,G,false,2783,https://ecom-su-static-prod.wtrecom.com/images/products/3/LN_793639_BP_3.jpg,https://www.waitrose.com/ecom/products/finnebrogue-naked-12-good-little-chipolatas/793639-812665-812666,Finnebrogue NAKED 12 Good Little Chipolatas,340g,£3.70,£10.89/kg,,Fresh & Chilled
802146,Yeo Valley Organic Lemon Curd Yogurts,G,true,2784,https://ecom-su-static-prod.wtrecom.com/images/products/3/LN_802146_BP_3.jpg,https://www.waitrose.com/ecom/products/yeo-valley-organic-lemon-curd-yogurts/802146-822523-822524,Yeo Valley Organic Lemon Curd Yogurts,4x110g,£2.65,60.2p/100g,Add 2 for £3.50,Fresh & Chilled
847260,Charlie Bigham's Butter Chicken & Pilau Rice Curry for 2,G,false,2785,https://ecom-su-static-prod.wtrecom.com/images/products/3/LN_847260_BP_3.jpg,https://www.waitrose.com/ecom/products/charlie-bighams-butter-chicken-pilau-rice-curry-for-2/847260-755085-755086,Charlie Bigham's Butter Chicken & Pilau Rice Curry for 2,812g,£9.50,£11.70/kg,,Fresh & Chilled
787090,Holy Moly Guacamole Jalapeno & Red Pepper,G,true,2786,https://ecom-su-static-prod.wtrecom.com/images/products/3/LN_787090_BP_3.jpg,https://www.waitrose.com/ecom/products/holy-moly-guacamole-jalapeno-red-pepper/787090-653654-653655,Holy Moly Guacamole Jalapeno & Red Pepper,150g,£1.91,£1.28/100g,25% Off. Was £2.55,Fresh & Chilled
091634,San Pellegrino Sparkling Natural Mineral Water,G,true,2787,https://ecom-su-static-prod.wtrecom.com/images/products/3/LN_091634_BP_3.jpg,https://www.waitrose.com/ecom/products/san-pellegrino-sparkling-natural-mineral-water/091634-47184-47185,San Pellegrino Sparkling Natural Mineral Water,500ml,£1.35,27p/100ml,"£5 Food to Go Meal Deal: Add 1 Main, 1 Snack and 1 Drink",Fresh & Chilled
849455,No.1 Speciality Blueberries,G,true,2788,https://ecom-su-static-prod.wtrecom.com/images/products/3/LN_849455_BP_3.jpg,https://www.waitrose.com/ecom/products/no1-speciality-blueberries/849455-756464-756465,No.1 Speciality Blueberries,225g,£3.80,£16.89/kg,Add 2 for £6,Fresh & Chilled
724992,Saint Agur Blue Délice Whipped Cheese,G,false,2789,https://ecom-su-static-prod.wtrecom.com/images/products/3/LN_724992_BP_3.jpg,https://www.waitrose.com/ecom/products/saint-agur-blue-delice-whipped-cheese/724992-823154-823155,Saint Agur Blue Délice Whipped Cheese,130g,£2.50,£19.24/kg,,Fresh & Chilled
839182,Waitrose Smoked British Gammon Joint,G,false,2790,https://ecom-su-static-prod.wtrecom.com/images/products/3/LN_839182_BP_3.jpg,https://www.waitrose.com/ecom/products/waitrose-smoked-british-gammon-joint/839182-812683-812684,Waitrose Smoked British Gammon Joint,Typical weight 1.1kg,£12.10 each est.,£11/kg,,Fresh & Chilled
505380,Unearthed Spanish Red Pepper Omelette,G,true,2791,https://ecom-su-static-prod.wtrecom.com/images/products/3/LN_505380_BP_3.jpg,https://www.waitrose.com/ecom/products/unearthed-spanish-red-pepper-omelette/505380-693492-693493,Unearthed Spanish Red Pepper Omelette,250g,£2.40,96p/100g,25% Off. Was £3.20,Fresh & Chilled
602348,Alpro Soya Gut Health Strawberry Dairy Free Yogurt Alternative Multipack,G,true,2792,https://ecom-su-static-prod.wtrecom.com/images/products/3/LN_602348_BP_3.jpg,https://www.waitrose.com/ecom/products/alpro-soya-gut-health-strawberry-dairy-free-yogurt-alternative-multipack/602348-807050-807051,Alpro Soya Gut Health Strawberry Dairy Free Yogurt Alternative Multipack,4x125g,£2.00,40p/100g,save 75p. Was £2.75,Fresh & Chilled
655989,Dickinson & Morris 4 Mini Melton Mowbray Pork Pies,G,false,2793,https://ecom-su-static-prod.wtrecom.com/images/products/3/LN_655989_BP_3.jpg,https://www.waitrose.com/ecom/products/dickinson-morris-4-mini-melton-mowbray-pork-pies/655989-810308-810309,Dickinson & Morris 4 Mini Melton Mowbray Pork Pies,200g,£3.15,£1.58/100g,,Fresh & Chilled
602927,Deliciously Ella Vegan Peanut Butter Cups,G,false,2794,https://ecom-su-static-prod.wtrecom.com/images/products/3/LN_602927_BP_3.jpg,https://www.waitrose.com/ecom/products/deliciously-ella-vegan-peanut-butter-cups/602927-768241-768242,Deliciously Ella Vegan Peanut Butter Cups,36g,£1.65,£4.59/100g,,Fresh & Chilled
896692,RE:NOURISH Digest Soup,G,true,2795,https://ecom-su-static-prod.wtrecom.com/images/products/3/LN_896692_BP_3.jpg,https://www.waitrose.com/ecom/products/re-nourish-digest-soup/896692-706861-706862,RE:NOURISH Digest Soup,500g,£2.65,53p/100g,save 55p. Was £3.20,Fresh & Chilled
880788,Biotiful Gut Health Organic Baked Kefir Drink,G,false,2796,https://ecom-su-static-prod.wtrecom.com/images/products/3/LN_880788_BP_3.jpg,https://www.waitrose.com/ecom/products/biotiful-gut-health-organic-baked-kefir-drink/880788-811063-811064,Biotiful Gut Health Organic Baked Kefir Drink,500ml,£2.95,59p/100ml,,Fresh & Chilled
745093,Cadbury Chocolate Limited Edition Dessert,G,true,2797,https://ecom-su-static-prod.wtrecom.com/images/products/3/LN_745093_BP_3.jpg,https://www.waitrose.com/ecom/products/cadbury-chocolate-limited-edition-dessert/745093-105898-105899,Cadbury Chocolate Limited Edition Dessert,75g,85p,£1.14/100g,Save 1/3. Was £1.30,Fresh & Chilled
044021,Waitrose Roast Chicken & Stuffing Sandwich,G,true,2798,https://ecom-su-static-prod.wtrecom.com/images/products/3/LN_044021_BP_3.jpg,https://www.waitrose.com/ecom/products/waitrose-roast-chicken-stuffing-sandwich/044021-21691-21692,Waitrose Roast Chicken & Stuffing Sandwich,each,£3.95,£3.95 each,"£5 Food to Go Meal Deal: Add 1 Main, 1 Snack and 1 Drink",Fresh & Chilled
423478,Plants By Deliciously Ella Spiced Veggie Bites,G,false,2799,https://ecom-su-static-prod.wtrecom.com/images/products/3/LN_423478_BP_3.jpg,https://www.waitrose.com/ecom/products/plants-by-deliciously-ella-spiced-veggie-bites/423478-804306-804307,Plants By Deliciously Ella Spiced Veggie Bites,171g,£2.70,£15.79/kg,,Fresh & Chilled
859718,Flora Plant Unsalted Butter Alternative,G,false,2800,https://ecom-su-static-prod.wtrecom.com/images/products/3/LN_859718_BP_3.jpg,https://www.waitrose.com/ecom/products/flora-plant-unsalted-butter-alternative/859718-747884-747885,Flora Plant Unsalted Butter Alternative,200g,£1.85,£9.25/kg,,Fresh & Chilled
844459,Bisto Best Gravy Granules Vegetable,G,false,2801,https://ecom-su-static-prod.wtrecom.com/images/products/3/LN_844459_BP_3.jpg,https://www.waitrose.com/ecom/products/bisto-best-gravy-granules-vegetable/844459-711316-711317,Bisto Best Gravy Granules Vegetable,230g,£4.00,£1.74/100g,,Fresh & Chilled
883950,Castello Tickler Vintage Mature Cheddar Cheese,G,true,2802,https://ecom-su-static-prod.wtrecom.com/images/products/3/LN_883950_BP_3.jpg,https://www.waitrose.com/ecom/products/castello-tickler-vintage-mature-cheddar-cheese/883950-498329-498330,Castello Tickler Vintage Mature Cheddar Cheese,300g,£3.56,£11.87/kg,25% Off. Was £4.75,Fresh & Chilled
896417,Waitrose Sticky Toffee Pudding,G,false,2803,https://ecom-su-static-prod.wtrecom.com/images/products/3/LN_896417_BP_3.jpg,https://www.waitrose.com/ecom/products/waitrose-sticky-toffee-pudding/896417-620265-620266,Waitrose Sticky Toffee Pudding,450g,£3.95,87.8p/100g,,Fresh & Chilled
826797,Waitrose Feta Crumb & Lemon Quinoa Salad,G,true,2804,https://ecom-su-static-prod.wtrecom.com/images/products/3/LN_826797_BP_3.jpg,https://www.waitrose.com/ecom/products/waitrose-feta-crumb-lemon-quinoa-salad/826797-817136-817137,Waitrose Feta Crumb & Lemon Quinoa Salad,220g,£3.20,£1.46/100g,"£5 Food to Go Meal Deal: Add 1 Main, 1 Snack and 1 Drink",Fresh & Chilled
468618,Natoora Mixed Tomatoes,G,false,2805,https://ecom-su-static-prod.wtrecom.com/images/products/3/LN_468618_BP_3.jpg,https://www.waitrose.com/ecom/products/natoora-mixed-tomatoes/468618-666339-666340,Natoora Mixed Tomatoes,350g,£3.90,£11.15/kg,,Fresh & Chilled
543549,Shaken Udder Salted Caramel Milkshake,G,false,2806,https://ecom-su-static-prod.wtrecom.com/images/products/3/LN_543549_BP_3.jpg,https://www.waitrose.com/ecom/products/shaken-udder-salted-caramel-milkshake/543549-438000-438001,Shaken Udder Salted Caramel Milkshake,330ml,£1.70,£5.16/litre,,Fresh & Chilled
883774,San Pellegrino Blood Orange,G,true,2807,https://ecom-su-static-prod.wtrecom.com/images/products/3/LN_883774_BP_3.jpg,https://www.waitrose.com/ecom/products/san-pellegrino-blood-orange/883774-498325-498326,San Pellegrino Blood Orange,330ml,£1.25,37.9p/100ml,"£5 Food to Go Meal Deal: Add 1 Main, 1 Snack and 1 Drink",Fresh & Chilled
766991,Easy To Cook Chicken Kyiv With Garlic Butter,G,false,2808,https://ecom-su-static-prod.wtrecom.com/images/products/3/LN_766991_BP_3.jpg,https://www.waitrose.com/ecom/products/easy-to-cook-chicken-kyiv-with-garlic-butter/766991-357630-357631,Easy To Cook Chicken Kyiv With Garlic Butter,372g,£5.50,£14.79/kg,,Fresh & Chilled
708549,Japan Menyū Chicken Yakitori Skewers - 4s,G,true,2809,https://ecom-su-static-prod.wtrecom.com/images/products/3/LN_708549_BP_3.jpg,https://www.waitrose.com/ecom/products/japan-meny-chicken-yakitori-skewers-4s/708549-810961-810962,Japan Menyū Chicken Yakitori Skewers - 4s,350g,£3.60,£1.03/100g,20% Off. Was £4.50,Fresh & Chilled
748677,Waitrose Food to Go Mozzarella & Roasted Tomato Wrap,G,true,2810,https://ecom-su-static-prod.wtrecom.com/images/products/3/LN_748677_BP_3.jpg,https://www.waitrose.com/ecom/products/waitrose-food-to-go-mozzarella-roasted-tomato-wrap/748677-817124-817125,Waitrose Food to Go Mozzarella & Roasted Tomato Wrap,192g,£3.65,,"£5 Food to Go Meal Deal: Add 1 Main, 1 Snack and 1 Drink",Fresh & Chilled
607860,Taiko Crispy Salmon Avocado Rolls,G,false,2811,https://ecom-su-static-prod.wtrecom.com/images/products/3/LN_607860_BP_3.jpg,https://www.waitrose.com/ecom/products/taiko-crispy-salmon-avocado-rolls/607860-671692-671693,Taiko Crispy Salmon Avocado Rolls,176g,£4.80,£2.73/100g,,Fresh & Chilled
799417,Waitrose British Lamb Loin Fillet,G,false,2812,https://ecom-su-static-prod.wtrecom.com/images/products/3/LN_799417_BP_3.jpg,https://www.waitrose.com/ecom/products/waitrose-british-lamb-loin-fillet/799417-683268-683269,Waitrose British Lamb Loin Fillet,Typical weight 260g,£15.60 each est.,£6.00/100g,,Fresh & Chilled
763774,Waitrose PlantLiving No Chicken Samosa,G,false,2813,https://ecom-su-static-prod.wtrecom.com/images/products/3/LN_763774_BP_3.jpg,https://www.waitrose.com/ecom/products/waitrose-plantliving-no-chicken-samosa/763774-712733-712734,Waitrose PlantLiving No Chicken Samosa,200g,£2.90,£14.50/kg,,Fresh & Chilled
977876,Bertolli spread with Olive Oil,G,false,2814,https://ecom-su-static-prod.wtrecom.com/images/products/3/LN_977876_BP_3.jpg,https://www.waitrose.com/ecom/products/bertolli-spread-with-olive-oil/977876-826548-826549,Bertolli spread with Olive Oil,1kg,£5.00,£5/kg,,Fresh & Chilled
431426,Yeo Valley Organic Cream of Vegetable Soup,G,true,2815,https://ecom-su-static-prod.wtrecom.com/images/products/3/LN_431426_BP_3.jpg,https://www.waitrose.com/ecom/products/yeo-valley-organic-cream-of-vegetable-soup/431426-810516-810517,Yeo Valley Organic Cream of Vegetable Soup,400g,£1.90,47.5p/100g,save 35p. Was £2.25,Fresh & Chilled
817600,Essential Smoked Ham Sandwich,G,true,2816,https://ecom-su-static-prod.wtrecom.com/images/products/3/LN_817600_BP_3.jpg,https://www.waitrose.com/ecom/products/essential-smoked-ham-sandwich/817600-662101-662102,Essential Smoked Ham Sandwich,each,£2.20,£2.20 each,"£5 Food to Go Meal Deal: Add 1 Main, 1 Snack and 1 Drink",Fresh & Chilled
837462,Pieminister Feta & Spinach Filo Pie,G,false,2817,https://ecom-su-static-prod.wtrecom.com/images/products/3/LN_837462_BP_3.jpg,https://www.waitrose.com/ecom/products/pieminister-feta-spinach-filo-pie/837462-805691-805692,Pieminister Feta & Spinach Filo Pie,230g,£4.70,£2.05/100g,,Fresh & Chilled
893313,No. 1 Saint Marcellin Cheese Strength 4,G,false,2818,https://ecom-su-static-prod.wtrecom.com/images/products/3/LN_893313_BP_3.jpg,https://www.waitrose.com/ecom/products/no-1-saint-marcellin-cheese-strength-4/893313-587084-587085,No. 1 Saint Marcellin Cheese Strength 4,80g,£2.85,£35.63/kg,,Fresh & Chilled
842807,Waitrose Ginger Shots Fruit Juice,G,false,2819,https://ecom-su-static-prod.wtrecom.com/images/products/3/LN_842807_BP_3.jpg,https://www.waitrose.com/ecom/products/waitrose-ginger-shots-fruit-juice/842807-813556-813557,Waitrose Ginger Shots Fruit Juice,500ml,£4.00,80p/100ml,,Fresh & Chilled
825212,Unearthed Spanish Omelette with Chorizo,G,true,2820,https://ecom-su-static-prod.wtrecom.com/images/products/3/LN_825212_BP_3.jpg,https://www.waitrose.com/ecom/products/unearthed-spanish-omelette-with-chorizo/825212-705706-705707,Unearthed Spanish Omelette with Chorizo,250g,£2.40,96p/100g,25% Off. Was £3.20,Fresh & Chilled
762485,GOOD TO GO Melon Chunks,G,true,2821,https://ecom-su-static-prod.wtrecom.com/images/products/3/LN_762485_BP_3.jpg,https://www.waitrose.com/ecom/products/good-to-go-melon-chunks/762485-344969-344970,GOOD TO GO Melon Chunks,120g,£1.35,£11.25/kg,"£5 Food to Go Meal Deal: Add 1 Main, 1 Snack and 1 Drink",Fresh & Chilled
484826,No.1 Free Range Corn Fed Chicken Livers,G,false,2822,https://ecom-su-static-prod.wtrecom.com/images/products/3/LN_484826_BP_3.jpg,https://www.waitrose.com/ecom/products/no1-free-range-corn-fed-chicken-livers/484826-679387-679388,No.1 Free Range Corn Fed Chicken Livers,400g,£2.75,£6.88/kg,,Fresh & Chilled
459456,Plenish Almond Barista Organic Milk Alternative,G,true,2823,https://ecom-su-static-prod.wtrecom.com/images/products/3/LN_459456_BP_3.jpg,https://www.waitrose.com/ecom/products/plenish-almond-barista-organic-milk-alternative/459456-813494-813495,Plenish Almond Barista Organic Milk Alternative,1litre,£2.25,£2.25/litre,save 25p. Was £2.50,Fresh & Chilled
500644,Gü Salted Caramel Cheesecakes,G,true,2824,https://ecom-su-static-prod.wtrecom.com/images/products/3/LN_500644_BP_3.jpg,https://www.waitrose.com/ecom/products/gu-salted-caramel-cheesecakes/500644-673529-673530,Gü Salted Caramel Cheesecakes,2x92g,£2.95,£1.61/100g,25% Off. Was £3.95,Fresh & Chilled
818418,Waitrose Slow Cooked Memphis Ribs,G,false,2825,https://ecom-su-static-prod.wtrecom.com/images/products/3/LN_818418_BP_3.jpg,https://www.waitrose.com/ecom/products/waitrose-slow-cooked-memphis-ribs/818418-498188-498189,Waitrose Slow Cooked Memphis Ribs,490g,£6.50,£13.27/kg,,Fresh & Chilled
861821,No.1 Free Range Smoked Gammon Steak,G,false,2826,https://ecom-su-static-prod.wtrecom.com/images/products/3/LN_861821_BP_3.jpg,https://www.waitrose.com/ecom/products/no1-free-range-smoked-gammon-steak/861821-400323-400324,No.1 Free Range Smoked Gammon Steak,200g,£4.10,£20.50/kg,,Fresh & Chilled
858312,Odysea Manouri Goats Cheese PDO,G,false,2827,https://ecom-su-static-prod.wtrecom.com/images/products/3/LN_858312_BP_3.jpg,https://www.waitrose.com/ecom/products/odysea-manouri-goats-cheese-pdo/858312-595356-595357,Odysea Manouri Goats Cheese PDO,170g,£3.50,£20.59/kg,,Fresh & Chilled
569152,Mockingbird Raw Press Raw Lift Virgin Fruit Juice,G,false,2828,https://ecom-su-static-prod.wtrecom.com/images/products/3/LN_569152_BP_3.jpg,https://www.waitrose.com/ecom/products/mockingbird-raw-press-raw-lift-virgin-fruit-juice/569152-813518-813519,Mockingbird Raw Press Raw Lift Virgin Fruit Juice,750ml,£4.40,58.7p/100ml,,Fresh & Chilled
897662,Huel Chocolate Complete Meal Drink,G,true,2829,https://ecom-su-static-prod.wtrecom.com/images/products/3/LN_897662_BP_3.jpg,https://www.waitrose.com/ecom/products/huel-chocolate-complete-meal-drink/897662-772846-772847,Huel Chocolate Complete Meal Drink,500ml,£3.70,£7.40/litre,"£5 Food to Go Meal Deal: Add 1 Main, 1 Snack and 1 Drink",Fresh & Chilled
586588,Rebel Kitchen Organic Coconut Water,G,true,2830,https://ecom-su-static-prod.wtrecom.com/images/products/3/LN_586588_BP_3.jpg,https://www.waitrose.com/ecom/products/rebel-kitchen-organic-coconut-water/586588-336939-336940,Rebel Kitchen Organic Coconut Water,250ml,£2.40,96p/100ml,"£5 Food to Go Meal Deal: Add 1 Main, 1 Snack and 1 Drink",Fresh & Chilled
818201,Oatly Oat Milk Chilled No Sugar Dairy Free Milk Alternative,G,false,2831,https://ecom-su-static-prod.wtrecom.com/images/products/3/LN_818201_BP_3.jpg,https://www.waitrose.com/ecom/products/oatly-oat-milk-chilled-no-sugar-dairy-free-milk-alternative/818201-803486-803487,Oatly Oat Milk Chilled No Sugar Dairy Free Milk Alternative,1litre,£2.20,£2.20/litre,,Fresh & Chilled
666513,Dell'Ugo Spinach Gnocchi,G,false,2832,https://ecom-su-static-prod.wtrecom.com/images/products/3/LN_666513_BP_3.jpg,https://www.waitrose.com/ecom/products/dellugo-spinach-gnocchi/666513-661849-661850,Dell'Ugo Spinach Gnocchi,450g,£3.50,£7.78/kg,,Fresh & Chilled
506786,Lazy Vegan Frozen Vegan Tikka Masala Ready Meal for 1,G,false,2833,https://ecom-su-static-prod.wtrecom.com/images/products/3/LN_506786_BP_3.jpg,https://www.waitrose.com/ecom/products/lazy-vegan-frozen-vegan-tikka-masala-ready-meal-for-1/506786-762336-762337,Lazy Vegan Frozen Vegan Tikka Masala Ready Meal for 1,400g,£3.80,£9.50/kg,,Fresh & Chilled
504878,Deliciously Ella Gluten Free & Vegan Hazelnut Oat Bars,G,false,2834,https://ecom-su-static-prod.wtrecom.com/images/products/3/LN_504878_BP_3.jpg,https://www.waitrose.com/ecom/products/deliciously-ella-gluten-free-vegan-hazelnut-oat-bars/504878-791061-791062,Deliciously Ella Gluten Free & Vegan Hazelnut Oat Bars,3x50g,£2.80,£1.87/100g,,Fresh & Chilled
898430,Waitrose Strawberry and Grape,G,true,2835,https://ecom-su-static-prod.wtrecom.com/images/products/3/LN_898430_BP_3.jpg,https://www.waitrose.com/ecom/products/waitrose-strawberry-and-grape/898430-772513-772514,Waitrose Strawberry and Grape,115g,£1.50,£13.05/kg,"£5 Food to Go Meal Deal: Add 1 Main, 1 Snack and 1 Drink",Fresh & Chilled
589662,Waitrose 4 Jumbo Frankfurters,G,false,2836,https://ecom-su-static-prod.wtrecom.com/images/products/3/LN_589662_BP_3.jpg,https://www.waitrose.com/ecom/products/waitrose-4-jumbo-frankfurters/589662-827202-827203,Waitrose 4 Jumbo Frankfurters,360g,£3.00,£8.34/kg,,Fresh & Chilled
492587,No. 1 Keen's Mature Cheddar Cheese Strength 5,G,false,2837,https://ecom-su-static-prod.wtrecom.com/images/products/3/LN_492587_BP_3.jpg,https://www.waitrose.com/ecom/products/no-1-keens-mature-cheddar-cheese-strength-5/492587-706285-706286,No. 1 Keen's Mature Cheddar Cheese Strength 5,180g,£3.20,£17.78/kg,,Fresh & Chilled
874355,The Coconut Collab Chocolate and Cream,G,false,2838,https://ecom-su-static-prod.wtrecom.com/images/products/3/LN_874355_BP_3.jpg,https://www.waitrose.com/ecom/products/the-coconut-collab-chocolate-and-cream/874355-770454-770455,The Coconut Collab Chocolate and Cream,4x60g,£3.10,£1.30/100g,,Fresh & Chilled
412122,Loch Fyne 6 Oysters,G,false,2839,https://ecom-su-static-prod.wtrecom.com/images/products/3/LN_412122_BP_3.jpg,https://www.waitrose.com/ecom/products/loch-fyne-6-oysters/412122-784180-784181,Loch Fyne 6 Oysters,6s,£6.95,£1.16 each,,Fresh & Chilled
375631,Cooks' Ingredients Smoked Ham Batons,G,true,2840,https://ecom-su-static-prod.wtrecom.com/images/products/3/LN_375631_BP_3.jpg,https://www.waitrose.com/ecom/products/cooks-ingredients-smoked-ham-batons/375631-52888-52889,Cooks' Ingredients Smoked Ham Batons,180g,£2.80,£1.56/100g,20% Off. Was £3.50,Fresh & Chilled
483753,Philadelphia Intense Garlic & Herbs Soft Cheese,G,false,2841,https://ecom-su-static-prod.wtrecom.com/images/products/3/LN_483753_BP_3.jpg,https://www.waitrose.com/ecom/products/philadelphia-intense-garlic-herbs-soft-cheese/483753-803294-803295,Philadelphia Intense Garlic & Herbs Soft Cheese,140g,£2.35,£16.79/kg,,Fresh & Chilled
541777,No. 1 Kit Calvert Wensleydale Cheese Strength 3,G,false,2842,https://ecom-su-static-prod.wtrecom.com/images/products/3/LN_541777_BP_3.jpg,https://www.waitrose.com/ecom/products/no-1-kit-calvert-wensleydale-cheese-strength-3/541777-706923-706924,No. 1 Kit Calvert Wensleydale Cheese Strength 3,150g,£3.40,£22.67/kg,,Fresh & Chilled
620611,Fiji Water,G,false,2843,https://ecom-su-static-prod.wtrecom.com/images/products/3/LN_620611_BP_3.jpg,https://www.waitrose.com/ecom/products/fiji-water/620611-741202-741203,Fiji Water,700ml,£2.10,£3/litre,,Fresh & Chilled
457413,Waitrose British Rose Veal 20 Meatballs,G,true,2844,https://ecom-su-static-prod.wtrecom.com/images/products/3/LN_457413_BP_3.jpg,https://www.waitrose.com/ecom/products/waitrose-british-rose-veal-20-meatballs/457413-497674-497675,Waitrose British Rose Veal 20 Meatballs,300g,£3.06,£10.20/kg,Save 1/3. Was £4.60,Fresh & Chilled
575106,Japan Menyū Chicken Katsu with Curry Sauce,G,true,2845,https://ecom-su-static-prod.wtrecom.com/images/products/3/LN_575106_BP_3.jpg,https://www.waitrose.com/ecom/products/japan-meny-chicken-katsu-with-curry-sauce/575106-810917-810918,Japan Menyū Chicken Katsu with Curry Sauce,500g,£4.40,88p/100g,20% Off. Was £5.50,Fresh & Chilled
600613,Unearthed Beechwood Smoked Meat & Cheese Selection,G,true,2846,https://ecom-su-static-prod.wtrecom.com/images/products/3/LN_600613_BP_3.jpg,https://www.waitrose.com/ecom/products/unearthed-beechwood-smoked-meat-cheese-selection/600613-804325-804325,Unearthed Beechwood Smoked Meat & Cheese Selection,120g,£3.35,£2.80/100g,Add 2 for £5,Fresh & Chilled
402415,Waitrose British Pork Schnitzel in a Chipotle & Paprika Crumb,G,true,2847,https://ecom-su-static-prod.wtrecom.com/images/products/3/LN_402415_BP_3.jpg,https://www.waitrose.com/ecom/products/waitrose-british-pork-schnitzel-in-a-chipotle-paprika-crumb/402415-805589-805590,Waitrose British Pork Schnitzel in a Chipotle & Paprika Crumb,290g,£4.50,£15.52/kg,Add 3 for £12,Fresh & Chilled
595494,Pollen + Grace Indian Spiced Bombay Potato Grain Bowl,G,true,2848,https://ecom-su-static-prod.wtrecom.com/images/products/3/LN_595494_BP_3.jpg,https://www.waitrose.com/ecom/products/pollen-grace-indian-spiced-bombay-potato-grain-bowl/595494-825115-825116,Pollen + Grace Indian Spiced Bombay Potato Grain Bowl,275g,£4.25,£1.55/100g,"£5 Food to Go Meal Deal: Add 1 Main, 1 Snack and 1 Drink",Fresh & Chilled
505335,Charlie Bigham's Proper Puds Bread & Butter,G,true,2849,https://ecom-su-static-prod.wtrecom.com/images/products/3/LN_505335_BP_3.jpg,https://www.waitrose.com/ecom/products/charlie-bighams-proper-puds-bread-butter/505335-719458-719459,Charlie Bigham's Proper Puds Bread & Butter,362g,£3.75,£1.04/100g,save £1.25. Was £5.00,Fresh & Chilled
709051,Duchy Organic Free Range Dry Cured Smoked Streaky Bacon,G,false,2850,https://ecom-su-static-prod.wtrecom.com/images/products/3/LN_709051_BP_3.jpg,https://www.waitrose.com/ecom/products/duchy-organic-free-range-dry-cured-smoked-streaky-bacon/709051-731667-731668,Duchy Organic Free Range Dry Cured Smoked Streaky Bacon,184g,£5.25,£28.54/kg,,Fresh & Chilled
838540,Waitrose Turmeric Fruit Juice Shot,G,false,2851,https://ecom-su-static-prod.wtrecom.com/images/products/3/LN_838540_BP_3.jpg,https://www.waitrose.com/ecom/products/waitrose-turmeric-fruit-juice-shot/838540-762184-762185,Waitrose Turmeric Fruit Juice Shot,100ml,£1.60,£1.60/100ml,,Fresh & Chilled
621287,Japan Menyū Edamame Beans with Garlic & Chilli Salt,G,true,2852,https://ecom-su-static-prod.wtrecom.com/images/products/3/LN_621287_BP_3.jpg,https://www.waitrose.com/ecom/products/japan-meny-edamame-beans-with-garlic-chilli-salt/621287-810929-810930,Japan Menyū Edamame Beans with Garlic & Chilli Salt,200g,£2.80,£1.40/100g,20% Off. Was £3.50,Fresh & Chilled
820070,Cooks' Ingredients Black Mustard Seeds,G,true,2853,https://ecom-su-static-prod.wtrecom.com/images/products/3/LN_820070_BP_3.jpg,https://www.waitrose.com/ecom/products/cooks-ingredients-black-mustard-seeds/820070-785178-785179,Cooks' Ingredients Black Mustard Seeds,55g,£1.60,29.1p/10g,Add 2 for £2.75,Fresh & Chilled
825665,Activia Fibre Muesli Breakfast Gut Health Yogurt Multipack,G,false,2854,https://ecom-su-static-prod.wtrecom.com/images/products/3/LN_825665_BP_3.jpg,https://www.waitrose.com/ecom/products/activia-fibre-muesli-breakfast-gut-health-yogurt-multipack/825665-807066-807067,Activia Fibre Muesli Breakfast Gut Health Yogurt Multipack,4x115g,£2.90,63p/100g,,Fresh & Chilled
895359,I Love Snacks Smoked Almonds,G,true,2855,https://ecom-su-static-prod.wtrecom.com/images/products/3/LN_895359_BP_3.jpg,https://www.waitrose.com/ecom/products/i-love-snacks-smoked-almonds/895359-693410-693411,I Love Snacks Smoked Almonds,25g,£1.10,£4.40/100g,"£5 Food to Go Meal Deal: Add 1 Main, 1 Snack and 1 Drink",Fresh & Chilled
897314,No.1 Chicken Liver Parfait,G,false,2856,https://ecom-su-static-prod.wtrecom.com/images/products/3/LN_897314_BP_3.jpg,https://www.waitrose.com/ecom/products/no1-chicken-liver-parfait/897314-810202-810203,No.1 Chicken Liver Parfait,75g,£5.00,£6.67/100g,,Fresh & Chilled
488976,Waitrose Indian Chicken Karahi Curry for 2,G,false,2857,https://ecom-su-static-prod.wtrecom.com/images/products/3/LN_488976_BP_3.jpg,https://www.waitrose.com/ecom/products/waitrose-indian-chicken-karahi-curry-for-2/488976-740829-740830,Waitrose Indian Chicken Karahi Curry for 2,350g,£4.95,£14.15/kg,,Fresh & Chilled
067499,Lipton Ice Tea Peach,G,true,2858,https://ecom-su-static-prod.wtrecom.com/images/products/3/LN_067499_BP_3.jpg,https://www.waitrose.com/ecom/products/lipton-ice-tea-peach/067499-34255-34256,Lipton Ice Tea Peach,500ml,£1.75,35p/100ml,"£5 Food to Go Meal Deal: Add 1 Main, 1 Snack and 1 Drink",Fresh & Chilled
516295,8 No.1 Raspberry Panna Cotta,E,false,2859,https://ecom-su-static-prod.wtrecom.com/images/products/3/LN_516295_BP_3.jpg,https://www.waitrose.com/ecom/products/8-no1-raspberry-panna-cotta/516295-502661-502662,8 No.1 Raspberry Panna Cotta,Typical weight 800g,£16.00,,,Fresh & Chilled
647794,Waitrose French Ripe Brie Cheese Strength 5,G,false,2860,https://ecom-su-static-prod.wtrecom.com/images/products/3/LN_647794_BP_3.jpg,https://www.waitrose.com/ecom/products/waitrose-french-ripe-brie-cheese-strength-5/647794-202379-202380,Waitrose French Ripe Brie Cheese Strength 5,170g,£2.95,£17.36/kg,,Fresh & Chilled
574686,Rachel's Limited Edition Organic Greek Style Mixed Berries Yogurt,G,true,2861,https://ecom-su-static-prod.wtrecom.com/images/products/3/LN_574686_BP_3.jpg,https://www.waitrose.com/ecom/products/rachels-limited-edition-organic-greek-style-mixed-berries-yogurt/574686-810915-810916,Rachel's Limited Edition Organic Greek Style Mixed Berries Yogurt,450g,£2.00,44.4p/100g,save 80p. Was £2.80,Fresh & Chilled
781900,Taiko Smoked Salmon Dragon Rolls,G,true,2862,https://ecom-su-static-prod.wtrecom.com/images/products/3/LN_781900_BP_3.jpg,https://www.waitrose.com/ecom/products/taiko-smoked-salmon-dragon-rolls/781900-817126-817127,Taiko Smoked Salmon Dragon Rolls,179g,£4.75,£2.66/100g,"£5 Food to Go Meal Deal: Add 1 Main, 1 Snack and 1 Drink",Fresh & Chilled
562736,Britannia Beef Dripping,G,false,2863,https://ecom-su-static-prod.wtrecom.com/images/products/3/LN_562736_BP_3.jpg,https://www.waitrose.com/ecom/products/britannia-beef-dripping/562736-451650-451651,Britannia Beef Dripping,250g,£1.30,£5.20/kg,,Fresh & Chilled
822697,RE:NOURISH Calm Soup,G,true,2864,https://ecom-su-static-prod.wtrecom.com/images/products/3/LN_822697_BP_3.jpg,https://www.waitrose.com/ecom/products/re-nourish-calm-soup/822697-706675-706676,RE:NOURISH Calm Soup,500g,£2.65,53p/100g,save 55p. Was £3.20,Fresh & Chilled
817031,PlantLiving: Mediterranean Style Mini Rolls,G,true,2865,https://ecom-su-static-prod.wtrecom.com/images/products/3/LN_817031_BP_3.jpg,https://www.waitrose.com/ecom/products/plantliving-mediterranean-style-mini-rolls/817031-825255-825256,PlantLiving: Mediterranean Style Mini Rolls,180g,£3.00,£1.67/100g,Add 2 for £5.50,Fresh & Chilled
385123,Essential Roast Chicken & Mayo Sandwich,G,true,2866,https://ecom-su-static-prod.wtrecom.com/images/products/3/LN_385123_BP_3.jpg,https://www.waitrose.com/ecom/products/essential-roast-chicken-mayo-sandwich/385123-274039-274040,Essential Roast Chicken & Mayo Sandwich,each,£2.20,£2.20 each,"£5 Food to Go Meal Deal: Add 1 Main, 1 Snack and 1 Drink",Fresh & Chilled
489769,GOOD TO GO Flapjack,G,true,2867,https://ecom-su-static-prod.wtrecom.com/images/products/3/LN_489769_BP_3.jpg,https://www.waitrose.com/ecom/products/good-to-go-flapjack/489769-349090-349091,GOOD TO GO Flapjack,54g,£1.10,£2.04/100g,"£5 Food to Go Meal Deal: Add 1 Main, 1 Snack and 1 Drink",Fresh & Chilled
421223,"Innocent Kids Strawberries, Kiwis & Apples Fruit Super Smoothies",G,true,2868,https://ecom-su-static-prod.wtrecom.com/images/products/3/LN_421223_BP_3.jpg,https://www.waitrose.com/ecom/products/innocent-kids-strawberries-kiwis-apples-fruit-super-smoothies/421223-740982-740983,"Innocent Kids Strawberries, Kiwis & Apples Fruit Super Smoothies",4x150ml,£2.50,41.7p/100ml,save £1.80. Was £4.30,Fresh & Chilled
860996,Waitrose Mango & Watermelon Fingers,G,false,2869,https://ecom-su-static-prod.wtrecom.com/images/products/3/LN_860996_BP_3.jpg,https://www.waitrose.com/ecom/products/waitrose-mango-watermelon-fingers/860996-772502-772503,Waitrose Mango & Watermelon Fingers,300g,£3.50,£1.17/100g,,Fresh & Chilled
562067,Gü Free From Spanish Lemon Cheesecakes,G,true,2870,https://ecom-su-static-prod.wtrecom.com/images/products/3/LN_562067_BP_3.jpg,https://www.waitrose.com/ecom/products/gu-free-from-spanish-lemon-cheesecakes/562067-691572-691573,Gü Free From Spanish Lemon Cheesecakes,2x92g,£3.10,£1.69/100g,25% Off. Was £4.15,Fresh & Chilled
417259,Taiko Vegan Yasai Poke,G,true,2871,https://ecom-su-static-prod.wtrecom.com/images/products/3/LN_417259_BP_3.jpg,https://www.waitrose.com/ecom/products/taiko-vegan-yasai-poke/417259-771379-771380,Taiko Vegan Yasai Poke,354g,£4.20,£1.19/100g,20% Off. Was £5.25,Fresh & Chilled
783695,Clive's Nut Roast,G,false,2872,https://ecom-su-static-prod.wtrecom.com/images/products/3/LN_783695_BP_3.jpg,https://www.waitrose.com/ecom/products/clives-nut-roast/783695-665123-665124,Clive's Nut Roast,280g,£5.95,£21.25/kg,,Fresh & Chilled
964975,Grind Iced Oat Flat White Coffee,G,false,2873,https://ecom-su-static-prod.wtrecom.com/images/products/3/LN_964975_BP_3.jpg,https://www.waitrose.com/ecom/products/grind-iced-oat-flat-white-coffee/964975-826888-826889,Grind Iced Oat Flat White Coffee,250ml,£2.00,80p/100ml,,Fresh & Chilled
819320,Cooks' Ingredients Star Anise,G,true,2874,https://ecom-su-static-prod.wtrecom.com/images/products/3/LN_819320_BP_3.jpg,https://www.waitrose.com/ecom/products/cooks-ingredients-star-anise/819320-785176-785177,Cooks' Ingredients Star Anise,12g,£1.60,£1.34/10g,Add 2 for £2.75,Fresh & Chilled
849912,Waitrose Melon Chunks & Black Grape,G,false,2875,https://ecom-su-static-prod.wtrecom.com/images/products/3/LN_849912_BP_3.jpg,https://www.waitrose.com/ecom/products/waitrose-melon-chunks-black-grape/849912-804270-804271,Waitrose Melon Chunks & Black Grape,300g,£3.20,£1.07/100g,,Fresh & Chilled
490970,Quorn Vegan 2 Takeaway Crunchy Fillet Burgers,G,false,2876,https://ecom-su-static-prod.wtrecom.com/images/products/3/LN_490970_BP_3.jpg,https://www.waitrose.com/ecom/products/quorn-vegan-2-takeaway-crunchy-fillet-burgers/490970-770476-770477,Quorn Vegan 2 Takeaway Crunchy Fillet Burgers,190g,£3.15,£16.58/kg,,Fresh & Chilled
088111,Duchy Organic Plums,G,false,2877,https://ecom-su-static-prod.wtrecom.com/images/products/3/LN_088111_BP_3.jpg,https://www.waitrose.com/ecom/products/duchy-organic-plums/088111-45095-45096,Duchy Organic Plums,350g,£2.59,£7.40/kg,,Fresh & Chilled
848931,English Cheesecake Vanilla with Biscoff,G,true,2878,https://ecom-su-static-prod.wtrecom.com/images/products/3/LN_848931_BP_3.jpg,https://www.waitrose.com/ecom/products/english-cheesecake-vanilla-with-biscoff/848931-645328-645329,English Cheesecake Vanilla with Biscoff,214g,£2.95,£1.38/100g,25% Off. Was £3.95,Fresh & Chilled
882533,Quorn Cheese & Broccoli Escalopes,G,true,2879,https://ecom-su-static-prod.wtrecom.com/images/products/3/LN_882533_BP_3.jpg,https://www.waitrose.com/ecom/products/quorn-cheese-broccoli-escalopes/882533-817024-817025,Quorn Cheese & Broccoli Escalopes,240g,£2.20,£9.17/kg,20% Off. Was £2.75,Fresh & Chilled
804983,Charlie Bighams Chicken & Genovese Basil Pesto with Fusilli for 2,G,true,2880,https://ecom-su-static-prod.wtrecom.com/images/products/3/LN_804983_BP_3.jpg,https://www.waitrose.com/ecom/products/charlie-bighams-chicken-genovese-basil-pesto-with-fusilli-for-2/804983-823166-823167,Charlie Bighams Chicken & Genovese Basil Pesto with Fusilli for 2,584g,£8.50,£1.46/100g,save £1.00. Was £9.50,Fresh & Chilled
988412,"Waitrose Hake Fillets w Garlic, Chilli & Paprika Butter",G,true,2881,https://ecom-su-static-prod.wtrecom.com/images/products/3/LN_988412_BP_3.jpg,https://www.waitrose.com/ecom/products/waitrose-hake-fillets-w-garlic-chilli-paprika-butter/988412-826556-826557,"Waitrose Hake Fillets w Garlic, Chilli & Paprika Butter",256g,£4.80,,Introductory Offer.Will be £6.00,Fresh & Chilled
770314,Japan Menyu Vegan Sweet Potato Katsu Curry & Rice for 1,G,true,2882,https://ecom-su-static-prod.wtrecom.com/images/products/3/LN_770314_BP_3.jpg,https://www.waitrose.com/ecom/products/japan-menyu-vegan-sweet-potato-katsu-curry-rice-for-1/770314-811001-811002,Japan Menyu Vegan Sweet Potato Katsu Curry & Rice for 1,390g,£4.00,£1.03/100g,20% Off. Was £5.00,Fresh & Chilled
731632,Applewood Vegan Dairy Free Cheese Block,G,false,2883,https://ecom-su-static-prod.wtrecom.com/images/products/3/LN_731632_BP_3.jpg,https://www.waitrose.com/ecom/products/applewood-vegan-dairy-free-cheese-block/731632-723578-723579,Applewood Vegan Dairy Free Cheese Block,200g,£2.40,£12/kg,,Fresh & Chilled
646237,No.1 British Venison Haunch Steak,G,true,2884,https://ecom-su-static-prod.wtrecom.com/images/products/3/LN_646237_BP_3.jpg,https://www.waitrose.com/ecom/products/no1-british-venison-haunch-steak/646237-91716-91717,No.1 British Venison Haunch Steak,Typical weight 0.25kg,£6.56 each est.,£26.24/kg,25% Off. Was £8.75,Fresh & Chilled
624782,Waitrose Eat Flexi 6 Pork Sausages,G,true,2885,https://ecom-su-static-prod.wtrecom.com/images/products/3/LN_624782_BP_3.jpg,https://www.waitrose.com/ecom/products/waitrose-eat-flexi-6-pork-sausages/624782-791925-791926,Waitrose Eat Flexi 6 Pork Sausages,400g,£3.95,£9.88/kg,Add 2 for £5.75,Fresh & Chilled
883636,Linda McCartney's Vegan Shredded Hoisin Duck,G,false,2886,https://ecom-su-static-prod.wtrecom.com/images/products/3/LN_883636_BP_3.jpg,https://www.waitrose.com/ecom/products/linda-mccartneys-vegan-shredded-hoisin-duck/883636-539110-539111,Linda McCartney's Vegan Shredded Hoisin Duck,300g,£2.90,£9.67/kg,,Fresh & Chilled
735884,Plants By Deliciously Ella Pea & Mint Soup,G,false,2887,https://ecom-su-static-prod.wtrecom.com/images/products/3/LN_735884_BP_3.jpg,https://www.waitrose.com/ecom/products/plants-by-deliciously-ella-pea-mint-soup/735884-810550-810551,Plants By Deliciously Ella Pea & Mint Soup,600g,£3.30,55p/100g,,Fresh & Chilled
859757,Gressingham Whole Duck,G,false,2888,https://ecom-su-static-prod.wtrecom.com/images/products/3/LN_859757_BP_3.jpg,https://www.waitrose.com/ecom/products/gressingham-whole-duck/859757-790973-790974,Gressingham Whole Duck,1800g,£10.60,£5.89/kg,,Fresh & Chilled
014760,Evian Still Mineral Water,G,true,2889,https://ecom-su-static-prod.wtrecom.com/images/products/3/LN_014760_BP_3.jpg,https://www.waitrose.com/ecom/products/evian-still-mineral-water/014760-7086-7087,Evian Still Mineral Water,500ml,£1.10,22p/100ml,"£5 Food to Go Meal Deal: Add 1 Main, 1 Snack and 1 Drink",Fresh & Chilled
837997,Pollen + Grace Garden Vegetable Pie,G,false,2890,https://ecom-su-static-prod.wtrecom.com/images/products/3/LN_837997_BP_3.jpg,https://www.waitrose.com/ecom/products/pollen-grace-garden-vegetable-pie/837997-823174-823175,Pollen + Grace Garden Vegetable Pie,400g,£4.75,£1.19/100g,,Fresh & Chilled
805257,Higgidy 8 Sunblush Tomato & Cheddar Muffins,G,true,2891,https://ecom-su-static-prod.wtrecom.com/images/products/3/LN_805257_BP_3.jpg,https://www.waitrose.com/ecom/products/higgidy-8-sunblush-tomato-cheddar-muffins/805257-757475-757476,Higgidy 8 Sunblush Tomato & Cheddar Muffins,160g,£3.00,£1.88/100g,save £1.00. Was £4.00,Fresh & Chilled
829563,Alpro Barista Coconut Chilled Dairy Free Milk Alternative,G,false,2892,https://ecom-su-static-prod.wtrecom.com/images/products/3/LN_829563_BP_3.jpg,https://www.waitrose.com/ecom/products/alpro-barista-coconut-chilled-dairy-free-milk-alternative/829563-826872-826873,Alpro Barista Coconut Chilled Dairy Free Milk Alternative,750ml,£1.85,£2.47/litre,,Fresh & Chilled
518033,Shaken Udder Vanillalicious! Vanilla Milkshake Large,G,false,2893,https://ecom-su-static-prod.wtrecom.com/images/products/3/LN_518033_BP_3.jpg,https://www.waitrose.com/ecom/products/shaken-udder-vanillalicious-vanilla-milkshake-large/518033-586516-586517,Shaken Udder Vanillalicious! Vanilla Milkshake Large,750ml,£2.55,£3.40/litre,,Fresh & Chilled
888215,Leerdammer Original Grated Cheese,G,false,2894,https://ecom-su-static-prod.wtrecom.com/images/products/3/LN_888215_BP_3.jpg,https://www.waitrose.com/ecom/products/leerdammer-original-grated-cheese/888215-807681-807682,Leerdammer Original Grated Cheese,160g,£2.45,£15.32/kg,,Fresh & Chilled
520557,No. 1 Le Fleuret French Soft Goats Cheese Strength 5,G,false,2895,https://ecom-su-static-prod.wtrecom.com/images/products/3/LN_520557_BP_3.jpg,https://www.waitrose.com/ecom/products/no-1-le-fleuret-french-soft-goats-cheese-strength-5/520557-586520-586521,No. 1 Le Fleuret French Soft Goats Cheese Strength 5,150g,£6.15,£41/kg,,Fresh & Chilled
054036,No.1 Free Range Smoked English Gammon,G,false,2896,https://ecom-su-static-prod.wtrecom.com/images/products/3/LN_054036_BP_3.jpg,https://www.waitrose.com/ecom/products/no1-free-range-smoked-english-gammon/054036-27105-27106,No.1 Free Range Smoked English Gammon,Typical weight 0.99kg,£15.36 each est.,£15.50/kg,,Fresh & Chilled
605895,No.1 2 Outdoor Bred Pork Runny Scotch Eggs,G,true,2897,https://ecom-su-static-prod.wtrecom.com/images/products/3/LN_605895_BP_3.jpg,https://www.waitrose.com/ecom/products/no1-2-outdoor-bred-pork-runny-scotch-eggs/605895-827204-827205,No.1 2 Outdoor Bred Pork Runny Scotch Eggs,2x127g,£4.00,,Introductory Offer.Will be £5.00,Fresh & Chilled
731112,Oatly Oat Milk Chocolate Dairy Free Milk Alternative,G,false,2898,https://ecom-su-static-prod.wtrecom.com/images/products/3/LN_731112_BP_3.jpg,https://www.waitrose.com/ecom/products/oatly-oat-milk-chocolate-dairy-free-milk-alternative/731112-783126-783127,Oatly Oat Milk Chocolate Dairy Free Milk Alternative,250ml,90p,36p/100ml,,Fresh & Chilled
042420,Waitrose Indian Fish Curry for 2,G,false,2899,https://ecom-su-static-prod.wtrecom.com/images/products/3/LN_042420_BP_3.jpg,https://www.waitrose.com/ecom/products/waitrose-indian-fish-curry-for-2/042420-20992-20993,Waitrose Indian Fish Curry for 2,350g,£4.95,£14.15/kg,,Fresh & Chilled
445192,Waitrose Indian Makhani Dal,G,false,2900,https://ecom-su-static-prod.wtrecom.com/images/products/3/LN_445192_BP_3.jpg,https://www.waitrose.com/ecom/products/waitrose-indian-makhani-dal/445192-525384-525385,Waitrose Indian Makhani Dal,300g,£2.85,£9.50/kg,,Fresh & Chilled
825412,Waitrose 2 Mini Pork Pies,G,true,2901,https://ecom-su-static-prod.wtrecom.com/images/products/3/LN_825412_BP_3.jpg,https://www.waitrose.com/ecom/products/waitrose-2-mini-pork-pies/825412-779981-779982,Waitrose 2 Mini Pork Pies,2s,£1.60,80p each,"£5 Food to Go Meal Deal: Add 1 Main, 1 Snack and 1 Drink",Fresh & Chilled
811849,Deliciously Ella Gluten Free & Vegan Roasted Almond Bars,G,false,2902,https://ecom-su-static-prod.wtrecom.com/images/products/3/LN_811849_BP_3.jpg,https://www.waitrose.com/ecom/products/deliciously-ella-gluten-free-vegan-roasted-almond-bars/811849-791223-791224,Deliciously Ella Gluten Free & Vegan Roasted Almond Bars,3x40g,£3.00,£2.50/100g,,Fresh & Chilled
706666,No.1 Roasted Garlic Bread with Buffalo Mozzarella,G,false,2903,https://ecom-su-static-prod.wtrecom.com/images/products/3/LN_706666_BP_3.jpg,https://www.waitrose.com/ecom/products/no1-roasted-garlic-bread-with-buffalo-mozzarella/706666-805643-805644,No.1 Roasted Garlic Bread with Buffalo Mozzarella,230g,£3.50,£15.22/kg,,Fresh & Chilled
445064,Oykos Luxury Salted Caramel Greek Yogurt Dessert,G,false,2904,https://ecom-su-static-prod.wtrecom.com/images/products/3/LN_445064_BP_3.jpg,https://www.waitrose.com/ecom/products/oykos-luxury-salted-caramel-greek-yogurt-dessert/445064-755803-755804,Oykos Luxury Salted Caramel Greek Yogurt Dessert,4x110g,£2.20,50p/100g,,Fresh & Chilled
758701,Equinox Kombucha Ginger Organic Fruit Juice Can,G,true,2905,https://ecom-su-static-prod.wtrecom.com/images/products/3/LN_758701_BP_3.jpg,https://www.waitrose.com/ecom/products/equinox-kombucha-ginger-organic-fruit-juice-can/758701-719772-719773,Equinox Kombucha Ginger Organic Fruit Juice Can,250ml,£1.90,76p/100ml,"£5 Food to Go Meal Deal: Add 1 Main, 1 Snack and 1 Drink",Fresh & Chilled
810104,Higgidy 2 Ham Hock & Cheddar Sausage Rolls,G,true,2906,https://ecom-su-static-prod.wtrecom.com/images/products/3/LN_810104_BP_3.jpg,https://www.waitrose.com/ecom/products/higgidy-2-ham-hock-cheddar-sausage-rolls/810104-809026-809027,Higgidy 2 Ham Hock & Cheddar Sausage Rolls,54g,£1.60,£2.97/100g,"£5 Food to Go Meal Deal: Add 1 Main, 1 Snack and 1 Drink",Fresh & Chilled
705351,Equinox Kombucha Orange & Yuzu Organic Sparkling Juice Drink,G,false,2907,https://ecom-su-static-prod.wtrecom.com/images/products/3/LN_705351_BP_3.jpg,https://www.waitrose.com/ecom/products/equinox-kombucha-orange-yuzu-organic-sparkling-juice-drink/705351-813540-813541,Equinox Kombucha Orange & Yuzu Organic Sparkling Juice Drink,275ml,£2.20,80p/100ml,,Fresh & Chilled
475100,Levantine Table Spiced Chicken Pastries,G,false,2908,https://ecom-su-static-prod.wtrecom.com/images/products/3/LN_475100_BP_3.jpg,https://www.waitrose.com/ecom/products/levantine-table-spiced-chicken-pastries/475100-755639-755640,Levantine Table Spiced Chicken Pastries,100g,£3.90,£3.90/100g,,Fresh & Chilled
456303,Unearthed Stuffed Green Peppers,G,true,2909,https://ecom-su-static-prod.wtrecom.com/images/products/3/LN_456303_BP_3.jpg,https://www.waitrose.com/ecom/products/unearthed-stuffed-green-peppers/456303-824546-824547,Unearthed Stuffed Green Peppers,150g,£2.73,£1.82/100g,25% Off. Was £3.65,Fresh & Chilled
515513,Barebells Protein Milkshake Vanilla,G,false,2910,https://ecom-su-static-prod.wtrecom.com/images/products/3/LN_515513_BP_3.jpg,https://www.waitrose.com/ecom/products/barebells-protein-milkshake-vanilla/515513-785700-785701,Barebells Protein Milkshake Vanilla,330ml,£2.70,81.8p/100ml,,Fresh & Chilled
568231,Equinox Kombucha Peach & Strawberry Organic Fruit Juice,G,false,2911,https://ecom-su-static-prod.wtrecom.com/images/products/3/LN_568231_BP_3.jpg,https://www.waitrose.com/ecom/products/equinox-kombucha-peach-strawberry-organic-fruit-juice/568231-813516-813517,Equinox Kombucha Peach & Strawberry Organic Fruit Juice,275ml,£2.20,80p/100ml,,Fresh & Chilled
800089,Castello Tickler Mature Cheddar Cheese,G,true,2912,https://ecom-su-static-prod.wtrecom.com/images/products/3/LN_800089_BP_3.jpg,https://www.waitrose.com/ecom/products/castello-tickler-mature-cheddar-cheese/800089-459924-459925,Castello Tickler Mature Cheddar Cheese,300g,£3.56,£11.87/kg,25% Off. Was £4.75,Fresh & Chilled
696629,Waitrose Mozzarella & Basil Arancini,G,false,2913,https://ecom-su-static-prod.wtrecom.com/images/products/3/LN_696629_BP_3.jpg,https://www.waitrose.com/ecom/products/waitrose-mozzarella-basil-arancini/696629-793258-793259,Waitrose Mozzarella & Basil Arancini,300g,£4.25,£14.17/kg,,Fresh & Chilled
556076,Bespoke Foods Goose Fat,G,false,2914,https://ecom-su-static-prod.wtrecom.com/images/products/3/LN_556076_BP_3.jpg,https://www.waitrose.com/ecom/products/bespoke-foods-goose-fat/556076-312301-312302,Bespoke Foods Goose Fat,320g,£6.00,£18.75/kg,,Fresh & Chilled
573760,Original Biscuit Bakers Iced Gingerbread Alan the Avocado,G,false,2915,https://ecom-su-static-prod.wtrecom.com/images/products/3/LN_573760_BP_3.jpg,https://www.waitrose.com/ecom/products/original-biscuit-bakers-iced-gingerbread-alan-the-avocado/573760-691022-691023,Original Biscuit Bakers Iced Gingerbread Alan the Avocado,75g,£1.75,£2.34/100g,,Fresh & Chilled
759763,TRUEfoods Chilled Veal Jus,G,false,2916,https://ecom-su-static-prod.wtrecom.com/images/products/3/LN_759763_BP_3.jpg,https://www.waitrose.com/ecom/products/truefoods-chilled-veal-jus/759763-803076-803077,TRUEfoods Chilled Veal Jus,200g,£4.00,£2/100g,,Fresh & Chilled
498486,"Waitrose Ham Hock, Potato & Green Bean Salad",G,true,2917,https://ecom-su-static-prod.wtrecom.com/images/products/3/LN_498486_BP_3.jpg,https://www.waitrose.com/ecom/products/waitrose-ham-hock-potato-green-bean-salad/498486-825067-825068,"Waitrose Ham Hock, Potato & Green Bean Salad",315g,£4.30,£1.37/100g,"£5 Food to Go Meal Deal: Add 1 Main, 1 Snack and 1 Drink",Fresh & Chilled
792148,Waitrose Berry Smoothie Large,G,false,2918,https://ecom-su-static-prod.wtrecom.com/images/products/3/LN_792148_BP_3.jpg,https://www.waitrose.com/ecom/products/waitrose-berry-smoothie-large/792148-813550-813551,Waitrose Berry Smoothie Large,750ml,£2.00,26.7p/100ml,,Fresh & Chilled
818947,Oatly Oat Milk Long Life No Sugar Dairy Free Milk Alternative,G,false,2919,https://ecom-su-static-prod.wtrecom.com/images/products/3/LN_818947_BP_3.jpg,https://www.waitrose.com/ecom/products/oatly-oat-milk-long-life-no-sugar-dairy-free-milk-alternative/818947-805373-805374,Oatly Oat Milk Long Life No Sugar Dairy Free Milk Alternative,1litre,£2.10,£2.10/litre,,Fresh & Chilled
765576,Japan Menyū Fried Prawn Gyoza with Soy & Ginger Dip,G,true,2920,https://ecom-su-static-prod.wtrecom.com/images/products/3/LN_765576_BP_3.jpg,https://www.waitrose.com/ecom/products/japan-meny-fried-prawn-gyoza-with-soy-ginger-dip/765576-810999-811000,Japan Menyū Fried Prawn Gyoza with Soy & Ginger Dip,140g,£3.20,£2.29/100g,20% Off. Was £4.00,Fresh & Chilled
853318,Plants By Deliciously Ella Carrot & Butter Bean Soup,G,false,2921,https://ecom-su-static-prod.wtrecom.com/images/products/3/LN_853318_BP_3.jpg,https://www.waitrose.com/ecom/products/plants-by-deliciously-ella-carrot-butter-bean-soup/853318-807526-807527,Plants By Deliciously Ella Carrot & Butter Bean Soup,600g,£3.30,55p/100g,,Fresh & Chilled
486229,Taiko Duck Poke Bowl,G,true,2922,https://ecom-su-static-prod.wtrecom.com/images/products/3/LN_486229_BP_3.jpg,https://www.waitrose.com/ecom/products/taiko-duck-poke-bowl/486229-817093-817094,Taiko Duck Poke Bowl,288g,£4.75,£1.65/100g,"£5 Food to Go Meal Deal: Add 1 Main, 1 Snack and 1 Drink",Fresh & Chilled
842013,Waitrose Rainbow Fruit Salad,G,false,2923,https://ecom-su-static-prod.wtrecom.com/images/products/3/LN_842013_BP_3.jpg,https://www.waitrose.com/ecom/products/waitrose-rainbow-fruit-salad/842013-698180-698181,Waitrose Rainbow Fruit Salad,285g,£3.70,£1.30/100g,,Fresh & Chilled
862367,PlantLiving: Thai Green Style Curry for 1,G,false,2924,https://ecom-su-static-prod.wtrecom.com/images/products/3/LN_862367_BP_3.jpg,https://www.waitrose.com/ecom/products/plantliving-thai-green-style-curry-for-1/862367-762680-762681,PlantLiving: Thai Green Style Curry for 1,380g,£4.25,£11.19/kg,,Fresh & Chilled
808616,Waitrose Pastrami & Emmental Sandwich,G,true,2925,https://ecom-su-static-prod.wtrecom.com/images/products/3/LN_808616_BP_3.jpg,https://www.waitrose.com/ecom/products/waitrose-pastrami-emmental-sandwich/808616-809024-809025,Waitrose Pastrami & Emmental Sandwich,each,£4.50,£4.50 each,"£5 Food to Go Meal Deal: Add 1 Main, 1 Snack and 1 Drink",Fresh & Chilled
426028,Waitrose 2 British Venison Grillsteaks,G,false,2926,https://ecom-su-static-prod.wtrecom.com/images/products/3/LN_426028_BP_3.jpg,https://www.waitrose.com/ecom/products/waitrose-2-british-venison-grillsteaks/426028-702453-702454,Waitrose 2 British Venison Grillsteaks,300g,£4.20,£14/kg,,Fresh & Chilled
690939,"Cathedral City ""Our Strongest"" Vintage Mature Cheddar Cheese",G,false,2927,https://ecom-su-static-prod.wtrecom.com/images/products/3/LN_690939_BP_3.jpg,https://www.waitrose.com/ecom/products/cathedral-city-our-strongest-vintage-mature-cheddar-cheese/690939-715114-715115,"Cathedral City ""Our Strongest"" Vintage Mature Cheddar Cheese",300g,£4.25,£14.17/kg,,Fresh & Chilled
051018,Macsween Haggis,G,false,2928,https://ecom-su-static-prod.wtrecom.com/images/products/3/LN_051018_BP_3.jpg,https://www.waitrose.com/ecom/products/macsween-haggis/051018-25369-25370,Macsween Haggis,500g,£4.10,£8.20/kg,,Fresh & Chilled
486164,Waitrose Spanish Style Tapas Selection,G,true,2929,https://ecom-su-static-prod.wtrecom.com/images/products/3/LN_486164_BP_3.jpg,https://www.waitrose.com/ecom/products/waitrose-spanish-style-tapas-selection/486164-724852-724852,Waitrose Spanish Style Tapas Selection,180g,£3.37,£1.88/100g,25% Off. Was £4.50,Fresh & Chilled
774522,Yeo Valley Organic Cream of Tomato Soup,G,true,2930,https://ecom-su-static-prod.wtrecom.com/images/products/3/LN_774522_BP_3.jpg,https://www.waitrose.com/ecom/products/yeo-valley-organic-cream-of-tomato-soup/774522-810558-810559,Yeo Valley Organic Cream of Tomato Soup,400g,£1.90,47.5p/100g,save 35p. Was £2.25,Fresh & Chilled
048769,Elsinore Chilled Salmon Caviar,G,false,2931,https://ecom-su-static-prod.wtrecom.com/images/products/3/LN_048769_BP_3.jpg,https://www.waitrose.com/ecom/products/elsinore-chilled-salmon-caviar/048769-24262-24263,Elsinore Chilled Salmon Caviar,50g,£7.50,£15/100g,,Fresh & Chilled
467666,PlantLiving: Curried Vegetable Mini Rolls,G,true,2932,https://ecom-su-static-prod.wtrecom.com/images/products/3/LN_467666_BP_3.jpg,https://www.waitrose.com/ecom/products/plantliving-curried-vegetable-mini-rolls/467666-825053-825054,PlantLiving: Curried Vegetable Mini Rolls,180g,£3.00,£1.67/100g,Add 2 for £5.50,Fresh & Chilled
403283,Essential British Beef Medallion Steaks,G,false,2933,https://ecom-su-static-prod.wtrecom.com/images/products/3/LN_403283_BP_3.jpg,https://www.waitrose.com/ecom/products/essential-british-beef-medallion-steaks/403283-806221-806222,Essential British Beef Medallion Steaks,300g,£4.80,£16/kg,,Fresh & Chilled
834985,No. 1 Kirkham's Lancashire Cheese Strength 3,G,false,2934,https://ecom-su-static-prod.wtrecom.com/images/products/3/LN_834985_BP_3.jpg,https://www.waitrose.com/ecom/products/no-1-kirkhams-lancashire-cheese-strength-3/834985-629542-629543,No. 1 Kirkham's Lancashire Cheese Strength 3,Typical weight 0.2kg,£4.60 each est.,£23.00/kg,,Fresh & Chilled
684671,Bonne Maman Chocolate Crème Dessert,G,true,2935,https://ecom-su-static-prod.wtrecom.com/images/products/3/LN_684671_BP_3.jpg,https://www.waitrose.com/ecom/products/bonne-maman-chocolate-creme-dessert/684671-804704-804705,Bonne Maman Chocolate Crème Dessert,180g,£1.50,83.3p/100g,save £1.00. Was £2.50,Fresh & Chilled
868083,"Waitrose Pineapple, Banana & Coconut Smoothie Large",G,false,2936,https://ecom-su-static-prod.wtrecom.com/images/products/3/LN_868083_BP_3.jpg,https://www.waitrose.com/ecom/products/waitrose-pineapple-banana-coconut-smoothie-large/868083-813560-813561,"Waitrose Pineapple, Banana & Coconut Smoothie Large",750ml,£2.00,26.7p/100ml,,Fresh & Chilled
578490,Duchy Organic Mature Sliced Cheddar Cheese Strength 4,G,false,2937,https://ecom-su-static-prod.wtrecom.com/images/products/3/LN_578490_BP_3.jpg,https://www.waitrose.com/ecom/products/duchy-organic-mature-sliced-cheddar-cheese-strength-4/578490-756271-756272,Duchy Organic Mature Sliced Cheddar Cheese Strength 4,250g,£3.35,£13.40/kg,,Fresh & Chilled
880044,Philadelphia Light & Tasty Breadsticks & Dip Lunchbox Snack Cheese,G,false,2938,https://ecom-su-static-prod.wtrecom.com/images/products/3/LN_880044_BP_3.jpg,https://www.waitrose.com/ecom/products/philadelphia-light-tasty-breadsticks-dip-lunchbox-snack-cheese/880044-769597-769598,Philadelphia Light & Tasty Breadsticks & Dip Lunchbox Snack Cheese,3x42g,£2.10,£16.67/kg,,Fresh & Chilled
679748,Cooks' Ingredients Makrut Lime Leaves,G,false,2939,https://ecom-su-static-prod.wtrecom.com/images/products/3/LN_679748_BP_3.jpg,https://www.waitrose.com/ecom/products/cooks-ingredients-makrut-lime-leaves/679748-560801-560802,Cooks' Ingredients Makrut Lime Leaves,4s,£2.00,50p each,,Fresh & Chilled
857867,Waitrose Thai Red Chicken curry for 2,G,true,2940,https://ecom-su-static-prod.wtrecom.com/images/products/3/LN_857867_BP_3.jpg,https://www.waitrose.com/ecom/products/waitrose-thai-red-chicken-curry-for-2/857867-811049-811050,Waitrose Thai Red Chicken curry for 2,350g,£5.10,£1.46/100g,£12 South East & East Asian Meal Deal : Add 2 Mains & 2 Sides,Fresh & Chilled
751083,Rude Health Oat Milk Long Life No Sugar Organic Milk Alternative,G,false,2941,https://ecom-su-static-prod.wtrecom.com/images/products/3/LN_751083_BP_3.jpg,https://www.waitrose.com/ecom/products/rude-health-oat-milk-long-life-no-sugar-organic-milk-alternative/751083-805134-805135,Rude Health Oat Milk Long Life No Sugar Organic Milk Alternative,1litre,£2.20,22p/100ml,,Fresh & Chilled
805863,Vadasz Pineapple & Turmeric Sauerkraut,G,false,2942,https://ecom-su-static-prod.wtrecom.com/images/products/3/LN_805863_BP_3.jpg,https://www.waitrose.com/ecom/products/vadasz-pineapple-turmeric-sauerkraut/805863-795224-795225,Vadasz Pineapple & Turmeric Sauerkraut,400g,£4.75,£1.19/100g,,Fresh & Chilled
899387,Waitrose Slow Cooked Pork Belly,G,false,2943,https://ecom-su-static-prod.wtrecom.com/images/products/3/LN_899387_BP_3.jpg,https://www.waitrose.com/ecom/products/waitrose-slow-cooked-pork-belly/899387-666609-666610,Waitrose Slow Cooked Pork Belly,450g,£7.60,£16.89/kg,,Fresh & Chilled
750374,Pieminister Gluten Free Moo Pie,G,true,2944,https://ecom-su-static-prod.wtrecom.com/images/products/3/LN_750374_BP_3.jpg,https://www.waitrose.com/ecom/products/pieminister-gluten-free-moo-pie/750374-525920-525921,Pieminister Gluten Free Moo Pie,275g,£4.20,£1.53/100g,save £1.25. Was £5.45,Fresh & Chilled
636331,Artysán Chorizo Riojano IGP,G,false,2945,https://ecom-su-static-prod.wtrecom.com/images/products/3/LN_636331_BP_3.jpg,https://www.waitrose.com/ecom/products/artysan-chorizo-riojano-igp/636331-634922-634923,Artysán Chorizo Riojano IGP,225g,£5.20,£2.32/100g,,Fresh & Chilled
507403,"Unearthed Sage, Thyme & Rosemary Olives",G,false,2946,https://ecom-su-static-prod.wtrecom.com/images/products/3/LN_507403_BP_3.jpg,https://www.waitrose.com/ecom/products/unearthed-sage-thyme-rosemary-olives/507403-810146-810147,"Unearthed Sage, Thyme & Rosemary Olives",342g,£5.50,£1.61/100g,,Fresh & Chilled
512605,Waitrose Chicken In Szechuan Sauce for 2,G,true,2947,https://ecom-su-static-prod.wtrecom.com/images/products/3/LN_512605_BP_3.jpg,https://www.waitrose.com/ecom/products/waitrose-chicken-in-szechuan-sauce-for-2/512605-715076-715077,Waitrose Chicken In Szechuan Sauce for 2,350g,£5.10,£14.58/kg,£12 South East & East Asian Meal Deal : Add 2 Mains & 2 Sides,Fresh & Chilled
788555,Milky's Halum Halloumi Grilling Cheese,G,false,2948,https://ecom-su-static-prod.wtrecom.com/images/products/3/LN_788555_BP_3.jpg,https://www.waitrose.com/ecom/products/milkys-halum-halloumi-grilling-cheese/788555-268208-268209,Milky's Halum Halloumi Grilling Cheese,250g,£3.00,£12/kg,,Fresh & Chilled
459915,Shaken Udder Double Chocolate Milkshake,G,true,2949,https://ecom-su-static-prod.wtrecom.com/images/products/3/LN_459915_BP_3.jpg,https://www.waitrose.com/ecom/products/shaken-udder-double-chocolate-milkshake/459915-825043-825044,Shaken Udder Double Chocolate Milkshake,330ml,£1.70,£5.16/litre,"£5 Food to Go Meal Deal: Add 1 Main, 1 Snack and 1 Drink",Fresh & Chilled
589488,PlantLiving: Falafel & Coriander Houmous Wrap,G,true,2950,https://ecom-su-static-prod.wtrecom.com/images/products/3/LN_589488_BP_3.jpg,https://www.waitrose.com/ecom/products/plantliving-falafel-coriander-houmous-wrap/589488-791725-791726,PlantLiving: Falafel & Coriander Houmous Wrap,each,£3.65,£3.65 each,"£5 Food to Go Meal Deal: Add 1 Main, 1 Snack and 1 Drink",Fresh & Chilled
559640,Cornish Sea Salt Co. Salt & Peppery,G,false,2951,https://ecom-su-static-prod.wtrecom.com/images/products/3/LN_559640_BP_3.jpg,https://www.waitrose.com/ecom/products/cornish-sea-salt-co-salt-peppery/559640-758508-758509,Cornish Sea Salt Co. Salt & Peppery,60g,£1.95,£32.50/kg,,Fresh & Chilled
862982,Waitrose Indian Chicken Balti for 2,G,false,2952,https://ecom-su-static-prod.wtrecom.com/images/products/3/LN_862982_BP_3.jpg,https://www.waitrose.com/ecom/products/waitrose-indian-chicken-balti-for-2/862982-672065-672066,Waitrose Indian Chicken Balti for 2,350g,£4.95,£14.15/kg,,Fresh & Chilled
691115,Waitrose Taleggio DOP Italian Soft Cheese Strength 4,G,true,2953,https://ecom-su-static-prod.wtrecom.com/images/products/3/LN_691115_BP_3.jpg,https://www.waitrose.com/ecom/products/waitrose-taleggio-dop-italian-soft-cheese-strength-4/691115-704239-704240,Waitrose Taleggio DOP Italian Soft Cheese Strength 4,200g,£4.00,£20/kg,Buyers Choice,Fresh & Chilled
567152,Waitrose Parmigiano Reggiano Authentic Cut Parmesan Cheese,G,false,2954,https://ecom-su-static-prod.wtrecom.com/images/products/3/LN_567152_BP_3.jpg,https://www.waitrose.com/ecom/products/waitrose-parmigiano-reggiano-authentic-cut-parmesan-cheese/567152-274795-274796,Waitrose Parmigiano Reggiano Authentic Cut Parmesan Cheese,Typical weight 182g,£4.69 each est.,£25.75/kg,,Fresh & Chilled
849099,Finnebrogue 6 Irish Pork Sausages,G,false,2955,https://ecom-su-static-prod.wtrecom.com/images/products/3/LN_849099_BP_3.jpg,https://www.waitrose.com/ecom/products/finnebrogue-6-irish-pork-sausages/849099-812687-812688,Finnebrogue 6 Irish Pork Sausages,400g,£3.75,£9.38/kg,,Fresh & Chilled
645638,Deliciously Ella Gluten Free & Vegan Almond Bites,G,true,2956,https://ecom-su-static-prod.wtrecom.com/images/products/3/LN_645638_BP_3.jpg,https://www.waitrose.com/ecom/products/deliciously-ella-gluten-free-vegan-almond-bites/645638-798740-798741,Deliciously Ella Gluten Free & Vegan Almond Bites,36g,£1.00,£2.78/100g,save 85p. Was £1.85,Fresh & Chilled
885203,Le Rustique Deliciously Creamy Camembert Lunchbox Snack Cheese,G,false,2957,https://ecom-su-static-prod.wtrecom.com/images/products/3/LN_885203_BP_3.jpg,https://www.waitrose.com/ecom/products/le-rustique-deliciously-creamy-camembert-lunchbox-snack-cheese/885203-692248-692249,Le Rustique Deliciously Creamy Camembert Lunchbox Snack Cheese,5x30g,£2.40,£16/kg,,Fresh & Chilled
407125,Tom Parker Banana Fudge Milk,G,false,2958,https://ecom-su-static-prod.wtrecom.com/images/products/3/LN_407125_BP_3.jpg,https://www.waitrose.com/ecom/products/tom-parker-banana-fudge-milk/407125-826514-826515,Tom Parker Banana Fudge Milk,500ml,£2.40,£4.80/litre,,Fresh & Chilled
889521,Waitrose Piri Piri Chicken Wrap,G,true,2959,https://ecom-su-static-prod.wtrecom.com/images/products/3/LN_889521_BP_3.jpg,https://www.waitrose.com/ecom/products/waitrose-piri-piri-chicken-wrap/889521-702128-702129,Waitrose Piri Piri Chicken Wrap,each,£3.90,£3.90 each,"£5 Food to Go Meal Deal: Add 1 Main, 1 Snack and 1 Drink",Fresh & Chilled
426866,No.1 British Beef Fillet Steak Medallions,G,false,2960,https://ecom-su-static-prod.wtrecom.com/images/products/3/LN_426866_BP_3.jpg,https://www.waitrose.com/ecom/products/no1-british-beef-fillet-steak-medallions/426866-816308-816309,No.1 British Beef Fillet Steak Medallions,Typical weight 0.4kg,£19.98 each est.,£49.95/kg,,Fresh & Chilled
422637,Cocos Mango & Passionfruit Organic Coconut Kefir Drink,G,true,2961,https://ecom-su-static-prod.wtrecom.com/images/products/3/LN_422637_BP_3.jpg,https://www.waitrose.com/ecom/products/cocos-mango-passionfruit-organic-coconut-kefir-drink/422637-800952-800953,Cocos Mango & Passionfruit Organic Coconut Kefir Drink,200ml,£2.24,£1.12/100ml,20% Off. Was £2.80,Fresh & Chilled
458410,Waitrose Egg & Potato Salad,G,true,2962,https://ecom-su-static-prod.wtrecom.com/images/products/3/LN_458410_BP_3.jpg,https://www.waitrose.com/ecom/products/waitrose-egg-potato-salad/458410-825039-825040,Waitrose Egg & Potato Salad,300g,£4.30,£1.44/100g,"£5 Food to Go Meal Deal: Add 1 Main, 1 Snack and 1 Drink",Fresh & Chilled
430558,The Collective Peach & Raspberry Yoghurt Pouch,G,true,2963,https://ecom-su-static-prod.wtrecom.com/images/products/3/LN_430558_BP_3.jpg,https://www.waitrose.com/ecom/products/the-collective-peach-raspberry-yoghurt-pouch/430558-817085-817086,The Collective Peach & Raspberry Yoghurt Pouch,119g,£1.30,£1.10/100g,"£5 Food to Go Meal Deal: Add 1 Main, 1 Snack and 1 Drink",Fresh & Chilled
044000,Duchy Organic Free Range British Pork Loin Steaks,G,false,2964,https://ecom-su-static-prod.wtrecom.com/images/products/3/LN_044000_BP_3.jpg,https://www.waitrose.com/ecom/products/duchy-organic-free-range-british-pork-loin-steaks/044000-21685-21686,Duchy Organic Free Range British Pork Loin Steaks,Typical weight 0.4kg,£6.90 each est.,£17.25/kg,,Fresh & Chilled
479990,Cooks' Ingredients Nigella Seeds,G,false,2965,https://ecom-su-static-prod.wtrecom.com/images/products/3/LN_479990_BP_3.jpg,https://www.waitrose.com/ecom/products/cooks-ingredients-nigella-seeds/479990-784852-784853,Cooks' Ingredients Nigella Seeds,45g,£1.60,35.6p/10g,,Fresh & Chilled
861720,"Yeo Valley Organic Leek, Potato & Cheddar Soup",G,true,2966,https://ecom-su-static-prod.wtrecom.com/images/products/3/LN_861720_BP_3.jpg,https://www.waitrose.com/ecom/products/yeo-valley-organic-leek-potato-cheddar-soup/861720-810580-810581,"Yeo Valley Organic Leek, Potato & Cheddar Soup",400g,£1.90,47.5p/100g,save 35p. Was £2.25,Fresh & Chilled
575771,"Innocent Kids Mangoes, Peaches, Apricots & Apples Fruit Super Smoothies",G,true,2967,https://ecom-su-static-prod.wtrecom.com/images/products/3/LN_575771_BP_3.jpg,https://www.waitrose.com/ecom/products/innocent-kids-mangoes-peaches-apricots-apples-fruit-super-smoothies/575771-741160-741161,"Innocent Kids Mangoes, Peaches, Apricots & Apples Fruit Super Smoothies",4x150ml,£2.50,41.7p/100ml,save £1.80. Was £4.30,Fresh & Chilled
808059,PlantLiving: Spinach Ravioli,G,false,2968,https://ecom-su-static-prod.wtrecom.com/images/products/3/LN_808059_BP_3.jpg,https://www.waitrose.com/ecom/products/plantliving-spinach-ravioli/808059-794600-794601,PlantLiving: Spinach Ravioli,250g,£3.40,£13.60/kg,,Fresh & Chilled
616212,"Innocent Kids Oranges, Mangoes & Pineapples Fruit Smoothies",G,true,2969,https://ecom-su-static-prod.wtrecom.com/images/products/3/LN_616212_BP_3.jpg,https://www.waitrose.com/ecom/products/innocent-kids-oranges-mangoes-pineapples-fruit-smoothies/616212-729718-729719,"Innocent Kids Oranges, Mangoes & Pineapples Fruit Smoothies",10x150ml,£5.50,36.7p/100ml,save £1.85. Was £7.35,Fresh & Chilled
855250,Sweet Freedom Choc Shot Liquid Chocolate,G,true,2970,https://ecom-su-static-prod.wtrecom.com/images/products/3/LN_855250_BP_3.jpg,https://www.waitrose.com/ecom/products/sweet-freedom-choc-shot-liquid-chocolate/855250-302455-302456,Sweet Freedom Choc Shot Liquid Chocolate,320g,£3.20,£1/100g,save 50p. Was £3.70,Fresh & Chilled
587368,No.1 Lamb Barnsley Chop,G,false,2971,https://ecom-su-static-prod.wtrecom.com/images/products/3/LN_587368_BP_3.jpg,https://www.waitrose.com/ecom/products/no1-lamb-barnsley-chop/587368-702829-702830,No.1 Lamb Barnsley Chop,Typical weight 0.22kg,£5.72 each est.,£26.00/kg,,Fresh & Chilled
698542,La Vie Plant-Based Smoked Ham,G,false,2972,https://ecom-su-static-prod.wtrecom.com/images/products/3/LN_698542_BP_3.jpg,https://www.waitrose.com/ecom/products/la-vie-plant-based-smoked-ham/698542-825187-825188,La Vie Plant-Based Smoked Ham,100g,£3.00,£3/100g,,Fresh & Chilled
696746,Natoora Pink Bull's Heart Tomatoes,G,false,2973,https://ecom-su-static-prod.wtrecom.com/images/products/3/LN_696746_BP_3.jpg,https://www.waitrose.com/ecom/products/natoora-pink-bulls-heart-tomatoes/696746-666457-666458,Natoora Pink Bull's Heart Tomatoes,350g,£4.25,£12.15/kg,,Fresh & Chilled
441416,Waitrose Slow Cooked Turkey With Gravy,G,false,2974,https://ecom-su-static-prod.wtrecom.com/images/products/3/LN_441416_BP_3.jpg,https://www.waitrose.com/ecom/products/waitrose-slow-cooked-turkey-with-gravy/441416-666319-666320,Waitrose Slow Cooked Turkey With Gravy,495g,£7.00,£14.15/kg,,Fresh & Chilled
875417,Mockingbird Raw Press Raw Defense Virgin Smoothie Large,G,true,2975,https://ecom-su-static-prod.wtrecom.com/images/products/3/LN_875417_BP_3.jpg,https://www.waitrose.com/ecom/products/mockingbird-raw-press-raw-defense-virgin-smoothie-large/875417-741528-741529,Mockingbird Raw Press Raw Defense Virgin Smoothie Large,750ml,£3.16,42.1p/100ml,Save 1/3. Was £4.75,Fresh & Chilled
588534,Moju Gut Health Cold Pressed Raspberry Prebiotic Fruit Juice Shots Dosing Bottle,G,false,2976,https://ecom-su-static-prod.wtrecom.com/images/products/3/LN_588534_BP_3.jpg,https://www.waitrose.com/ecom/products/moju-gut-health-cold-pressed-raspberry-prebiotic-fruit-juice-shots-dosing-bottle/588534-752457-752458,Moju Gut Health Cold Pressed Raspberry Prebiotic Fruit Juice Shots Dosing Bottle,420ml,£6.25,£1.49/100ml,,Fresh & Chilled
604279,Japan Menyu Chicken Yaki Udon Noodles for 1,G,true,2977,https://ecom-su-static-prod.wtrecom.com/images/products/3/LN_604279_BP_3.jpg,https://www.waitrose.com/ecom/products/japan-menyu-chicken-yaki-udon-noodles-for-1/604279-810923-810924,Japan Menyu Chicken Yaki Udon Noodles for 1,375g,£4.60,£1.23/100g,20% Off. Was £5.75,Fresh & Chilled
575939,Violife Cheddarton Dairy Free Cheese Block,G,false,2978,https://ecom-su-static-prod.wtrecom.com/images/products/3/LN_575939_BP_3.jpg,https://www.waitrose.com/ecom/products/violife-cheddarton-dairy-free-cheese-block/575939-807657-807658,Violife Cheddarton Dairy Free Cheese Block,200g,£2.90,£14.50/kg,,Fresh & Chilled
446769,Taiko MSC California Rolls Selection,G,true,2979,https://ecom-su-static-prod.wtrecom.com/images/products/3/LN_446769_BP_3.jpg,https://www.waitrose.com/ecom/products/taiko-msc-california-rolls-selection/446769-791707-791708,Taiko MSC California Rolls Selection,167g,£4.40,£2.64/100g,"£5 Food to Go Meal Deal: Add 1 Main, 1 Snack and 1 Drink",Fresh & Chilled
736213,Chavroux Goats Cheese with Chives,G,true,2980,https://ecom-su-static-prod.wtrecom.com/images/products/3/LN_736213_BP_3.jpg,https://www.waitrose.com/ecom/products/chavroux-goats-cheese-with-chives/736213-807669-807670,Chavroux Goats Cheese with Chives,150g,£2.06,£13.74/kg,25% Off. Was £2.75,Fresh & Chilled
740379,The Jolly Hog Black Treacle Smoked Streaky Bacon Rashers,G,true,2981,https://ecom-su-static-prod.wtrecom.com/images/products/3/LN_740379_BP_3.jpg,https://www.waitrose.com/ecom/products/the-jolly-hog-black-treacle-smoked-streaky-bacon-rashers/740379-812655-812656,The Jolly Hog Black Treacle Smoked Streaky Bacon Rashers,180g,£3.95,£21.95/kg,Add 2 for £7,Fresh & Chilled
893657,Waitrose Prawn Layered Salad,G,true,2982,https://ecom-su-static-prod.wtrecom.com/images/products/3/LN_893657_BP_3.jpg,https://www.waitrose.com/ecom/products/waitrose-prawn-layered-salad/893657-825313-825314,Waitrose Prawn Layered Salad,220g,£3.10,£1.41/100g,"£5 Food to Go Meal Deal: Add 1 Main, 1 Snack and 1 Drink",Fresh & Chilled
880338,No. 1 Fior Delle Alpi Swiss Cheese Strength 6,G,false,2983,https://ecom-su-static-prod.wtrecom.com/images/products/3/LN_880338_BP_3.jpg,https://www.waitrose.com/ecom/products/no-1-fior-delle-alpi-swiss-cheese-strength-6/880338-665245-665246,No. 1 Fior Delle Alpi Swiss Cheese Strength 6,170g,£4.00,£23.53/kg,,Fresh & Chilled
558930,Waitrose Scottish Salmon Fillets & Miso Glaze,G,false,2984,https://ecom-su-static-prod.wtrecom.com/images/products/3/LN_558930_BP_3.jpg,https://www.waitrose.com/ecom/products/waitrose-scottish-salmon-fillets-miso-glaze/558930-762650-762651,Waitrose Scottish Salmon Fillets & Miso Glaze,260g,£7.75,£29.81/kg,,Fresh & Chilled
806281,Easy To Cook Pork Joint with Apple Stuffing,G,false,2985,https://ecom-su-static-prod.wtrecom.com/images/products/3/LN_806281_BP_3.jpg,https://www.waitrose.com/ecom/products/easy-to-cook-pork-joint-with-apple-stuffing/806281-779092-779093,Easy To Cook Pork Joint with Apple Stuffing,400g,£7.50,£18.75/kg,,Fresh & Chilled
426693,La Famiglia Rana Spinach & Mozzarella Gnocchi,G,true,2986,https://ecom-su-static-prod.wtrecom.com/images/products/3/LN_426693_BP_3.jpg,https://www.waitrose.com/ecom/products/la-famiglia-rana-spinach-mozzarella-gnocchi/426693-813860-813861,La Famiglia Rana Spinach & Mozzarella Gnocchi,280g,£2.40,£8.58/kg,20% Off. Was £3.00,Fresh & Chilled
954713,Charlie Bighams Cauliflower & Paneer Curry with Pilau Rice,G,false,2987,https://ecom-su-static-prod.wtrecom.com/images/products/3/LN_954713_BP_3.jpg,https://www.waitrose.com/ecom/products/charlie-bighams-cauliflower-paneer-curry-with-pilau-rice/954713-825371-825372,Charlie Bighams Cauliflower & Paneer Curry with Pilau Rice,830g,£8.50,£1.03/100g,,Fresh & Chilled
845202,Plenish Oat Milk Long Life Unsweetened Organic Milk Alternative,G,true,2988,https://ecom-su-static-prod.wtrecom.com/images/products/3/LN_845202_BP_3.jpg,https://www.waitrose.com/ecom/products/plenish-oat-milk-long-life-unsweetened-organic-milk-alternative/845202-815570-815571,Plenish Oat Milk Long Life Unsweetened Organic Milk Alternative,1litre,£1.75,£1.75/litre,save 60p. Was £2.35,Fresh & Chilled
582329,Taiko Salmon Futomaki Selection,G,true,2989,https://ecom-su-static-prod.wtrecom.com/images/products/3/LN_582329_BP_3.jpg,https://www.waitrose.com/ecom/products/taiko-salmon-futomaki-selection/582329-813880-813881,Taiko Salmon Futomaki Selection,202g,£4.40,£2.18/100g,"£5 Food to Go Meal Deal: Add 1 Main, 1 Snack and 1 Drink",Fresh & Chilled
643916,Waitrose Minted Baby Potatoes with Peas,G,false,2990,https://ecom-su-static-prod.wtrecom.com/images/products/3/LN_643916_BP_3.jpg,https://www.waitrose.com/ecom/products/waitrose-minted-baby-potatoes-with-peas/643916-810532-810533,Waitrose Minted Baby Potatoes with Peas,340g,£2.40,,,Fresh & Chilled
798288,No.1 'Nduja Pesto,G,false,2991,https://ecom-su-static-prod.wtrecom.com/images/products/3/LN_798288_BP_3.jpg,https://www.waitrose.com/ecom/products/no1-nduja-pesto/798288-793280-793281,No.1 'Nduja Pesto,145g,£3.60,£2.49/100g,,Fresh & Chilled
006047,Lurpak Lighter Slightly Salted Spreadable Butter with Rapeseed Oil,G,false,2992,https://ecom-su-static-prod.wtrecom.com/images/products/3/LN_006047_BP_3.jpg,https://www.waitrose.com/ecom/products/lurpak-lighter-slightly-salted-spreadable-butter-with-rapeseed-oil/006047-2638-2639,Lurpak Lighter Slightly Salted Spreadable Butter with Rapeseed Oil,250g,£2.50,£10/kg,,Fresh & Chilled
505083,Natoora Italian Yellow peaches,G,false,2993,https://ecom-su-static-prod.wtrecom.com/images/products/3/LN_505083_BP_3.jpg,https://www.waitrose.com/ecom/products/natoora-italian-yellow-peaches/505083-668706-668707,Natoora Italian Yellow peaches,2s,£4.25,£2.13 each,,Fresh & Chilled
444806,Waitrose Lamb Shanks with Redcurrant Sauce,G,false,2994,https://ecom-su-static-prod.wtrecom.com/images/products/3/LN_444806_BP_3.jpg,https://www.waitrose.com/ecom/products/waitrose-lamb-shanks-with-redcurrant-sauce/444806-736473-736474,Waitrose Lamb Shanks with Redcurrant Sauce,800g,£10.00,£12.50/kg,,Fresh & Chilled
604645,Japan Menyū 6 Mushroom Gyoza with Soy & Ginger Dip,G,true,2995,https://ecom-su-static-prod.wtrecom.com/images/products/3/LN_604645_BP_3.jpg,https://www.waitrose.com/ecom/products/japan-meny-6-mushroom-gyoza-with-soy-ginger-dip/604645-810925-810926,Japan Menyū 6 Mushroom Gyoza with Soy & Ginger Dip,140g,£3.00,£2.15/100g,20% Off. Was £3.75,Fresh & Chilled
460474,Alpro My Cuppa Soya Chilled Dairy Free Milk Alternative,G,false,2996,https://ecom-su-static-prod.wtrecom.com/images/products/3/LN_460474_BP_3.jpg,https://www.waitrose.com/ecom/products/alpro-my-cuppa-soya-chilled-dairy-free-milk-alternative/460474-741030-741031,Alpro My Cuppa Soya Chilled Dairy Free Milk Alternative,750ml,£2.00,£2.67/litre,,Fresh & Chilled
893980,Dr Pepper Zero Bottle,G,true,2997,https://ecom-su-static-prod.wtrecom.com/images/products/3/LN_893980_BP_3.jpg,https://www.waitrose.com/ecom/products/dr-pepper-zero-bottle/893980-744172-744173,Dr Pepper Zero Bottle,500ml,£1.75,35p/100ml,"£5 Food to Go Meal Deal: Add 1 Main, 1 Snack and 1 Drink",Fresh & Chilled
860984,Sharwood's Garlic & Coriander Naans,G,false,2998,https://ecom-su-static-prod.wtrecom.com/images/products/3/LN_860984_BP_3.jpg,https://www.waitrose.com/ecom/products/sharwoods-garlic-coriander-naans/860984-703583-703584,Sharwood's Garlic & Coriander Naans,2s,£2.00,£1 each,,Fresh & Chilled
415516,The Real Yorkshire Pudding Co 4 GF Puddings,G,false,2999,https://ecom-su-static-prod.wtrecom.com/images/products/3/LN_415516_BP_3.jpg,https://www.waitrose.com/ecom/products/the-real-yorkshire-pudding-co-4-gf-puddings/415516-675429-675430,The Real Yorkshire Pudding Co 4 GF Puddings,160g,£2.60,£1.63/100g,,Fresh & Chilled
436613,Waitrose Seedless Vitoria Grapes,G,false,3000,https://ecom-su-static-prod.wtrecom.com/images/products/3/LN_436613_BP_3.jpg,https://www.waitrose.com/ecom/products/waitrose-seedless-vitoria-grapes/436613-512614-512615,Waitrose Seedless Vitoria Grapes,400g,£3.00,£7.50/kg,,Fresh & Chilled
836392,"Easy to Cook Pork, Apple & Cider Vol-au-Vents",G,true,3001,https://ecom-su-static-prod.wtrecom.com/images/products/3/LN_836392_BP_3.jpg,https://www.waitrose.com/ecom/products/easy-to-cook-pork-apple-cider-vol-au-vents/836392-740863-740864,"Easy to Cook Pork, Apple & Cider Vol-au-Vents",226g,£5.00,£2.22/100g,Add 3 for £12,Fresh & Chilled
797127,Waitrose Fresh Macaroni,G,false,3002,https://ecom-su-static-prod.wtrecom.com/images/products/3/LN_797127_BP_3.jpg,https://www.waitrose.com/ecom/products/waitrose-fresh-macaroni/797127-793278-793279,Waitrose Fresh Macaroni,500g,£2.30,46p/100g,,Fresh & Chilled
846897,The Collective Banana Butterscotch Live Yogurt,G,true,3003,https://ecom-su-static-prod.wtrecom.com/images/products/3/LN_846897_BP_3.jpg,https://www.waitrose.com/ecom/products/the-collective-banana-butterscotch-live-yogurt/846897-807071-807072,The Collective Banana Butterscotch Live Yogurt,425g,£2.00,47.1p/100g,save £1.10. Was £3.10,Fresh & Chilled
810433,Charlie Bigham's Tandoori Chicken for 2,G,false,3004,https://ecom-su-static-prod.wtrecom.com/images/products/3/LN_810433_BP_3.jpg,https://www.waitrose.com/ecom/products/charlie-bighams-tandoori-chicken-for-2/810433-812673-812674,Charlie Bigham's Tandoori Chicken for 2,640g,£9.95,£1.56/100g,,Fresh & Chilled
846995,innocent Pure Apple Fruit Juice Family Size,G,false,3005,https://ecom-su-static-prod.wtrecom.com/images/products/3/LN_846995_BP_3.jpg,https://www.waitrose.com/ecom/products/innocent-pure-apple-fruit-juice-family-size/846995-790967-790968,innocent Pure Apple Fruit Juice Family Size,1750ml,£4.85,27.7p/100ml,,Fresh & Chilled
776859,Yorkshire Provender Butternut & Ginger Soup,G,false,3006,https://ecom-su-static-prod.wtrecom.com/images/products/3/LN_776859_BP_3.jpg,https://www.waitrose.com/ecom/products/yorkshire-provender-butternut-ginger-soup/776859-810560-810561,Yorkshire Provender Butternut & Ginger Soup,400g,£2.65,66.3p/100g,,Fresh & Chilled
720939,Quorn Vegetarian Chicken Slices,G,false,3007,https://ecom-su-static-prod.wtrecom.com/images/products/3/LN_720939_BP_3.jpg,https://www.waitrose.com/ecom/products/quorn-vegetarian-chicken-slices/720939-810971-810972,Quorn Vegetarian Chicken Slices,170g,£2.49,£1.47/100g,,Fresh & Chilled
845406,Pizza Express Classic Dough Balls & Garlic Butter Dip,G,true,3008,https://ecom-su-static-prod.wtrecom.com/images/products/3/LN_845406_BP_3.jpg,https://www.waitrose.com/ecom/products/pizza-express-classic-dough-balls-garlic-butter-dip/845406-813908-813908,Pizza Express Classic Dough Balls & Garlic Butter Dip,95g,£1.72,£1.82/100g,25% Off. Was £2.30,Fresh & Chilled
775149,Emmi Original Fondu Cheese,G,false,3009,https://ecom-su-static-prod.wtrecom.com/images/products/3/LN_775149_BP_3.jpg,https://www.waitrose.com/ecom/products/emmi-original-fondu-cheese/775149-110247-110248,Emmi Original Fondu Cheese,400g,£4.25,£10.63/kg,,Fresh & Chilled
668108,Innocent Plus Bolt From the Blue Guava & Lime High Vitamin Fruit Juice Large,G,true,3010,https://ecom-su-static-prod.wtrecom.com/images/products/3/LN_668108_BP_3.jpg,https://www.waitrose.com/ecom/products/innocent-plus-bolt-from-the-blue-guava-lime-high-vitamin-fruit-juice-large/668108-693454-693455,Innocent Plus Bolt From the Blue Guava & Lime High Vitamin Fruit Juice Large,750ml,£2.00,26.7p/100ml,Half Price. Was £4.00,Fresh & Chilled
656611,Waitrose Three Cheese Bake Strength 3,G,false,3011,https://ecom-su-static-prod.wtrecom.com/images/products/3/LN_656611_BP_3.jpg,https://www.waitrose.com/ecom/products/waitrose-three-cheese-bake-strength-3/656611-681530-681531,Waitrose Three Cheese Bake Strength 3,150g,£4.00,£26.67/kg,,Fresh & Chilled
556575,KIND Gluten Free Maple Pecan Almond Bars,G,true,3012,https://ecom-su-static-prod.wtrecom.com/images/products/3/LN_556575_BP_3.jpg,https://www.waitrose.com/ecom/products/kind-gluten-free-maple-pecan-almond-bars/556575-791091-791092,KIND Gluten Free Maple Pecan Almond Bars,3x30g,£2.00,£2.23/100g,save £1.15. Was £3.15,Fresh & Chilled
690868,Potts' Beef Stock,G,false,3013,https://ecom-su-static-prod.wtrecom.com/images/products/3/LN_690868_BP_3.jpg,https://www.waitrose.com/ecom/products/potts-beef-stock/690868-815616-815617,Potts' Beef Stock,500ml,£2.30,46p/100ml,,Fresh & Chilled
831145,Waitrose Cooked Flamegrilled Chicken Pieces,G,true,3014,https://ecom-su-static-prod.wtrecom.com/images/products/3/LN_831145_BP_3.jpg,https://www.waitrose.com/ecom/products/waitrose-cooked-flamegrilled-chicken-pieces/831145-817140-817141,Waitrose Cooked Flamegrilled Chicken Pieces,80g,£2.50,£3.13/100g,"£5 Food to Go Meal Deal: Add 1 Main, 1 Snack and 1 Drink",Fresh & Chilled
415511,Mockingbird Raw Press Raw Boost Virgin Smoothie Large,G,true,3015,https://ecom-su-static-prod.wtrecom.com/images/products/3/LN_415511_BP_3.jpg,https://www.waitrose.com/ecom/products/mockingbird-raw-press-raw-boost-virgin-smoothie-large/415511-740974-740975,Mockingbird Raw Press Raw Boost Virgin Smoothie Large,750ml,£3.16,42.1p/100ml,Save 1/3. Was £4.75,Fresh & Chilled
837660,I Can't Believe It's Not Butter! Original Dairy Spread,G,true,3016,https://ecom-su-static-prod.wtrecom.com/images/products/3/LN_837660_BP_3.jpg,https://www.waitrose.com/ecom/products/i-cant-believe-its-not-butter-original-dairy-spread/837660-727773-727774,I Can't Believe It's Not Butter! Original Dairy Spread,500g,£1.25,£2.50/kg,save 25p. Was £1.50,Fresh & Chilled
740735,Taiko Prawn Poke Salad,G,true,3017,https://ecom-su-static-prod.wtrecom.com/images/products/3/LN_740735_BP_3.jpg,https://www.waitrose.com/ecom/products/taiko-prawn-poke-salad/740735-714156-714157,Taiko Prawn Poke Salad,293g,£4.40,£1.51/100g,20% Off. Was £5.50,Fresh & Chilled
456857,Pieminister Maroc Star Filo Pie,G,false,3018,https://ecom-su-static-prod.wtrecom.com/images/products/3/LN_456857_BP_3.jpg,https://www.waitrose.com/ecom/products/pieminister-maroc-star-filo-pie/456857-805603-805604,Pieminister Maroc Star Filo Pie,230g,£4.70,£2.05/100g,,Fresh & Chilled
615689,Taiko Teriyaki Salmon Rolls,G,true,3019,https://ecom-su-static-prod.wtrecom.com/images/products/3/LN_615689_BP_3.jpg,https://www.waitrose.com/ecom/products/taiko-teriyaki-salmon-rolls/615689-779933-779934,Taiko Teriyaki Salmon Rolls,184g,£4.40,£2.40/100g,"£5 Food to Go Meal Deal: Add 1 Main, 1 Snack and 1 Drink",Fresh & Chilled
095493,Waitrose Moroccan Spanish Caperberries,G,false,3020,https://ecom-su-static-prod.wtrecom.com/images/products/3/LN_095493_BP_3.jpg,https://www.waitrose.com/ecom/products/waitrose-moroccan-spanish-caperberries/095493-48929-48930,Waitrose Moroccan Spanish Caperberries,drained 110g,£3.20,£2.91/100g,,Fresh & Chilled
731601,No.1 British Free Range Pork Loin Steaks,G,false,3021,https://ecom-su-static-prod.wtrecom.com/images/products/3/LN_731601_BP_3.jpg,https://www.waitrose.com/ecom/products/no1-british-free-range-pork-loin-steaks/731601-805653-805654,No.1 British Free Range Pork Loin Steaks,480g,£7.00,£14.59/kg,,Fresh & Chilled
745087,Moju Immunity Hot Mango Fruit Juice Single Shot,G,false,3022,https://ecom-su-static-prod.wtrecom.com/images/products/3/LN_745087_BP_3.jpg,https://www.waitrose.com/ecom/products/moju-immunity-hot-mango-fruit-juice-single-shot/745087-777001-777002,Moju Immunity Hot Mango Fruit Juice Single Shot,60ml,£2.10,£3.50/100ml,,Fresh & Chilled
838060,Bio-tiful Dairy Morello Cherry Kefir Drink,G,false,3023,https://ecom-su-static-prod.wtrecom.com/images/products/3/LN_838060_BP_3.jpg,https://www.waitrose.com/ecom/products/bio-tiful-dairy-morello-cherry-kefir-drink/838060-601824-601825,Bio-tiful Dairy Morello Cherry Kefir Drink,250ml,£1.75,70p/100ml,,Fresh & Chilled
608648,Innocent Energise Strawberry & Cherry High Vitamin Fruit Super Smoothie,G,true,3024,https://ecom-su-static-prod.wtrecom.com/images/products/3/LN_608648_BP_3.jpg,https://www.waitrose.com/ecom/products/innocent-energise-strawberry-cherry-high-vitamin-fruit-super-smoothie/608648-722153-722154,Innocent Energise Strawberry & Cherry High Vitamin Fruit Super Smoothie,300ml,£2.65,88.3p/100ml,"£5 Food to Go Meal Deal: Add 1 Main, 1 Snack and 1 Drink",Fresh & Chilled
679796,Waitrose Greek Style Yogurt with Mixed Berries,G,false,3025,https://ecom-su-static-prod.wtrecom.com/images/products/3/LN_679796_BP_3.jpg,https://www.waitrose.com/ecom/products/waitrose-greek-style-yogurt-with-mixed-berries/679796-822509-822510,Waitrose Greek Style Yogurt with Mixed Berries,450g,£1.60,35.6p/100g,,Fresh & Chilled
970994,Innocent Blueberry Focus Super Smoothie,G,false,3026,https://ecom-su-static-prod.wtrecom.com/images/products/3/LN_970994_BP_3.jpg,https://www.waitrose.com/ecom/products/innocent-blueberry-focus-super-smoothie/970994-827358-827359,Innocent Blueberry Focus Super Smoothie,750ml,£4.75,,,Fresh & Chilled
705033,PlantLiving: Spiced Cauliflower Pakora,G,false,3027,https://ecom-su-static-prod.wtrecom.com/images/products/3/LN_705033_BP_3.jpg,https://www.waitrose.com/ecom/products/plantliving-spiced-cauliflower-pakora/705033-788395-788396,PlantLiving: Spiced Cauliflower Pakora,180g,£3.50,£19.45/kg,,Fresh & Chilled
807272,Dell'Ugo Ricotta and Spinach Cannelloni,G,false,3028,https://ecom-su-static-prod.wtrecom.com/images/products/3/LN_807272_BP_3.jpg,https://www.waitrose.com/ecom/products/dellugo-ricotta-and-spinach-cannelloni/807272-769322-769323,Dell'Ugo Ricotta and Spinach Cannelloni,300g,£4.20,£14/kg,,Fresh & Chilled
051049,Musks 6 Newmarket sausages,G,false,3029,https://ecom-su-static-prod.wtrecom.com/images/products/3/LN_051049_BP_3.jpg,https://www.waitrose.com/ecom/products/musks-6-newmarket-sausages/051049-25385-25386,Musks 6 Newmarket sausages,384g,£3.25,£8.47/kg,,Fresh & Chilled
894837,Bonne Maman Caramelised Apple Yogurt,G,false,3030,https://ecom-su-static-prod.wtrecom.com/images/products/3/LN_894837_BP_3.jpg,https://www.waitrose.com/ecom/products/bonne-maman-caramelised-apple-yogurt/894837-807089-807090,Bonne Maman Caramelised Apple Yogurt,450g,£3.20,71.1p/100g,,Fresh & Chilled
588416,Pots & Co Double Chocolate Ganache,G,false,3031,https://ecom-su-static-prod.wtrecom.com/images/products/3/LN_588416_BP_3.jpg,https://www.waitrose.com/ecom/products/pots-co-double-chocolate-ganache/588416-804676-804677,Pots & Co Double Chocolate Ganache,80g,£2.20,£2.75/100g,,Fresh & Chilled
046745,H.Forman & Son Smoked Scottish Salmon,G,false,3032,https://ecom-su-static-prod.wtrecom.com/images/products/3/LN_046745_BP_3.jpg,https://www.waitrose.com/ecom/products/hforman-son-smoked-scottish-salmon/046745-23091-23092,H.Forman & Son Smoked Scottish Salmon,100g,£7.35,£7.35/100g,,Fresh & Chilled
851330,Propercorn Sweet & Salty,G,true,3033,https://ecom-su-static-prod.wtrecom.com/images/products/3/LN_851330_BP_3.jpg,https://www.waitrose.com/ecom/products/propercorn-sweet-salty/851330-605244-605245,Propercorn Sweet & Salty,30g,£1.10,£3.67/100g,"£5 Food to Go Meal Deal: Add 1 Main, 1 Snack and 1 Drink",Fresh & Chilled
596640,Tom Parker Vitamin Enriched Whole Milk,G,false,3034,https://ecom-su-static-prod.wtrecom.com/images/products/3/LN_596640_BP_3.jpg,https://www.waitrose.com/ecom/products/tom-parker-vitamin-enriched-whole-milk/596640-826528-826529,Tom Parker Vitamin Enriched Whole Milk,500ml,£1.30,£2.60/litre,,Fresh & Chilled
698162,Juicy Marbles 2x Thick-Cut Filet Plant-Based Steaks,G,false,3035,https://ecom-su-static-prod.wtrecom.com/images/products/3/LN_698162_BP_3.jpg,https://www.waitrose.com/ecom/products/juicy-marbles-2x-thick-cut-filet-plant-based-steaks/698162-810162-810163,Juicy Marbles 2x Thick-Cut Filet Plant-Based Steaks,226g,£9.00,£39.83/kg,,Fresh & Chilled
726822,Waitrose Fresh Wholewheat Penne,G,false,3036,https://ecom-su-static-prod.wtrecom.com/images/products/3/LN_726822_BP_3.jpg,https://www.waitrose.com/ecom/products/waitrose-fresh-wholewheat-penne/726822-793266-793267,Waitrose Fresh Wholewheat Penne,500g,£2.30,46p/100g,,Fresh & Chilled
841919,Waitrose Vegetable Masala Curry with Pilau Rice for 1,G,false,3037,https://ecom-su-static-prod.wtrecom.com/images/products/3/LN_841919_BP_3.jpg,https://www.waitrose.com/ecom/products/waitrose-vegetable-masala-curry-with-pilau-rice-for-1/841919-823014-823015,Waitrose Vegetable Masala Curry with Pilau Rice for 1,400g,£3.90,97.5p/100g,,Fresh & Chilled
446625,Waitrose King Prawns in Chilli & Lime,G,false,3038,https://ecom-su-static-prod.wtrecom.com/images/products/3/LN_446625_BP_3.jpg,https://www.waitrose.com/ecom/products/waitrose-king-prawns-in-chilli-lime/446625-791913-791914,Waitrose King Prawns in Chilli & Lime,150g,£4.50,£3/100g,,Fresh & Chilled
828898,Waitrose Slow Cooked Pork Al Pastor,G,false,3039,https://ecom-su-static-prod.wtrecom.com/images/products/3/LN_828898_BP_3.jpg,https://www.waitrose.com/ecom/products/waitrose-slow-cooked-pork-al-pastor/828898-783396-783397,Waitrose Slow Cooked Pork Al Pastor,400g,£5.75,£14.38/kg,,Fresh & Chilled
085524,Duchy Organic Pointed Spring Cabbage,G,false,3040,https://ecom-su-static-prod.wtrecom.com/images/products/3/LN_085524_BP_3.jpg,https://www.waitrose.com/ecom/products/duchy-organic-pointed-spring-cabbage/085524-43608-43609,Duchy Organic Pointed Spring Cabbage,Each,£1.45,£1.45 each,,Fresh & Chilled
833783,Lucullus Sweet Chilli Jam Cheese Accompaniment,G,false,3041,https://ecom-su-static-prod.wtrecom.com/images/products/3/LN_833783_BP_3.jpg,https://www.waitrose.com/ecom/products/lucullus-sweet-chilli-jam-cheese-accompaniment/833783-428350-428351,Lucullus Sweet Chilli Jam Cheese Accompaniment,100g,£2.10,£2.10/100g,,Fresh & Chilled
883419,Waitrose FreeFrom Egg Salad Sandwich,G,true,3042,https://ecom-su-static-prod.wtrecom.com/images/products/3/LN_883419_BP_3.jpg,https://www.waitrose.com/ecom/products/waitrose-freefrom-egg-salad-sandwich/883419-809038-809039,Waitrose FreeFrom Egg Salad Sandwich,each,£3.65,£3.65 each,"£5 Food to Go Meal Deal: Add 1 Main, 1 Snack and 1 Drink",Fresh & Chilled
597594,Unearthed Prosciutto del Poggio,G,true,3043,https://ecom-su-static-prod.wtrecom.com/images/products/3/LN_597594_BP_3.jpg,https://www.waitrose.com/ecom/products/unearthed-prosciutto-del-poggio/597594-303637-303638,Unearthed Prosciutto del Poggio,85g,£3.15,£3.71/100g,25% Off. Was £4.20,Fresh & Chilled
604805,PlantLiving: Tiramisu,G,false,3044,https://ecom-su-static-prod.wtrecom.com/images/products/3/LN_604805_BP_3.jpg,https://www.waitrose.com/ecom/products/plantliving-tiramisu/604805-788377-788378,PlantLiving: Tiramisu,180g,£2.50,£1.39/100g,,Fresh & Chilled
740892,Waitrose Thai Green Chicken Curry for 2,G,true,3045,https://ecom-su-static-prod.wtrecom.com/images/products/3/LN_740892_BP_3.jpg,https://www.waitrose.com/ecom/products/waitrose-thai-green-chicken-curry-for-2/740892-810983-810984,Waitrose Thai Green Chicken Curry for 2,350g,£5.10,£1.46/100g,£12 South East & East Asian Meal Deal : Add 2 Mains & 2 Sides,Fresh & Chilled
567721,Pieminster Harissa Chicken Pie,G,false,3046,https://ecom-su-static-prod.wtrecom.com/images/products/3/LN_567721_BP_3.jpg,https://www.waitrose.com/ecom/products/pieminster-harissa-chicken-pie/567721-805617-805618,Pieminster Harissa Chicken Pie,230g,£4.70,£2.05/100g,,Fresh & Chilled
516725,Rachelli Classico Tiramisu,G,false,3047,https://ecom-su-static-prod.wtrecom.com/images/products/3/LN_516725_BP_3.jpg,https://www.waitrose.com/ecom/products/rachelli-classico-tiramisu/516725-804658-804659,Rachelli Classico Tiramisu,2x90g,£3.95,£2.20/100g,,Fresh & Chilled
022405,Elsinore Black Lumpfish Caviar,G,false,3048,https://ecom-su-static-prod.wtrecom.com/images/products/3/LN_022405_BP_3.jpg,https://www.waitrose.com/ecom/products/elsinore-black-lumpfish-caviar/022405-10914-10915,Elsinore Black Lumpfish Caviar,100g,£5.30,£5.30/100g,,Fresh & Chilled
835861,Finnebrogue Naked 2 Sugar Pit Bacon Steaks,G,false,3049,https://ecom-su-static-prod.wtrecom.com/images/products/3/LN_835861_BP_3.jpg,https://www.waitrose.com/ecom/products/finnebrogue-naked-2-sugar-pit-bacon-steaks/835861-812681-812682,Finnebrogue Naked 2 Sugar Pit Bacon Steaks,240g,£4.00,£16.67/kg,,Fresh & Chilled
609519,THIS Isn't Chicken Shawarma,G,false,3050,https://ecom-su-static-prod.wtrecom.com/images/products/3/LN_609519_BP_3.jpg,https://www.waitrose.com/ecom/products/this-isnt-chicken-shawarma/609519-825133-825134,THIS Isn't Chicken Shawarma,170g,£3.40,£2/100g,,Fresh & Chilled
652374,Essential Mild Cheddar Cheese Sticks Strength 2,G,false,3051,https://ecom-su-static-prod.wtrecom.com/images/products/3/LN_652374_BP_3.jpg,https://www.waitrose.com/ecom/products/essential-mild-cheddar-cheese-sticks-strength-2/652374-723568-723569,Essential Mild Cheddar Cheese Sticks Strength 2,5x30g,£2.25,£15/kg,,Fresh & Chilled
477531,Squeaky Bean Cooking Chorizo Style Sausage,G,false,3052,https://ecom-su-static-prod.wtrecom.com/images/products/3/LN_477531_BP_3.jpg,https://www.waitrose.com/ecom/products/squeaky-bean-cooking-chorizo-style-sausage/477531-794542-794543,Squeaky Bean Cooking Chorizo Style Sausage,100g,£3.50,£35/kg,,Fresh & Chilled
701488,Easy to Cook Breasts Chicken With Leek & Wensleydale,G,false,3053,https://ecom-su-static-prod.wtrecom.com/images/products/3/LN_701488_BP_3.jpg,https://www.waitrose.com/ecom/products/easy-to-cook-breasts-chicken-with-leek-wensleydale/701488-288233-288234,Easy to Cook Breasts Chicken With Leek & Wensleydale,350g,£5.75,£16.43/kg,,Fresh & Chilled
434465,Bonne Maman Riz au Lait Rice Pudding,G,true,3054,https://ecom-su-static-prod.wtrecom.com/images/products/3/LN_434465_BP_3.jpg,https://www.waitrose.com/ecom/products/bonne-maman-riz-au-lait-rice-pudding/434465-752401-752402,Bonne Maman Riz au Lait Rice Pudding,2x100g,£1.50,75p/100g,save 70p. Was £2.20,Fresh & Chilled
443202,Unearthed French Selection,G,true,3055,https://ecom-su-static-prod.wtrecom.com/images/products/3/LN_443202_BP_3.jpg,https://www.waitrose.com/ecom/products/unearthed-french-selection/443202-236203-236203,Unearthed French Selection,90g,£3.15,£3.50/100g,25% Off. Was £4.20,Fresh & Chilled
786559,Natco Pure Butter Ghee,G,false,3056,https://ecom-su-static-prod.wtrecom.com/images/products/3/LN_786559_BP_3.jpg,https://www.waitrose.com/ecom/products/natco-pure-butter-ghee/786559-813762-813763,Natco Pure Butter Ghee,500g,£5.50,£1.10/100g,,Fresh & Chilled
682060,Clarence Court Double Yolk Eggs,G,false,3057,https://ecom-su-static-prod.wtrecom.com/images/products/3/LN_682060_BP_3.jpg,https://www.waitrose.com/ecom/products/clarence-court-double-yolk-eggs/682060-758107-758108,Clarence Court Double Yolk Eggs,6s,£3.65,60.8p each,,Fresh & Chilled
811949,Cooks' Ingredients Cloves,G,true,3058,https://ecom-su-static-prod.wtrecom.com/images/products/3/LN_811949_BP_3.jpg,https://www.waitrose.com/ecom/products/cooks-ingredients-cloves/811949-785162-785163,Cooks' Ingredients Cloves,30g,£1.60,53.3p/10g,Add 2 for £2.75,Fresh & Chilled
513081,Cartmel Village Shop Sticky Toffee Pudding,G,false,3059,https://ecom-su-static-prod.wtrecom.com/images/products/3/LN_513081_BP_3.jpg,https://www.waitrose.com/ecom/products/cartmel-village-shop-sticky-toffee-pudding/513081-72491-72492,Cartmel Village Shop Sticky Toffee Pudding,390g,£5.00,£1.29/100g,,Fresh & Chilled
511838,Costa Coffee Caramel Latte Iced Coffee Can,G,true,3060,https://ecom-su-static-prod.wtrecom.com/images/products/3/LN_511838_BP_3.jpg,https://www.waitrose.com/ecom/products/costa-coffee-caramel-latte-iced-coffee-can/511838-778556-778557,Costa Coffee Caramel Latte Iced Coffee Can,250ml,£2.00,80p/100ml,"£5 Food to Go Meal Deal: Add 1 Main, 1 Snack and 1 Drink",Fresh & Chilled
419681,Renourish Refresh Gazpacho,G,true,3061,https://ecom-su-static-prod.wtrecom.com/images/products/3/LN_419681_BP_3.jpg,https://www.waitrose.com/ecom/products/renourish-refresh-gazpacho/419681-824542-824543,Renourish Refresh Gazpacho,500g,£2.65,53p/100g,save 55p. Was £3.20,Fresh & Chilled
654849,Waitrose Plant Living Vegan Garlic Doughballs,G,false,3062,https://ecom-su-static-prod.wtrecom.com/images/products/3/LN_654849_BP_3.jpg,https://www.waitrose.com/ecom/products/waitrose-plant-living-vegan-garlic-doughballs/654849-825159-825160,Waitrose Plant Living Vegan Garlic Doughballs,210G,£3.00,,,Fresh & Chilled
677705,Taiko Chicken Katsu Dragon Rolls,G,true,3063,https://ecom-su-static-prod.wtrecom.com/images/products/3/LN_677705_BP_3.jpg,https://www.waitrose.com/ecom/products/taiko-chicken-katsu-dragon-rolls/677705-825173-825174,Taiko Chicken Katsu Dragon Rolls,205g,£4.75,£2.32/100g,"£5 Food to Go Meal Deal: Add 1 Main, 1 Snack and 1 Drink",Fresh & Chilled
635558,Waitrose Slow Cooked Salt Beef,G,false,3064,https://ecom-su-static-prod.wtrecom.com/images/products/3/LN_635558_BP_3.jpg,https://www.waitrose.com/ecom/products/waitrose-slow-cooked-salt-beef/635558-666431-666432,Waitrose Slow Cooked Salt Beef,440g,£7.75,£17.62/kg,,Fresh & Chilled
552864,Charlie Bigham's Proper Puds Sticky Toffee,G,false,3065,https://ecom-su-static-prod.wtrecom.com/images/products/3/LN_552864_BP_3.jpg,https://www.waitrose.com/ecom/products/charlie-bighams-proper-puds-sticky-toffee/552864-719524-719525,Charlie Bigham's Proper Puds Sticky Toffee,436g,£5.00,£1.15/100g,,Fresh & Chilled
405729,Macsween Haggis in a Hurry,G,false,3066,https://ecom-su-static-prod.wtrecom.com/images/products/3/LN_405729_BP_3.jpg,https://www.waitrose.com/ecom/products/macsween-haggis-in-a-hurry/405729-57093-57094,Macsween Haggis in a Hurry,130g,£1.85,£14.24/kg,,Fresh & Chilled
735195,Easy to Cook Honey Mustard Gammon,G,false,3067,https://ecom-su-static-prod.wtrecom.com/images/products/3/LN_735195_BP_3.jpg,https://www.waitrose.com/ecom/products/easy-to-cook-honey-mustard-gammon/735195-702250-702251,Easy to Cook Honey Mustard Gammon,467g,£6.50,£13.92/kg,,Fresh & Chilled
893479,Glo Spicy Chicken & Couscous Salad,G,true,3068,https://ecom-su-static-prod.wtrecom.com/images/products/3/LN_893479_BP_3.jpg,https://www.waitrose.com/ecom/products/glo-spicy-chicken-couscous-salad/893479-780005-780006,Glo Spicy Chicken & Couscous Salad,285g,£4.50,£1.58/100g,"£5 Food to Go Meal Deal: Add 1 Main, 1 Snack and 1 Drink",Fresh & Chilled
450832,"Waitrose Good to Go Apple, Pear & Kiwi Smoothie Single",G,true,3069,https://ecom-su-static-prod.wtrecom.com/images/products/3/LN_450832_BP_3.jpg,https://www.waitrose.com/ecom/products/waitrose-good-to-go-apple-pear-kiwi-smoothie-single/450832-761932-761933,"Waitrose Good to Go Apple, Pear & Kiwi Smoothie Single",250ml,£1.50,60p/100ml,"£5 Food to Go Meal Deal: Add 1 Main, 1 Snack and 1 Drink",Fresh & Chilled
894356,Waitrose Baking Camembert Cheese Strength 3,G,false,3070,https://ecom-su-static-prod.wtrecom.com/images/products/3/LN_894356_BP_3.jpg,https://www.waitrose.com/ecom/products/waitrose-baking-camembert-cheese-strength-3/894356-319758-319759,Waitrose Baking Camembert Cheese Strength 3,250g,£3.50,£14/kg,,Fresh & Chilled
881502,GetPro Vanilla Cookie High Protein Yogurt Drinks,G,false,3071,https://ecom-su-static-prod.wtrecom.com/images/products/3/LN_881502_BP_3.jpg,https://www.waitrose.com/ecom/products/getpro-vanilla-cookie-high-protein-yogurt-drinks/881502-811067-811068,GetPro Vanilla Cookie High Protein Yogurt Drinks,300g,£2.00,66.7p/100g,,Fresh & Chilled
849667,Deliciously Ella Vegan Double Chocolate Cup,G,false,3072,https://ecom-su-static-prod.wtrecom.com/images/products/3/LN_849667_BP_3.jpg,https://www.waitrose.com/ecom/products/deliciously-ella-vegan-double-chocolate-cup/849667-702090-702091,Deliciously Ella Vegan Double Chocolate Cup,36g,£1.65,£4.59/100g,,Fresh & Chilled
437842,Crosta & Mollica Cannelloni Beef & Pork Ragu for 1,G,false,3073,https://ecom-su-static-prod.wtrecom.com/images/products/3/LN_437842_BP_3.jpg,https://www.waitrose.com/ecom/products/crosta-mollica-cannelloni-beef-pork-ragu-for-1/437842-805597-805598,Crosta & Mollica Cannelloni Beef & Pork Ragu for 1,400g,£5.00,£12.50/kg,,Fresh & Chilled
809210,Waitrose Salt & Pepper Spatchcock Chicken,G,false,3074,https://ecom-su-static-prod.wtrecom.com/images/products/3/LN_809210_BP_3.jpg,https://www.waitrose.com/ecom/products/waitrose-salt-pepper-spatchcock-chicken/809210-804970-804971,Waitrose Salt & Pepper Spatchcock Chicken,1.2Kg,£8.00,£6.67/kg,,Fresh & Chilled
513402,Violife Epic Plant Based Cheese Block,G,false,3075,https://ecom-su-static-prod.wtrecom.com/images/products/3/LN_513402_BP_3.jpg,https://www.waitrose.com/ecom/products/violife-epic-plant-based-cheese-block/513402-715078-715079,Violife Epic Plant Based Cheese Block,200g,£2.90,£14.50/kg,,Fresh & Chilled
834175,Pollen + Grace Chickpea Tikka Masala,G,false,3076,https://ecom-su-static-prod.wtrecom.com/images/products/3/LN_834175_BP_3.jpg,https://www.waitrose.com/ecom/products/pollen-grace-chickpea-tikka-masala/834175-823172-823173,Pollen + Grace Chickpea Tikka Masala,400g,£4.75,£1.19/100g,,Fresh & Chilled
070088,Coca-Cola Zero Sugar Bottle,G,true,3077,https://ecom-su-static-prod.wtrecom.com/images/products/3/LN_070088_BP_3.jpg,https://www.waitrose.com/ecom/products/coca-cola-zero-sugar-bottle/070088-35498-35499,Coca-Cola Zero Sugar Bottle,500ml,£1.75,35p/100ml,"£5 Food to Go Meal Deal: Add 1 Main, 1 Snack and 1 Drink",Fresh & Chilled
801733,Moma Oat Milk Unsweetened Dairy Free Semi Skimmed Milk Alternative,G,false,3078,https://ecom-su-static-prod.wtrecom.com/images/products/3/LN_801733_BP_3.jpg,https://www.waitrose.com/ecom/products/moma-oat-milk-unsweetened-dairy-free-semi-skimmed-milk-alternative/801733-772830-772831,Moma Oat Milk Unsweetened Dairy Free Semi Skimmed Milk Alternative,1litre,£2.10,£2.10/litre,,Fresh & Chilled
423618,Jimmy's Mocha Iced Coffee,G,true,3079,https://ecom-su-static-prod.wtrecom.com/images/products/3/LN_423618_BP_3.jpg,https://www.waitrose.com/ecom/products/jimmys-mocha-iced-coffee/423618-755777-755778,Jimmy's Mocha Iced Coffee,275ml,£2.20,£8/litre,"£5 Food to Go Meal Deal: Add 1 Main, 1 Snack and 1 Drink",Fresh & Chilled
636100,Innocent Plus Citrus Shield Orange & Carrot High Vitamin Fruit Juice,G,true,3080,https://ecom-su-static-prod.wtrecom.com/images/products/3/LN_636100_BP_3.jpg,https://www.waitrose.com/ecom/products/innocent-plus-citrus-shield-orange-carrot-high-vitamin-fruit-juice/636100-693450-693451,Innocent Plus Citrus Shield Orange & Carrot High Vitamin Fruit Juice,750ml,£2.00,26.7p/100ml,Half Price. Was £4.00,Fresh & Chilled
741138,Pajariel Chorizo de Leon,G,true,3081,https://ecom-su-static-prod.wtrecom.com/images/products/3/LN_741138_BP_3.jpg,https://www.waitrose.com/ecom/products/pajariel-chorizo-de-leon/741138-138804-138805,Pajariel Chorizo de Leon,220g,£4.05,£1.85/100g,25% Off. Was £5.40,Fresh & Chilled
757008,Tideford Organics Thai Organic Green Vegetable Soup,G,false,3082,https://ecom-su-static-prod.wtrecom.com/images/products/3/LN_757008_BP_3.jpg,https://www.waitrose.com/ecom/products/tideford-organics-thai-organic-green-vegetable-soup/757008-812659-812660,Tideford Organics Thai Organic Green Vegetable Soup,560g,£3.40,60.7p/100g,,Fresh & Chilled
759016,Waitrose Plant Living Plant & Vegetable Mince,G,false,3083,https://ecom-su-static-prod.wtrecom.com/images/products/3/LN_759016_BP_3.jpg,https://www.waitrose.com/ecom/products/waitrose-plant-living-plant-vegetable-mince/759016-825213-825214,Waitrose Plant Living Plant & Vegetable Mince,250g,£2.60,£1.04/100g,,Fresh & Chilled
770960,Graze Punchy Protein Nuts,G,true,3084,https://ecom-su-static-prod.wtrecom.com/images/products/3/LN_770960_BP_3.jpg,https://www.waitrose.com/ecom/products/graze-punchy-protein-nuts/770960-459900-459901,Graze Punchy Protein Nuts,38g,£1.25,£3.29/100g,"£5 Food to Go Meal Deal: Add 1 Main, 1 Snack and 1 Drink",Fresh & Chilled
056597,All Butter Shortbread,G,false,3085,https://ecom-su-static-prod.wtrecom.com/images/products/3/LN_056597_BP_3.jpg,https://www.waitrose.com/ecom/products/all-butter-shortbread/056597-28405-28406,All Butter Shortbread,each,£1.20,£1.20 each,,Fresh & Chilled
856592,Waitrose 8 Churros,G,true,3086,https://ecom-su-static-prod.wtrecom.com/images/products/3/LN_856592_BP_3.jpg,https://www.waitrose.com/ecom/products/waitrose-8-churros/856592-824614-824615,Waitrose 8 Churros,228g,£3.00,£1.32/100g,25% Off. Was £4.00,Fresh & Chilled
822517,La Vie Smoked Plant-Based Bacon Lardons,G,false,3087,https://ecom-su-static-prod.wtrecom.com/images/products/3/LN_822517_BP_3.jpg,https://www.waitrose.com/ecom/products/la-vie-smoked-plant-based-bacon-lardons/822517-788415-788416,La Vie Smoked Plant-Based Bacon Lardons,150g,£3.60,£24/kg,,Fresh & Chilled
464012,Cooks' Ingredients Chilli Plant,G,false,3088,https://ecom-su-static-prod.wtrecom.com/images/products/3/LN_464012_BP_3.jpg,https://www.waitrose.com/ecom/products/cooks-ingredients-chilli-plant/464012-204735-204736,Cooks' Ingredients Chilli Plant,Each,£3.60,£3.60 each,,Fresh & Chilled
864242,No.1 Spiced Pear & Apple Crumble Cake,G,false,3089,https://ecom-su-static-prod.wtrecom.com/images/products/3/LN_864242_BP_3.jpg,https://www.waitrose.com/ecom/products/no1-spiced-pear-apple-crumble-cake/864242-789066-789067,No.1 Spiced Pear & Apple Crumble Cake,400g,£4.25,£1.07/100g,,Fresh & Chilled
494252,Daily Dose Dulce Verde Cold Pressed Fruit Juice,G,true,3090,https://ecom-su-static-prod.wtrecom.com/images/products/3/LN_494252_BP_3.jpg,https://www.waitrose.com/ecom/products/daily-dose-dulce-verde-cold-pressed-fruit-juice/494252-801338-801339,Daily Dose Dulce Verde Cold Pressed Fruit Juice,750ml,£3.90,£5.20/litre,Add 2 for £5,Fresh & Chilled
451171,No.1 Lamb Loin Fillet with Rosemary,G,false,3091,https://ecom-su-static-prod.wtrecom.com/images/products/3/LN_451171_BP_3.jpg,https://www.waitrose.com/ecom/products/no1-lamb-loin-fillet-with-rosemary/451171-702513-702514,No.1 Lamb Loin Fillet with Rosemary,Typical weight 0.25kg,£15.50 each est.,£62.00/kg,,Fresh & Chilled
876992,No. 1 Italian Torta di Gorgonzola Blue Cheese Strength 3,G,false,3092,https://ecom-su-static-prod.wtrecom.com/images/products/3/LN_876992_BP_3.jpg,https://www.waitrose.com/ecom/products/no-1-italian-torta-di-gorgonzola-blue-cheese-strength-3/876992-498319-498320,No. 1 Italian Torta di Gorgonzola Blue Cheese Strength 3,200g,£4.50,£22.50/kg,,Fresh & Chilled
737064,Japan Menyū 4 Katsu Curry Vegetable Steamed Buns,G,true,3093,https://ecom-su-static-prod.wtrecom.com/images/products/3/LN_737064_BP_3.jpg,https://www.waitrose.com/ecom/products/japan-meny-4-katsu-curry-vegetable-steamed-buns/737064-810981-810982,Japan Menyū 4 Katsu Curry Vegetable Steamed Buns,120g,£2.40,£2/100g,20% Off. Was £3.00,Fresh & Chilled
898297,Dell'Ugo Pork & Fennel Tortelloni,G,false,3094,https://ecom-su-static-prod.wtrecom.com/images/products/3/LN_898297_BP_3.jpg,https://www.waitrose.com/ecom/products/dellugo-pork-fennel-tortelloni/898297-813919-813920,Dell'Ugo Pork & Fennel Tortelloni,250g,£4.00,£1.60/100g,,Fresh & Chilled
716983,Isigny Ste Mere Raw Milk Camembert Cheese,G,false,3095,https://ecom-su-static-prod.wtrecom.com/images/products/3/LN_716983_BP_3.jpg,https://www.waitrose.com/ecom/products/isigny-ste-mere-raw-milk-camembert-cheese/716983-745321-745322,Isigny Ste Mere Raw Milk Camembert Cheese,250g,£4.00,£16/kg,,Fresh & Chilled
003664,Waitrose British Extra Trimmed Whole Boneless Leg,G,false,3096,https://ecom-su-static-prod.wtrecom.com/images/products/3/LN_003664_BP_3.jpg,https://www.waitrose.com/ecom/products/waitrose-british-extra-trimmed-whole-boneless-leg/003664-1505-1506,Waitrose British Extra Trimmed Whole Boneless Leg,Typical weight 1.12kg,£29.12 each est.,£26.00/kg,,Fresh & Chilled
871889,I Love Snacks Gently Dehydrated Mango,G,true,3097,https://ecom-su-static-prod.wtrecom.com/images/products/3/LN_871889_BP_3.jpg,https://www.waitrose.com/ecom/products/i-love-snacks-gently-dehydrated-mango/871889-693358-693359,I Love Snacks Gently Dehydrated Mango,25g,£1.10,£4.40/100g,"£5 Food to Go Meal Deal: Add 1 Main, 1 Snack and 1 Drink",Fresh & Chilled
760359,Waitrose Plant Living Organic Marinated Tofu,G,false,3098,https://ecom-su-static-prod.wtrecom.com/images/products/3/LN_760359_BP_3.jpg,https://www.waitrose.com/ecom/products/waitrose-plant-living-organic-marinated-tofu/760359-825217-825218,Waitrose Plant Living Organic Marinated Tofu,300g,£2.80,93.3p/100g,,Fresh & Chilled
452604,Waitrose Cacio e Pepe Tortelloni,G,false,3099,https://ecom-su-static-prod.wtrecom.com/images/products/3/LN_452604_BP_3.jpg,https://www.waitrose.com/ecom/products/waitrose-cacio-e-pepe-tortelloni/452604-793216-793217,Waitrose Cacio e Pepe Tortelloni,250g,£3.60,£14.40/kg,,Fresh & Chilled
976405,Unearthed Olives with Provolone,G,true,3100,https://ecom-su-static-prod.wtrecom.com/images/products/3/LN_976405_BP_3.jpg,https://www.waitrose.com/ecom/products/unearthed-olives-with-provolone/976405-827256-827257,Unearthed Olives with Provolone,150g,£2.73,£1.82/100g,Introductory Offer.Will be £3.65,Fresh & Chilled
621663,Mallow & Marsh Vanilla Bar with Milk Choc,G,true,3101,https://ecom-su-static-prod.wtrecom.com/images/products/3/LN_621663_BP_3.jpg,https://www.waitrose.com/ecom/products/mallow-marsh-vanilla-bar-with-milk-choc/621663-668738-668739,Mallow & Marsh Vanilla Bar with Milk Choc,35g,£1.45,£4.15/100g,"£5 Food to Go Meal Deal: Add 1 Main, 1 Snack and 1 Drink",Fresh & Chilled
455523,La Fauxmagerie Brixton Blue Vegan Cheese,G,false,3102,https://ecom-su-static-prod.wtrecom.com/images/products/3/LN_455523_BP_3.jpg,https://www.waitrose.com/ecom/products/la-fauxmagerie-brixton-blue-vegan-cheese/455523-780037-780038,La Fauxmagerie Brixton Blue Vegan Cheese,100g,£5.50,£55/kg,,Fresh & Chilled
868211,Iced Gingerbread Millie the Unicorn,G,false,3103,https://ecom-su-static-prod.wtrecom.com/images/products/3/LN_868211_BP_3.jpg,https://www.waitrose.com/ecom/products/iced-gingerbread-millie-the-unicorn/868211-745926-745927,Iced Gingerbread Millie the Unicorn,Each,£1.75,£1.75 each,,Fresh & Chilled
754168,Waitrose Slow Cooked Gammon Shank,G,false,3104,https://ecom-su-static-prod.wtrecom.com/images/products/3/LN_754168_BP_3.jpg,https://www.waitrose.com/ecom/products/waitrose-slow-cooked-gammon-shank/754168-400275-400276,Waitrose Slow Cooked Gammon Shank,1kg,£11.65,£11.65/kg,,Fresh & Chilled
542182,Mallow & Marsh Raspberry Bar with Dark Choc,G,true,3105,https://ecom-su-static-prod.wtrecom.com/images/products/3/LN_542182_BP_3.jpg,https://www.waitrose.com/ecom/products/mallow-marsh-raspberry-bar-with-dark-choc/542182-668712-668713,Mallow & Marsh Raspberry Bar with Dark Choc,35g,£1.45,£4.15/100g,"£5 Food to Go Meal Deal: Add 1 Main, 1 Snack and 1 Drink",Fresh & Chilled
891344,No. 1 Appleby's Cheshire Cheese Strength 3,G,false,3106,https://ecom-su-static-prod.wtrecom.com/images/products/3/LN_891344_BP_3.jpg,https://www.waitrose.com/ecom/products/no-1-applebys-cheshire-cheese-strength-3/891344-629544-629545,No. 1 Appleby's Cheshire Cheese Strength 3,Typical weight 0.2kg,£4.70 each est.,£23.50/kg,,Fresh & Chilled
667783,Pink Lady Apples,G,false,3107,https://ecom-su-static-prod.wtrecom.com/images/products/3/LN_667783_BP_3.jpg,https://www.waitrose.com/ecom/products/pink-lady-apples/667783-807107-807108,Pink Lady Apples,,£3.25,per kg,,Fresh & Chilled
449454,Quorn Fillet Pieces,G,false,3108,https://ecom-su-static-prod.wtrecom.com/images/products/3/LN_449454_BP_3.jpg,https://www.waitrose.com/ecom/products/quorn-fillet-pieces/449454-816310-816311,Quorn Fillet Pieces,175g,£2.60,£14.86/kg,,Fresh & Chilled
830485,Levantine Table Spiced Lamb Pastries,G,false,3109,https://ecom-su-static-prod.wtrecom.com/images/products/3/LN_830485_BP_3.jpg,https://www.waitrose.com/ecom/products/levantine-table-spiced-lamb-pastries/830485-755689-755690,Levantine Table Spiced Lamb Pastries,100g,£3.90,£3.90/100g,,Fresh & Chilled
651802,Waitrose Aleppo Chilli & Lemon Domat Olives,G,false,3110,https://ecom-su-static-prod.wtrecom.com/images/products/3/LN_651802_BP_3.jpg,https://www.waitrose.com/ecom/products/waitrose-aleppo-chilli-lemon-domat-olives/651802-824572-824573,Waitrose Aleppo Chilli & Lemon Domat Olives,140g,£3.75,£2.68/100g,,Fresh & Chilled
816764,Waitrose Food to Go Mozzarella & Tomato Pasta,G,true,3111,https://ecom-su-static-prod.wtrecom.com/images/products/3/LN_816764_BP_3.jpg,https://www.waitrose.com/ecom/products/waitrose-food-to-go-mozzarella-tomato-pasta/816764-817560-817561,Waitrose Food to Go Mozzarella & Tomato Pasta,300g,£3.20,£1.07/100g,"£5 Food to Go Meal Deal: Add 1 Main, 1 Snack and 1 Drink",Fresh & Chilled
792266,"Waitrose Food to Go Pesto, Spinach & Pine Nut Pasta",G,true,3112,https://ecom-su-static-prod.wtrecom.com/images/products/3/LN_792266_BP_3.jpg,https://www.waitrose.com/ecom/products/waitrose-food-to-go-pesto-spinach-pine-nut-pasta/792266-817552-817553,"Waitrose Food to Go Pesto, Spinach & Pine Nut Pasta",300g,£3.20,£1.07/100g,"£5 Food to Go Meal Deal: Add 1 Main, 1 Snack and 1 Drink",Fresh & Chilled
062548,"Pizza Express Classic Sloppy Giuseppe, Spicy Beef",G,false,3113,https://ecom-su-static-prod.wtrecom.com/images/products/3/LN_062548_BP_3.jpg,https://www.waitrose.com/ecom/products/pizza-express-classic-sloppy-giuseppe-spicy-beef/062548-31765-31766,"Pizza Express Classic Sloppy Giuseppe, Spicy Beef",292g,£6.00,£20.55/kg,,Fresh & Chilled
803302,Ambrosi Parmigiano Reggiano Julienne Shredded Parmesan Cheese,G,false,3114,https://ecom-su-static-prod.wtrecom.com/images/products/3/LN_803302_BP_3.jpg,https://www.waitrose.com/ecom/products/ambrosi-parmigiano-reggiano-julienne-shredded-parmesan-cheese/803302-756293-756294,Ambrosi Parmigiano Reggiano Julienne Shredded Parmesan Cheese,85g,£2.15,£25.30/kg,,Fresh & Chilled
085537,Duchy Organic Cauliflower,G,false,3115,https://ecom-su-static-prod.wtrecom.com/images/products/3/LN_085537_BP_3.jpg,https://www.waitrose.com/ecom/products/duchy-organic-cauliflower/085537-43626-43627,Duchy Organic Cauliflower,Each,£2.30,£2.30 each,,Fresh & Chilled
478351,Gü Hazelnut Praline Cheesecakes,G,true,3116,https://ecom-su-static-prod.wtrecom.com/images/products/3/LN_478351_BP_3.jpg,https://www.waitrose.com/ecom/products/gu-hazelnut-praline-cheesecakes/478351-807967-807968,Gü Hazelnut Praline Cheesecakes,173g,£2.95,£1.71/100g,25% Off. Was £3.95,Fresh & Chilled
864194,Waitrose Somerset Vintage Mature Cheddar Cheese Strength 7,G,false,3117,https://ecom-su-static-prod.wtrecom.com/images/products/3/LN_864194_BP_3.jpg,https://www.waitrose.com/ecom/products/waitrose-somerset-vintage-mature-cheddar-cheese-strength-7/864194-451990-451991,Waitrose Somerset Vintage Mature Cheddar Cheese Strength 7,350g,£4.50,£12.86/kg,,Fresh & Chilled
472518,Waitrose Assorted Squash,G,false,3118,https://ecom-su-static-prod.wtrecom.com/images/products/3/LN_472518_BP_3.jpg,https://www.waitrose.com/ecom/products/waitrose-assorted-squash/472518-66640-66641,Waitrose Assorted Squash,Typical weight 0.8kg,£1.59 each est.,£2.00/kg,,Fresh & Chilled
766729,Waitrose Indian Chicken Dopiaza for 2,G,false,3119,https://ecom-su-static-prod.wtrecom.com/images/products/3/LN_766729_BP_3.jpg,https://www.waitrose.com/ecom/products/waitrose-indian-chicken-dopiaza-for-2/766729-672061-672062,Waitrose Indian Chicken Dopiaza for 2,350g,£4.95,£14.15/kg,,Fresh & Chilled
578991,Waitrose Plant Living No Chicken Kyiv,G,false,3120,https://ecom-su-static-prod.wtrecom.com/images/products/3/LN_578991_BP_3.jpg,https://www.waitrose.com/ecom/products/waitrose-plant-living-no-chicken-kyiv/578991-825099-825100,Waitrose Plant Living No Chicken Kyiv,250g,£3.40,£1.36/100g,,Fresh & Chilled
719365,Vadasz Jalapeno Relish,G,false,3121,https://ecom-su-static-prod.wtrecom.com/images/products/3/LN_719365_BP_3.jpg,https://www.waitrose.com/ecom/products/vadasz-jalapeno-relish/719365-806740-806741,Vadasz Jalapeno Relish,400g,£4.75,£1.19/100g,,Fresh & Chilled
413967,Daily Dose Framboise Cold Pressed Fruit Juice,G,true,3122,https://ecom-su-static-prod.wtrecom.com/images/products/3/LN_413967_BP_3.jpg,https://www.waitrose.com/ecom/products/daily-dose-framboise-cold-pressed-fruit-juice/413967-801308-801309,Daily Dose Framboise Cold Pressed Fruit Juice,750ml,£3.90,£5.20/litre,Add 2 for £5,Fresh & Chilled
085582,Greisinger Cabanossi,G,false,3123,https://ecom-su-static-prod.wtrecom.com/images/products/3/LN_085582_BP_3.jpg,https://www.waitrose.com/ecom/products/greisinger-cabanossi/085582-43673-43674,Greisinger Cabanossi,200g,£4.10,£2.05/100g,,Fresh & Chilled
884988,Light & Free Strawberry Greek Style Yogurts,G,false,3124,https://ecom-su-static-prod.wtrecom.com/images/products/3/LN_884988_BP_3.jpg,https://www.waitrose.com/ecom/products/light-free-strawberry-greek-style-yogurts/884988-498339-498340,Light & Free Strawberry Greek Style Yogurts,4x115g,£2.90,63p/100g,,Fresh & Chilled
416429,Pizza Express Restaurant Favourite Margherita Formaggi Pizza,G,true,3125,https://ecom-su-static-prod.wtrecom.com/images/products/3/LN_416429_BP_3.jpg,https://www.waitrose.com/ecom/products/pizza-express-restaurant-favourite-margherita-formaggi-pizza/416429-813858-813859,Pizza Express Restaurant Favourite Margherita Formaggi Pizza,393g,£4.72,£12.02/kg,25% Off. Was £6.30,Fresh & Chilled
799540,No. 1 Free Range Blossom Honey Roast Ham,E,false,3126,https://ecom-su-static-prod.wtrecom.com/images/products/3/LN_799540_BP_3.jpg,https://www.waitrose.com/ecom/products/no-1-free-range-blossom-honey-roast-ham/799540-506115-506116,No. 1 Free Range Blossom Honey Roast Ham,Typical weight 2.5kg,£60.00,£24/kg,,Fresh & Chilled
710258,Chocomel Chocolate Milkshake Drink,G,true,3127,https://ecom-su-static-prod.wtrecom.com/images/products/3/LN_710258_BP_3.jpg,https://www.waitrose.com/ecom/products/chocomel-chocolate-milkshake-drink/710258-810965-810966,Chocomel Chocolate Milkshake Drink,250ml,£1.25,£5/litre,save 55p. Was £1.80,Fresh & Chilled
837490,Higgidy Cheddar & Sweet Chilli Dinky Rolls,G,true,3128,https://ecom-su-static-prod.wtrecom.com/images/products/3/LN_837490_BP_3.jpg,https://www.waitrose.com/ecom/products/higgidy-cheddar-sweet-chilli-dinky-rolls/837490-712837-712838,Higgidy Cheddar & Sweet Chilli Dinky Rolls,170g,£3.00,£1.77/100g,save £1.00. Was £4.00,Fresh & Chilled
834583,Crosta & Mollica Parmigiana,G,false,3129,https://ecom-su-static-prod.wtrecom.com/images/products/3/LN_834583_BP_3.jpg,https://www.waitrose.com/ecom/products/crosta-mollica-parmigiana/834583-805689-805690,Crosta & Mollica Parmigiana,400g,£5.00,£12.50/kg,,Fresh & Chilled
728578,The Bay Tree Hot Horseradish,G,false,3130,https://ecom-su-static-prod.wtrecom.com/images/products/3/LN_728578_BP_3.jpg,https://www.waitrose.com/ecom/products/the-bay-tree-hot-horseradish/728578-506272-506273,The Bay Tree Hot Horseradish,175g,£3.25,£1.86/100g,,Fresh & Chilled
498445,Moju Immunity Hot Mango Fruit Juice Shots Dosing Bottle,G,false,3131,https://ecom-su-static-prod.wtrecom.com/images/products/3/LN_498445_BP_3.jpg,https://www.waitrose.com/ecom/products/moju-immunity-hot-mango-fruit-juice-shots-dosing-bottle/498445-752425-752426,Moju Immunity Hot Mango Fruit Juice Shots Dosing Bottle,420ml,£6.25,£1.49/100ml,,Fresh & Chilled
943808,Unearthed Olives with Chilli,G,true,3132,https://ecom-su-static-prod.wtrecom.com/images/products/3/LN_943808_BP_3.jpg,https://www.waitrose.com/ecom/products/unearthed-olives-with-chilli/943808-827248-827249,Unearthed Olives with Chilli,150g,£2.73,£1.82/100g,Introductory Offer.Will be £3.65,Fresh & Chilled
777962,Waitrose 20 GB Pork Nduja Meatballs,G,false,3133,https://ecom-su-static-prod.wtrecom.com/images/products/3/LN_777962_BP_3.jpg,https://www.waitrose.com/ecom/products/waitrose-20-gb-pork-nduja-meatballs/777962-805671-805672,Waitrose 20 GB Pork Nduja Meatballs,300g,£3.75,£12.50/kg,,Fresh & Chilled
652759,"Innocent Recharge, Mandarin & Carrot High Vitamin Fruit Super Smoothie",G,true,3134,https://ecom-su-static-prod.wtrecom.com/images/products/3/LN_652759_BP_3.jpg,https://www.waitrose.com/ecom/products/innocent-recharge-mandarin-carrot-high-vitamin-fruit-super-smoothie/652759-722217-722218,"Innocent Recharge, Mandarin & Carrot High Vitamin Fruit Super Smoothie",300ml,£2.65,88.3p/100ml,"£5 Food to Go Meal Deal: Add 1 Main, 1 Snack and 1 Drink",Fresh & Chilled
474274,Essential Extra Mature Cheddar Cheese Strength 6 Small,G,false,3135,https://ecom-su-static-prod.wtrecom.com/images/products/3/LN_474274_BP_3.jpg,https://www.waitrose.com/ecom/products/essential-extra-mature-cheddar-cheese-strength-6-small/474274-268062-268063,Essential Extra Mature Cheddar Cheese Strength 6 Small,160g,£1.60,£10/kg,,Fresh & Chilled
410556,No.1 Lamb Small Boneless Leg,G,false,3136,https://ecom-su-static-prod.wtrecom.com/images/products/3/LN_410556_BP_3.jpg,https://www.waitrose.com/ecom/products/no1-lamb-small-boneless-leg/410556-590262-590263,No.1 Lamb Small Boneless Leg,Typical weight 0.72kg,£19.31 each est.,£27.01/kg,,Fresh & Chilled
562092,Itsu Sea Salt Crispy Seaweed Thins,G,true,3137,https://ecom-su-static-prod.wtrecom.com/images/products/3/LN_562092_BP_3.jpg,https://www.waitrose.com/ecom/products/itsu-sea-salt-crispy-seaweed-thins/562092-211986-211987,Itsu Sea Salt Crispy Seaweed Thins,5g,£1.00,£20/100g,"£5 Food to Go Meal Deal: Add 1 Main, 1 Snack and 1 Drink",Fresh & Chilled
939520,Clarence Court Traditional Breeds 8 Large Free Range Eggs,G,false,3138,https://ecom-su-static-prod.wtrecom.com/images/products/3/LN_939520_BP_3.jpg,https://www.waitrose.com/ecom/products/clarence-court-traditional-breeds-8-large-free-range-eggs/939520-823194-823195,Clarence Court Traditional Breeds 8 Large Free Range Eggs,8Each,£5.00,62.5p each,,Fresh & Chilled
073037,Waitrose Perfectly Ripe Amber Blush Peaches,G,false,3139,https://ecom-su-static-prod.wtrecom.com/images/products/3/LN_073037_BP_3.jpg,https://www.waitrose.com/ecom/products/waitrose-perfectly-ripe-amber-blush-peaches/073037-37070-37071,Waitrose Perfectly Ripe Amber Blush Peaches,4s,£3.99,99.8p each,,Fresh & Chilled
725879,Crosta & Mollica Gnocchi alla Sorrentina,G,false,3140,https://ecom-su-static-prod.wtrecom.com/images/products/3/LN_725879_BP_3.jpg,https://www.waitrose.com/ecom/products/crosta-mollica-gnocchi-alla-sorrentina/725879-823156-823157,Crosta & Mollica Gnocchi alla Sorrentina,400g,£5.00,£1.25/100g,,Fresh & Chilled
387789,Rude Health Organic Oat Barista Drink,G,false,3141,https://ecom-su-static-prod.wtrecom.com/images/products/3/LN_387789_BP_3.jpg,https://www.waitrose.com/ecom/products/rude-health-organic-oat-barista-drink/387789-826850-826851,Rude Health Organic Oat Barista Drink,1litre,£2.40,£2.40/litre,,Fresh & Chilled
402141,The Tofoo Co. Pepperoni Seitan,G,false,3142,https://ecom-su-static-prod.wtrecom.com/images/products/3/LN_402141_BP_3.jpg,https://www.waitrose.com/ecom/products/the-tofoo-co-pepperoni-seitan/402141-825013-825014,The Tofoo Co. Pepperoni Seitan,225g,£2.50,£1.12/100g,,Fresh & Chilled
830483,Waitrose 4 British Lamb Leg Steaks,G,false,3143,https://ecom-su-static-prod.wtrecom.com/images/products/3/LN_830483_BP_3.jpg,https://www.waitrose.com/ecom/products/waitrose-4-british-lamb-leg-steaks/830483-149893-149894,Waitrose 4 British Lamb Leg Steaks,Typical weight 0.54kg,£18.86 each est.,£35.00/kg,,Fresh & Chilled
664774,New York Lemon Cheesecake,E,false,3144,https://ecom-su-static-prod.wtrecom.com/images/products/3/LN_664774_BP_3.jpg,https://www.waitrose.com/ecom/products/new-york-lemon-cheesecake/664774-752743-752744,New York Lemon Cheesecake,Typical weight 1kg,£15.00,£1.50/100g,,Fresh & Chilled
434712,Califia Farms Extra Creamy Almond Milk Alternative,G,false,3145,https://ecom-su-static-prod.wtrecom.com/images/products/3/LN_434712_BP_3.jpg,https://www.waitrose.com/ecom/products/califia-farms-extra-creamy-almond-milk-alternative/434712-826852-826853,Califia Farms Extra Creamy Almond Milk Alternative,750ml,£2.50,£3.34/litre,,Fresh & Chilled
445206,Waitrose German Montagnolo Affine Blue Cheese,G,false,3146,https://ecom-su-static-prod.wtrecom.com/images/products/3/LN_445206_BP_3.jpg,https://www.waitrose.com/ecom/products/waitrose-german-montagnolo-affine-blue-cheese/445206-807538-807539,Waitrose German Montagnolo Affine Blue Cheese,160g,£3.50,£21.88/kg,,Fresh & Chilled
566186,Innocent Plus Wonder Green Apple & Pear High Vitamin Fruit Juice Large,G,true,3147,https://ecom-su-static-prod.wtrecom.com/images/products/3/LN_566186_BP_3.jpg,https://www.waitrose.com/ecom/products/innocent-plus-wonder-green-apple-pear-high-vitamin-fruit-juice-large/566186-693442-693443,Innocent Plus Wonder Green Apple & Pear High Vitamin Fruit Juice Large,750ml,£2.00,26.7p/100ml,Half Price. Was £4.00,Fresh & Chilled
488344,Waitrose Roast Chicken & Herby Pea Crush Sandwich,G,true,3148,https://ecom-su-static-prod.wtrecom.com/images/products/3/LN_488344_BP_3.jpg,https://www.waitrose.com/ecom/products/waitrose-roast-chicken-herby-pea-crush-sandwich/488344-825063-825064,Waitrose Roast Chicken & Herby Pea Crush Sandwich,each,£3.95,£3.95 each,"£5 Food to Go Meal Deal: Add 1 Main, 1 Snack and 1 Drink",Fresh & Chilled
688494,No.1 Mature Cheddar Cheese & Caramelised Onion Rolls,G,true,3149,https://ecom-su-static-prod.wtrecom.com/images/products/3/LN_688494_BP_3.jpg,https://www.waitrose.com/ecom/products/no1-mature-cheddar-cheese-caramelised-onion-rolls/688494-827218-827219,No.1 Mature Cheddar Cheese & Caramelised Onion Rolls,188g,£3.04,£1.62/100g,Introductory Offer.Will be £3.80,Fresh & Chilled
034464,Opies Pickled Walnuts,G,false,3150,https://ecom-su-static-prod.wtrecom.com/images/products/3/LN_034464_BP_3.jpg,https://www.waitrose.com/ecom/products/opies-pickled-walnuts/034464-17293-17294,Opies Pickled Walnuts,drained 170g,£3.90,£2.30/100g,,Fresh & Chilled
686174,Clarence Court Ostrich Egg,G,false,3151,https://ecom-su-static-prod.wtrecom.com/images/products/3/LN_686174_BP_3.jpg,https://www.waitrose.com/ecom/products/clarence-court-ostrich-egg/686174-97457-97458,Clarence Court Ostrich Egg,Each,£19.99,£19.99 each,,Fresh & Chilled
880654,Scottish Salmon En Croute with a lemon & mascarpone sauce,E,false,3152,https://ecom-su-static-prod.wtrecom.com/images/products/3/LN_880654_BP_3.jpg,https://www.waitrose.com/ecom/products/scottish-salmon-en-croute-with-a-lemon-mascarpone-sauce/880654-807799-807800,Scottish Salmon En Croute with a lemon & mascarpone sauce,Typical weight 1.44kg,£28.00,,,Fresh & Chilled
424175,Lucy's Original French Dressing,G,false,3153,https://ecom-su-static-prod.wtrecom.com/images/products/3/LN_424175_BP_3.jpg,https://www.waitrose.com/ecom/products/lucys-original-french-dressing/424175-589035-589036,Lucy's Original French Dressing,250ml,£4.00,£1.60/100ml,,Fresh & Chilled
827715,Waitrose British Boneless Leg of Lamb With Garlic & Rosemary,G,false,3154,https://ecom-su-static-prod.wtrecom.com/images/products/3/LN_827715_BP_3.jpg,https://www.waitrose.com/ecom/products/waitrose-british-boneless-leg-of-lamb-with-garlic-rosemary/827715-459974-459975,Waitrose British Boneless Leg of Lamb With Garlic & Rosemary,400g,£12.00,£30/kg,,Fresh & Chilled
885225,Shaken Udder White Chocolate Milkshake,G,true,3155,https://ecom-su-static-prod.wtrecom.com/images/products/3/LN_885225_BP_3.jpg,https://www.waitrose.com/ecom/products/shaken-udder-white-chocolate-milkshake/885225-825309-825310,Shaken Udder White Chocolate Milkshake,330ml,£1.70,£5.16/litre,"£5 Food to Go Meal Deal: Add 1 Main, 1 Snack and 1 Drink",Fresh & Chilled
766584,No. 1 Brillat Savarin Affine French Cheese Strength 2,G,false,3156,https://ecom-su-static-prod.wtrecom.com/images/products/3/LN_766584_BP_3.jpg,https://www.waitrose.com/ecom/products/no-1-brillat-savarin-affine-french-cheese-strength-2/766584-769638-769639,No. 1 Brillat Savarin Affine French Cheese Strength 2,200g,£5.60,£28/kg,,Fresh & Chilled
999031,The Collective Brekkie Blueberry Oat Kids Yoghurt Pouch,G,true,3157,https://ecom-su-static-prod.wtrecom.com/images/products/3/LN_999031_BP_3.jpg,https://www.waitrose.com/ecom/products/the-collective-brekkie-blueberry-oat-kids-yoghurt-pouch/999031-827645-827646,The Collective Brekkie Blueberry Oat Kids Yoghurt Pouch,110g,90p,81.8p/100g,Introductory Offer.Will be £1.20,Fresh & Chilled
996159,Quorn Sweet Chilli Mini Fillets,G,false,3158,https://ecom-su-static-prod.wtrecom.com/images/products/3/LN_996159_BP_3.jpg,https://www.waitrose.com/ecom/products/quorn-sweet-chilli-mini-fillets/996159-825399-825400,Quorn Sweet Chilli Mini Fillets,138g,£3.10,£2.25/100g,,Fresh & Chilled
995459,Unearthed German Style Salami,G,true,3159,https://ecom-su-static-prod.wtrecom.com/images/products/3/LN_995459_BP_3.jpg,https://www.waitrose.com/ecom/products/unearthed-german-style-salami/995459-827264-827265,Unearthed German Style Salami,125g,£2.65,£2.12/100g,New Line,Fresh & Chilled
990127,Unearthed Superior Rosemary & Black Pepper Olives,G,true,3160,https://ecom-su-static-prod.wtrecom.com/images/products/3/LN_990127_BP_3.jpg,https://www.waitrose.com/ecom/products/unearthed-superior-rosemary-black-pepper-olives/990127-827260-827261,Unearthed Superior Rosemary & Black Pepper Olives,140g,£2.73,£1.95/100g,Introductory Offer.Will be £3.65,Fresh & Chilled
982703,Dairylea Dunkers Jumbo Tubes 3 Pack,G,true,3161,https://ecom-su-static-prod.wtrecom.com/images/products/3/LN_982703_BP_3.jpg,https://www.waitrose.com/ecom/products/dairylea-dunkers-jumbo-tubes-3-pack/982703-827970-827971,Dairylea Dunkers Jumbo Tubes 3 Pack,3x41g,£1.76,£14.31/kg,Introductory Offer.Will be £2.35,Fresh & Chilled
979689,Cadbury Dairy Milk Pots of Joy,G,true,3162,https://ecom-su-static-prod.wtrecom.com/images/products/3/LN_979689_BP_3.jpg,https://www.waitrose.com/ecom/products/cadbury-dairy-milk-pots-of-joy/979689-827637-827638,Cadbury Dairy Milk Pots of Joy,350g,£1.50,42.9p/100g,Introductory Offer.Will be £3.00,Fresh & Chilled
977544,Waitrose British Native Breeds Beef Mince 15%,G,true,3163,https://ecom-su-static-prod.wtrecom.com/images/products/3/LN_977544_BP_3.jpg,https://www.waitrose.com/ecom/products/waitrose-british-native-breeds-beef-mince-15/977544-827968-827969,Waitrose British Native Breeds Beef Mince 15%,750g,£4.50,£6/kg,Introductory Offer.Will be £6.00,Fresh & Chilled
973285,The Real Cure Sloe & Garlic Wild Venison Salami,G,true,3164,https://ecom-su-static-prod.wtrecom.com/images/products/3/LN_973285_BP_3.jpg,https://www.waitrose.com/ecom/products/the-real-cure-sloe-garlic-wild-venison-salami/973285-827254-827255,The Real Cure Sloe & Garlic Wild Venison Salami,55g,£3.37,£6.13/100g,Introductory Offer.Will be £4.50,Fresh & Chilled
969902,Unearthed Westphalian Smoked Ham,G,true,3165,https://ecom-su-static-prod.wtrecom.com/images/products/3/LN_969902_BP_3.jpg,https://www.waitrose.com/ecom/products/unearthed-westphalian-smoked-ham/969902-827252-827253,Unearthed Westphalian Smoked Ham,0.1Kg,£3.00,£3/100g,Add 2 for £5,Fresh & Chilled
968696,The Berry Company Superberries Red Juice,G,true,3166,https://ecom-su-static-prod.wtrecom.com/images/products/3/LN_968696_BP_3.jpg,https://www.waitrose.com/ecom/products/the-berry-company-superberries-red-juice/968696-827581-827582,The Berry Company Superberries Red Juice,1litre,£2.00,20p/100ml,Introductory Offer.Will be £2.70,Fresh & Chilled
958567,Rubicon Lychee Juice Drink,G,true,3167,https://ecom-su-static-prod.wtrecom.com/images/products/3/LN_958567_BP_3.jpg,https://www.waitrose.com/ecom/products/rubicon-lychee-juice-drink/958567-827567-827568,Rubicon Lychee Juice Drink,1litre,£1.50,15p/100ml,Introductory Offer.Will be £1.85,Fresh & Chilled
957871,"James White Organic Apple, Mango & Carrot Juice",G,true,3168,https://ecom-su-static-prod.wtrecom.com/images/products/3/LN_957871_BP_3.jpg,https://www.waitrose.com/ecom/products/james-white-organic-apple-mango-carrot-juice/957871-827563-827564,"James White Organic Apple, Mango & Carrot Juice",3x200ml,£1.25,20.8p/100ml,Introductory Offer.Will be £2.50,Fresh & Chilled
953292,Unearthed Olives with Gouda & Cumin,G,true,3169,https://ecom-su-static-prod.wtrecom.com/images/products/3/LN_953292_BP_3.jpg,https://www.waitrose.com/ecom/products/unearthed-olives-with-gouda-cumin/953292-827250-827251,Unearthed Olives with Gouda & Cumin,150g,£2.73,£1.82/100g,Introductory Offer.Will be £3.65,Fresh & Chilled
951078,Ocean Spray Pink Cranberry Juice,G,true,3170,https://ecom-su-static-prod.wtrecom.com/images/products/3/LN_951078_BP_3.jpg,https://www.waitrose.com/ecom/products/ocean-spray-pink-cranberry-juice/951078-827557-827558,Ocean Spray Pink Cranberry Juice,1litre,£1.00,10p/100ml,Introductory Offer.Will be £1.95,Fresh & Chilled
945924,Big Zinger Golden Turmeric Shots,G,true,3171,https://ecom-su-static-prod.wtrecom.com/images/products/3/LN_945924_BP_3.jpg,https://www.waitrose.com/ecom/products/big-zinger-golden-turmeric-shots/945924-827553-827554,Big Zinger Golden Turmeric Shots,330ml,£2.50,75.8p/100ml,Introductory Offer.Will be £4.00,Fresh & Chilled
942131,Unearthed Castelreal Olives,G,true,3172,https://ecom-su-static-prod.wtrecom.com/images/products/3/LN_942131_BP_3.jpg,https://www.waitrose.com/ecom/products/unearthed-castelreal-olives/942131-827246-827247,Unearthed Castelreal Olives,140g,£2.73,£1.95/100g,Introductory Offer.Will be £3.65,Fresh & Chilled
941820,The Collective Brekkie Banana Oat Kids Yoghurt Pouch,G,true,3173,https://ecom-su-static-prod.wtrecom.com/images/products/3/LN_941820_BP_3.jpg,https://www.waitrose.com/ecom/products/the-collective-brekkie-banana-oat-kids-yoghurt-pouch/941820-827631-827632,The Collective Brekkie Banana Oat Kids Yoghurt Pouch,110g,90p,81.8p/100g,Introductory Offer.Will be £1.20,Fresh & Chilled
932505,Dairylea Dunkers Ritz,G,true,3174,https://ecom-su-static-prod.wtrecom.com/images/products/3/LN_932505_BP_3.jpg,https://www.waitrose.com/ecom/products/dairylea-dunkers-ritz/932505-827960-827961,Dairylea Dunkers Ritz,3x43g,£1.76,£13.65/kg,Introductory Offer.Will be £2.35,Fresh & Chilled
931639,Waitrose Tangerine Box,G,false,3175,https://ecom-su-static-prod.wtrecom.com/images/products/3/LN_931639_BP_3.jpg,https://www.waitrose.com/ecom/products/waitrose-tangerine-box/931639-827958-827959,Waitrose Tangerine Box,1Kg,£3.70,£3.70/kg,,Fresh & Chilled
923886,Unearthed Nocellara & Leccino Olives,G,true,3176,https://ecom-su-static-prod.wtrecom.com/images/products/3/LN_923886_BP_3.jpg,https://www.waitrose.com/ecom/products/unearthed-nocellara-leccino-olives/923886-827242-827243,Unearthed Nocellara & Leccino Olives,140g,£2.73,£1.95/100g,Introductory Offer.Will be £3.65,Fresh & Chilled
923755,The Real Cure Pink Peppercorn & Cider Salami,G,true,3177,https://ecom-su-static-prod.wtrecom.com/images/products/3/LN_923755_BP_3.jpg,https://www.waitrose.com/ecom/products/the-real-cure-pink-peppercorn-cider-salami/923755-827240-827241,The Real Cure Pink Peppercorn & Cider Salami,55g,£3.37,£6.13/100g,Introductory Offer.Will be £4.50,Fresh & Chilled
915624,The Honest Butcher Chicken Gravy,G,false,3178,https://ecom-su-static-prod.wtrecom.com/images/products/3/LN_915624_BP_3.jpg,https://www.waitrose.com/ecom/products/the-honest-butcher-chicken-gravy/915624-824468-824469,The Honest Butcher Chicken Gravy,450g,£3.50,£7.78/kg,,Fresh & Chilled
909146,Cherry Good Juice Drink,G,false,3179,https://ecom-su-static-prod.wtrecom.com/images/products/3/LN_909146_BP_3.jpg,https://www.waitrose.com/ecom/products/cherry-good-juice-drink/909146-827501-827502,Cherry Good Juice Drink,1litre,£2.00,20p/100ml,,Fresh & Chilled
908245,The Coconut Collab Plant Based Natural Coconut Yoghurt,G,false,3180,https://ecom-su-static-prod.wtrecom.com/images/products/3/LN_908245_BP_3.jpg,https://www.waitrose.com/ecom/products/the-coconut-collab-plant-based-natural-coconut-yoghurt/908245-827344-827345,The Coconut Collab Plant Based Natural Coconut Yoghurt,750g,£4.95,,,Fresh & Chilled
898616,Squeaky Bean Smoked Salmon Style Slices,G,true,3181,https://ecom-su-static-prod.wtrecom.com/images/products/3/LN_898616_BP_3.jpg,https://www.waitrose.com/ecom/products/squeaky-bean-smoked-salmon-style-slices/898616-810204-810205,Squeaky Bean Smoked Salmon Style Slices,80g,£2.80,£3.50/100g,20% Off. Was £3.50,Fresh & Chilled
896541,Palace Culture Plant Based Holy Smokes Organic Cream Soft Cheese Alternative,G,true,3182,https://ecom-su-static-prod.wtrecom.com/images/products/3/LN_896541_BP_3.jpg,https://www.waitrose.com/ecom/products/palace-culture-plant-based-holy-smokes-organic-cream-soft-cheese-alternative/896541-815592-815593,Palace Culture Plant Based Holy Smokes Organic Cream Soft Cheese Alternative,120g,£4.76,£39.67/kg,20% Off. Was £5.95,Fresh & Chilled
892682,Easy to Cook Chicken Cordon Bleu for 2,G,false,3183,https://ecom-su-static-prod.wtrecom.com/images/products/3/LN_892682_BP_3.jpg,https://www.waitrose.com/ecom/products/easy-to-cook-chicken-cordon-bleu-for-2/892682-779124-779125,Easy to Cook Chicken Cordon Bleu for 2,297g,£8.00,£26.94/kg,,Fresh & Chilled
891211,Graze Smokehouse BBQ Crunch,G,true,3184,https://ecom-su-static-prod.wtrecom.com/images/products/3/LN_891211_BP_3.jpg,https://www.waitrose.com/ecom/products/graze-smokehouse-bbq-crunch/891211-460135-460136,Graze Smokehouse BBQ Crunch,28g,£1.25,£4.47/100g,"£5 Food to Go Meal Deal: Add 1 Main, 1 Snack and 1 Drink",Fresh & Chilled
890950,Gü Double Chocolate Brownies,G,true,3185,https://ecom-su-static-prod.wtrecom.com/images/products/3/LN_890950_BP_3.jpg,https://www.waitrose.com/ecom/products/gu-double-chocolate-brownies/890950-810582-810583,Gü Double Chocolate Brownies,158g,£3.16,£2/100g,20% Off. Was £3.95,Fresh & Chilled
890781,Pilgrims Choice Extra Mature Cheddar Cheese,G,true,3186,https://ecom-su-static-prod.wtrecom.com/images/products/3/LN_890781_BP_3.jpg,https://www.waitrose.com/ecom/products/pilgrims-choice-extra-mature-cheddar-cheese/890781-815588-815589,Pilgrims Choice Extra Mature Cheddar Cheese,350g,£3.18,£9.09/kg,25% Off. Was £4.25,Fresh & Chilled
890677,Waitrose Good to Go Strawberry & Banana Smoothie Single,G,true,3187,https://ecom-su-static-prod.wtrecom.com/images/products/3/LN_890677_BP_3.jpg,https://www.waitrose.com/ecom/products/waitrose-good-to-go-strawberry-banana-smoothie-single/890677-762236-762237,Waitrose Good to Go Strawberry & Banana Smoothie Single,250ml,£1.50,60p/100ml,"£5 Food to Go Meal Deal: Add 1 Main, 1 Snack and 1 Drink",Fresh & Chilled
889683,Godminster Vintage British Cheddar Heart Cheese,G,false,3188,https://ecom-su-static-prod.wtrecom.com/images/products/3/LN_889683_BP_3.jpg,https://www.waitrose.com/ecom/products/godminster-vintage-british-cheddar-heart-cheese/889683-260130-260131,Godminster Vintage British Cheddar Heart Cheese,200g,£5.50,£27.50/kg,,Fresh & Chilled
888376,Waitrose British & French Three Cheese Selection Box,G,false,3189,https://ecom-su-static-prod.wtrecom.com/images/products/3/LN_888376_BP_3.jpg,https://www.waitrose.com/ecom/products/waitrose-british-french-three-cheese-selection-box/888376-803543-803543,Waitrose British & French Three Cheese Selection Box,260g,£4.50,£17.31/kg,,Fresh & Chilled
886595,Snowdonia Cheese Company Red Storm Vintage Red Leicester Cheese Truckle,G,false,3190,https://ecom-su-static-prod.wtrecom.com/images/products/3/LN_886595_BP_3.jpg,https://www.waitrose.com/ecom/products/snowdonia-cheese-company-red-storm-vintage-red-leicester-cheese-truckle/886595-726180-726181,Snowdonia Cheese Company Red Storm Vintage Red Leicester Cheese Truckle,200g,£5.00,£25/kg,,Fresh & Chilled
885117,La Fauxmagerie Camemvert,G,false,3191,https://ecom-su-static-prod.wtrecom.com/images/products/3/LN_885117_BP_3.jpg,https://www.waitrose.com/ecom/products/la-fauxmagerie-camemvert/885117-823184-823185,La Fauxmagerie Camemvert,160g,£6.00,£37.50/kg,,Fresh & Chilled
882964,Duchy Organic British Rack Of Lamb,G,false,3192,https://ecom-su-static-prod.wtrecom.com/images/products/3/LN_882964_BP_3.jpg,https://www.waitrose.com/ecom/products/duchy-organic-british-rack-of-lamb/882964-581686-581687,Duchy Organic British Rack Of Lamb,Typical weight 0.45kg,£18.90 each est.,£42.00/kg,,Fresh & Chilled
882356,The Yorkshire Smokehouse Smoked Venison,G,false,3193,https://ecom-su-static-prod.wtrecom.com/images/products/3/LN_882356_BP_3.jpg,https://www.waitrose.com/ecom/products/the-yorkshire-smokehouse-smoked-venison/882356-804376-804377,The Yorkshire Smokehouse Smoked Venison,70g,£4.25,£6.08/100g,,Fresh & Chilled
882282,No.1 British Rose Veal Cote de Veau,G,false,3194,https://ecom-su-static-prod.wtrecom.com/images/products/3/LN_882282_BP_3.jpg,https://www.waitrose.com/ecom/products/no1-british-rose-veal-cote-de-veau/882282-581684-581685,No.1 British Rose Veal Cote de Veau,Typical weight 0.34kg,£11.82 each est.,£34.51/kg,,Fresh & Chilled
882061,Made For Drink Chorizo Thins,G,false,3195,https://ecom-su-static-prod.wtrecom.com/images/products/3/LN_882061_BP_3.jpg,https://www.waitrose.com/ecom/products/made-for-drink-chorizo-thins/882061-666589-666590,Made For Drink Chorizo Thins,30g,£3.15,£10.50/100g,,Fresh & Chilled
881607,Yaar Nordic Vanilla Yogurt Bar,G,true,3196,https://ecom-su-static-prod.wtrecom.com/images/products/3/LN_881607_BP_3.jpg,https://www.waitrose.com/ecom/products/yaar-nordic-vanilla-yogurt-bar/881607-807085-807086,Yaar Nordic Vanilla Yogurt Bar,4x40g,£3.00,£1.88/100g,25% Off. Was £4.00,Fresh & Chilled
881002,Natoora Fresh Apricots,G,true,3197,https://ecom-su-static-prod.wtrecom.com/images/products/3/LN_881002_BP_3.jpg,https://www.waitrose.com/ecom/products/natoora-fresh-apricots/881002-665249-665250,Natoora Fresh Apricots,300g,£3.60,£12/kg,20% Off. Was £4.50,Fresh & Chilled
877792,Feel Good Fish Scottish Salmon Meatballs,G,false,3198,https://ecom-su-static-prod.wtrecom.com/images/products/3/LN_877792_BP_3.jpg,https://www.waitrose.com/ecom/products/feel-good-fish-scottish-salmon-meatballs/877792-785920-785921,Feel Good Fish Scottish Salmon Meatballs,300g,£5.25,£17.50/kg,,Fresh & Chilled
877270,Waitrose Slow Cooked Ox Cheeks with Red Wine,G,false,3199,https://ecom-su-static-prod.wtrecom.com/images/products/3/LN_877270_BP_3.jpg,https://www.waitrose.com/ecom/products/waitrose-slow-cooked-ox-cheeks-with-red-wine/877270-677672-677673,Waitrose Slow Cooked Ox Cheeks with Red Wine,415g,£8.25,£19.88/kg,,Fresh & Chilled
875011,Waitrose Chinese Beef Udon Noodles for 1,G,true,3200,https://ecom-su-static-prod.wtrecom.com/images/products/3/LN_875011_BP_3.jpg,https://www.waitrose.com/ecom/products/waitrose-chinese-beef-udon-noodles-for-1/875011-790977-790978,Waitrose Chinese Beef Udon Noodles for 1,350g,£5.10,£14.58/kg,£12 South East & East Asian Meal Deal : Add 2 Mains & 2 Sides,Fresh & Chilled
872535,Waitrose Abate Fetel Pears,G,true,3201,https://ecom-su-static-prod.wtrecom.com/images/products/3/LN_872535_BP_3.jpg,https://www.waitrose.com/ecom/products/waitrose-abate-fetel-pears/872535-373767-373768,Waitrose Abate Fetel Pears,4s,£2.00,50p each,20% Off. Was £2.50,Fresh & Chilled
871629,itsu Prawn Crackers Peking Duck Flavour,G,true,3202,https://ecom-su-static-prod.wtrecom.com/images/products/3/LN_871629_BP_3.jpg,https://www.waitrose.com/ecom/products/itsu-prawn-crackers-peking-duck-flavour/871629-605266-605267,itsu Prawn Crackers Peking Duck Flavour,19g,90p,£4.74/100g,"£5 Food to Go Meal Deal: Add 1 Main, 1 Snack and 1 Drink",Fresh & Chilled
869428,Pizza Express Pollo American Pizza,G,true,3203,https://ecom-su-static-prod.wtrecom.com/images/products/3/LN_869428_BP_3.jpg,https://www.waitrose.com/ecom/products/pizza-express-pollo-american-pizza/869428-813915-813916,Pizza Express Pollo American Pizza,417g,£4.72,£11.32/kg,25% Off. Was £6.30,Fresh & Chilled
868431,Natoora Hummus with Fresh Turmeric,G,false,3204,https://ecom-su-static-prod.wtrecom.com/images/products/3/LN_868431_BP_3.jpg,https://www.waitrose.com/ecom/products/natoora-hummus-with-fresh-turmeric/868431-657933-657934,Natoora Hummus with Fresh Turmeric,185g,£2.95,£1.60/100g,,Fresh & Chilled
867891,Palace Culture Plant Based Kimcheeze Semi Soft Cheese Alternative,G,true,3205,https://ecom-su-static-prod.wtrecom.com/images/products/3/LN_867891_BP_3.jpg,https://www.waitrose.com/ecom/products/palace-culture-plant-based-kimcheeze-semi-soft-cheese-alternative/867891-815582-815583,Palace Culture Plant Based Kimcheeze Semi Soft Cheese Alternative,120g,£4.76,£39.67/kg,20% Off. Was £5.95,Fresh & Chilled
864393,Sprite Zero Sugar Bottle,G,true,3206,https://ecom-su-static-prod.wtrecom.com/images/products/3/LN_864393_BP_3.jpg,https://www.waitrose.com/ecom/products/sprite-zero-sugar-bottle/864393-324357-324358,Sprite Zero Sugar Bottle,500ml,£1.75,35p/100ml,"£5 Food to Go Meal Deal: Add 1 Main, 1 Snack and 1 Drink",Fresh & Chilled
863233,Bart Coriander Seeds,G,false,3207,https://ecom-su-static-prod.wtrecom.com/images/products/3/LN_863233_BP_3.jpg,https://www.waitrose.com/ecom/products/bart-coriander-seeds/863233-810486-810487,Bart Coriander Seeds,20g,£2.25,£1.13/10g,,Fresh & Chilled
862125,Light & Free Peach & Passionfruit Fat Free Greek Yogurt,G,false,3208,https://ecom-su-static-prod.wtrecom.com/images/products/3/LN_862125_BP_3.jpg,https://www.waitrose.com/ecom/products/light-free-peach-passionfruit-fat-free-greek-yogurt/862125-807077-807078,Light & Free Peach & Passionfruit Fat Free Greek Yogurt,4x115g,£2.90,63p/100g,,Fresh & Chilled
861830,Japan Menyū 2 Teriyaki Glazed Salmon fillets,G,true,3209,https://ecom-su-static-prod.wtrecom.com/images/products/3/LN_861830_BP_3.jpg,https://www.waitrose.com/ecom/products/japan-meny-2-teriyaki-glazed-salmon-fillets/861830-811051-811052,Japan Menyū 2 Teriyaki Glazed Salmon fillets,235g,£5.56,£2.37/100g,20% Off. Was £6.95,Fresh & Chilled
861670,The Tofoo Co. Soy & Ginger Tempeh Pieces,G,false,3210,https://ecom-su-static-prod.wtrecom.com/images/products/3/LN_861670_BP_3.jpg,https://www.waitrose.com/ecom/products/the-tofoo-co-soy-ginger-tempeh-pieces/861670-810186-810187,The Tofoo Co. Soy & Ginger Tempeh Pieces,180g,£3.00,£16.67/kg,,Fresh & Chilled
861087,Quorn Vegetarian Chicken & Leek Family Pie,G,false,3211,https://ecom-su-static-prod.wtrecom.com/images/products/3/LN_861087_BP_3.jpg,https://www.waitrose.com/ecom/products/quorn-vegetarian-chicken-leek-family-pie/861087-817018-817019,Quorn Vegetarian Chicken & Leek Family Pie,680g,£4.00,£5.89/kg,,Fresh & Chilled
858851,PlantLiving: No Chicken & Pesto Sandwich,G,true,3212,https://ecom-su-static-prod.wtrecom.com/images/products/3/LN_858851_BP_3.jpg,https://www.waitrose.com/ecom/products/plantliving-no-chicken-pesto-sandwich/858851-817146-817147,PlantLiving: No Chicken & Pesto Sandwich,186g,£3.90,,"£5 Food to Go Meal Deal: Add 1 Main, 1 Snack and 1 Drink",Fresh & Chilled
856280,The Yorkshire Smokehouse Ale Cured Beef,G,false,3213,https://ecom-su-static-prod.wtrecom.com/images/products/3/LN_856280_BP_3.jpg,https://www.waitrose.com/ecom/products/the-yorkshire-smokehouse-ale-cured-beef/856280-804370-804371,The Yorkshire Smokehouse Ale Cured Beef,70g,£4.00,£5.72/100g,,Fresh & Chilled
856251,Propercorn Lightly Sea Salted,G,true,3214,https://ecom-su-static-prod.wtrecom.com/images/products/3/LN_856251_BP_3.jpg,https://www.waitrose.com/ecom/products/propercorn-lightly-sea-salted/856251-605250-605251,Propercorn Lightly Sea Salted,20g,£1.10,£5.50/100g,"£5 Food to Go Meal Deal: Add 1 Main, 1 Snack and 1 Drink",Fresh & Chilled
855868,Deliciously Ella Peanut Butter Oat Bar,G,true,3215,https://ecom-su-static-prod.wtrecom.com/images/products/3/LN_855868_BP_3.jpg,https://www.waitrose.com/ecom/products/deliciously-ella-peanut-butter-oat-bar/855868-807935-807936,Deliciously Ella Peanut Butter Oat Bar,50g,£1.20,£2.40/100g,"£5 Food to Go Meal Deal: Add 1 Main, 1 Snack and 1 Drink",Fresh & Chilled
855654,No. 1 Highmoor Semi Soft Cheese Strength 3,G,false,3216,https://ecom-su-static-prod.wtrecom.com/images/products/3/LN_855654_BP_3.jpg,https://www.waitrose.com/ecom/products/no-1-highmoor-semi-soft-cheese-strength-3/855654-704591-704592,No. 1 Highmoor Semi Soft Cheese Strength 3,150g,£5.60,£3.74/100g,,Fresh & Chilled
855636,No.1 British Chateaubriand,G,false,3217,https://ecom-su-static-prod.wtrecom.com/images/products/3/LN_855636_BP_3.jpg,https://www.waitrose.com/ecom/products/no1-british-chateaubriand/855636-790969-790970,No.1 British Chateaubriand,Typical weight 0.5kg,£24.98 each est.,£5/100g,,Fresh & Chilled
854553,Waitrose Chocolate Brownie,G,true,3218,https://ecom-su-static-prod.wtrecom.com/images/products/3/LN_854553_BP_3.jpg,https://www.waitrose.com/ecom/products/waitrose-chocolate-brownie/854553-369209-369210,Waitrose Chocolate Brownie,58g,£1.10,£1.90/100g,"£5 Food to Go Meal Deal: Add 1 Main, 1 Snack and 1 Drink",Fresh & Chilled
853829,Waitrose Classic Beef Stroganoff with Rice for 1,G,false,3219,https://ecom-su-static-prod.wtrecom.com/images/products/3/LN_853829_BP_3.jpg,https://www.waitrose.com/ecom/products/waitrose-classic-beef-stroganoff-with-rice-for-1/853829-679127-679128,Waitrose Classic Beef Stroganoff with Rice for 1,400g,£4.30,£10.75/kg,,Fresh & Chilled
853563,Higgidy Feta & Red Pepper Veggie Rolls,G,true,3220,https://ecom-su-static-prod.wtrecom.com/images/products/3/LN_853563_BP_3.jpg,https://www.waitrose.com/ecom/products/higgidy-feta-red-pepper-veggie-rolls/853563-795252-795253,Higgidy Feta & Red Pepper Veggie Rolls,54g,£1.50,,"£5 Food to Go Meal Deal: Add 1 Main, 1 Snack and 1 Drink",Fresh & Chilled
853550,Food Heaven Heavenly Whipped Dairy Free Plant Based Cream,G,false,3221,https://ecom-su-static-prod.wtrecom.com/images/products/3/LN_853550_BP_3.jpg,https://www.waitrose.com/ecom/products/food-heaven-heavenly-whipped-dairy-free-plant-based-cream/853550-789058-789059,Food Heaven Heavenly Whipped Dairy Free Plant Based Cream,200ml,£2.30,£1.15/100ml,,Fresh & Chilled
853233,No. 1 Robiola Bosina Italian Cheese Strength 2,G,false,3222,https://ecom-su-static-prod.wtrecom.com/images/products/3/LN_853233_BP_3.jpg,https://www.waitrose.com/ecom/products/no-1-robiola-bosina-italian-cheese-strength-2/853233-744083-744084,No. 1 Robiola Bosina Italian Cheese Strength 2,250g,£6.85,£27.40/kg,,Fresh & Chilled
853220,Waitrose Italian Chilli Prawn Spaghetti for 1,G,true,3223,https://ecom-su-static-prod.wtrecom.com/images/products/3/LN_853220_BP_3.jpg,https://www.waitrose.com/ecom/products/waitrose-italian-chilli-prawn-spaghetti-for-1/853220-694151-694152,Waitrose Italian Chilli Prawn Spaghetti for 1,360g,£3.50,£9.73/kg,Add 2 for £6.50,Fresh & Chilled
849171,No. 1 Hampshire Tunworth Camembert Cheese,G,false,3224,https://ecom-su-static-prod.wtrecom.com/images/products/3/LN_849171_BP_3.jpg,https://www.waitrose.com/ecom/products/no-1-hampshire-tunworth-camembert-cheese/849171-650495-650496,No. 1 Hampshire Tunworth Camembert Cheese,250g,£8.50,£34/kg,,Fresh & Chilled
847786,Isigny Ste Mere Petit Pont l'Eveque PDO French Soft Cheese,G,false,3225,https://ecom-su-static-prod.wtrecom.com/images/products/3/LN_847786_BP_3.jpg,https://www.waitrose.com/ecom/products/isigny-ste-mere-petit-pont-leveque-pdo-french-soft-cheese/847786-769577-769578,Isigny Ste Mere Petit Pont l'Eveque PDO French Soft Cheese,220g,£3.50,£15.91/kg,,Fresh & Chilled
847138,Waitrose Ham Hock & Red Leicester Ploughmans,G,true,3226,https://ecom-su-static-prod.wtrecom.com/images/products/3/LN_847138_BP_3.jpg,https://www.waitrose.com/ecom/products/waitrose-ham-hock-red-leicester-ploughmans/847138-779987-779988,Waitrose Ham Hock & Red Leicester Ploughmans,each,£4.50,£4.50 each,"£5 Food to Go Meal Deal: Add 1 Main, 1 Snack and 1 Drink",Fresh & Chilled
846791,Arla Jord Long Life Oat Drink,G,false,3227,https://ecom-su-static-prod.wtrecom.com/images/products/3/LN_846791_BP_3.jpg,https://www.waitrose.com/ecom/products/arla-jord-long-life-oat-drink/846791-823104-823105,Arla Jord Long Life Oat Drink,1litre,£1.80,£1.80/litre,,Fresh & Chilled
846688,Chika's Black Pepper Cashews,G,true,3228,https://ecom-su-static-prod.wtrecom.com/images/products/3/LN_846688_BP_3.jpg,https://www.waitrose.com/ecom/products/chikas-black-pepper-cashews/846688-443066-443067,Chika's Black Pepper Cashews,100g,£3.00,£3/100g,20% Off. Was £3.80,Fresh & Chilled
845906,Cauldron Vegan Pumpkin Bakes,G,false,3229,https://ecom-su-static-prod.wtrecom.com/images/products/3/LN_845906_BP_3.jpg,https://www.waitrose.com/ecom/products/cauldron-vegan-pumpkin-bakes/845906-825285-825286,Cauldron Vegan Pumpkin Bakes,200g,£2.80,£1.40/100g,,Fresh & Chilled
845852,Snowdonia Rock Star Vintage Cheddar Truckle,G,false,3230,https://ecom-su-static-prod.wtrecom.com/images/products/3/LN_845852_BP_3.jpg,https://www.waitrose.com/ecom/products/snowdonia-rock-star-vintage-cheddar-truckle/845852-823178-823179,Snowdonia Rock Star Vintage Cheddar Truckle,200g,£5.50,£27.50/kg,,Fresh & Chilled
844910,Deliciously Ella Cacao & Almond Oat Bar,G,true,3231,https://ecom-su-static-prod.wtrecom.com/images/products/3/LN_844910_BP_3.jpg,https://www.waitrose.com/ecom/products/deliciously-ella-cacao-almond-oat-bar/844910-807929-807930,Deliciously Ella Cacao & Almond Oat Bar,50g,£1.20,£2.40/100g,"£5 Food to Go Meal Deal: Add 1 Main, 1 Snack and 1 Drink",Fresh & Chilled
844149,Waitrose King Prawns in Paprika & Garlic,G,false,3232,https://ecom-su-static-prod.wtrecom.com/images/products/3/LN_844149_BP_3.jpg,https://www.waitrose.com/ecom/products/waitrose-king-prawns-in-paprika-garlic/844149-791953-791954,Waitrose King Prawns in Paprika & Garlic,150g,£4.50,£3/100g,,Fresh & Chilled
841993,Palace Culture Plant Based Organic Mouldy Goaty Cheese Alternative,G,true,3233,https://ecom-su-static-prod.wtrecom.com/images/products/3/LN_841993_BP_3.jpg,https://www.waitrose.com/ecom/products/palace-culture-plant-based-organic-mouldy-goaty-cheese-alternative/841993-815566-815567,Palace Culture Plant Based Organic Mouldy Goaty Cheese Alternative,100g,£4.76,£47.60/kg,20% Off. Was £5.95,Fresh & Chilled
841771,Natoora Muhammara with Roasted Italian Peppers,G,false,3234,https://ecom-su-static-prod.wtrecom.com/images/products/3/LN_841771_BP_3.jpg,https://www.waitrose.com/ecom/products/natoora-muhammara-with-roasted-italian-peppers/841771-666549-666550,Natoora Muhammara with Roasted Italian Peppers,165g,£4.80,£2.91/100g,,Fresh & Chilled
841041,Taiko Spicy Chicken Ramen,G,false,3235,https://ecom-su-static-prod.wtrecom.com/images/products/3/LN_841041_BP_3.jpg,https://www.waitrose.com/ecom/products/taiko-spicy-chicken-ramen/841041-811043-811044,Taiko Spicy Chicken Ramen,297g,£5.50,£1.86/100g,,Fresh & Chilled
840603,No.1 Dry Aged Bone in Sirloin of British Beef,E,false,3236,https://ecom-su-static-prod.wtrecom.com/images/products/3/LN_840603_BP_3.jpg,https://www.waitrose.com/ecom/products/no1-dry-aged-bone-in-sirloin-of-british-beef/840603-701754-701755,No.1 Dry Aged Bone in Sirloin of British Beef,(1.2kg-1.7kg),£42-£60 each est.,£35 / kg,,Fresh & Chilled
840053,Waitrose Cooked Sweet & Smoky Chicken Wings,G,false,3237,https://ecom-su-static-prod.wtrecom.com/images/products/3/LN_840053_BP_3.jpg,https://www.waitrose.com/ecom/products/waitrose-cooked-sweet-smoky-chicken-wings/840053-827232-827233,Waitrose Cooked Sweet & Smoky Chicken Wings,350g,£3.75,£1.08/100g,,Fresh & Chilled
838451,Fulfil Chocolate Salted Caramel Bar,G,true,3238,https://ecom-su-static-prod.wtrecom.com/images/products/3/LN_838451_BP_3.jpg,https://www.waitrose.com/ecom/products/fulfil-chocolate-salted-caramel-bar/838451-693276-693277,Fulfil Chocolate Salted Caramel Bar,40g,£2.45,£6.13/100g,"£5 Food to Go Meal Deal: Add 1 Main, 1 Snack and 1 Drink",Fresh & Chilled
837069,Cooks' Ingredients Yellow Mustard Seeds,G,true,3239,https://ecom-su-static-prod.wtrecom.com/images/products/3/LN_837069_BP_3.jpg,https://www.waitrose.com/ecom/products/cooks-ingredients-yellow-mustard-seeds/837069-785200-785201,Cooks' Ingredients Yellow Mustard Seeds,58g,£1.60,27.6p/10g,Add 2 for £2.75,Fresh & Chilled
836639,Clementine Cheesecake,E,false,3240,https://ecom-su-static-prod.wtrecom.com/images/products/3/LN_836639_BP_3.jpg,https://www.waitrose.com/ecom/products/clementine-cheesecake/836639-784108-784109,Clementine Cheesecake,Typical weight 0.95kg,£14.00,£1.48/100g,,Fresh & Chilled
836395,Waitrose Plant Living Southern Fried No Chicken Burger,G,false,3241,https://ecom-su-static-prod.wtrecom.com/images/products/3/LN_836395_BP_3.jpg,https://www.waitrose.com/ecom/products/waitrose-plant-living-southern-fried-no-chicken-burger/836395-825277-825278,Waitrose Plant Living Southern Fried No Chicken Burger,227g,£3.00,£1.33/100g,,Fresh & Chilled
835335,No. 1 Perl Las Welsh Cheese Strength 4,G,false,3242,https://ecom-su-static-prod.wtrecom.com/images/products/3/LN_835335_BP_3.jpg,https://www.waitrose.com/ecom/products/no-1-perl-las-welsh-cheese-strength-4/835335-769260-769261,No. 1 Perl Las Welsh Cheese Strength 4,200g,£5.50,£27.50/kg,,Fresh & Chilled
834040,Heura Original Vegan Burger,G,false,3243,https://ecom-su-static-prod.wtrecom.com/images/products/3/LN_834040_BP_3.jpg,https://www.waitrose.com/ecom/products/heura-original-vegan-burger/834040-825271-825272,Heura Original Vegan Burger,277g,£3.50,£1.55/100g,,Fresh & Chilled
833257,Rosary Goats Cheese with Garlic & Herb,G,false,3244,https://ecom-su-static-prod.wtrecom.com/images/products/3/LN_833257_BP_3.jpg,https://www.waitrose.com/ecom/products/rosary-goats-cheese-with-garlic-herb/833257-726164-726165,Rosary Goats Cheese with Garlic & Herb,100g,£3.00,£30/kg,,Fresh & Chilled
832700,Powters Chefs' Pig Sausagemeat,G,false,3245,https://ecom-su-static-prod.wtrecom.com/images/products/3/LN_832700_BP_3.jpg,https://www.waitrose.com/ecom/products/powters-chefs-pig-sausagemeat/832700-743210-743211,Powters Chefs' Pig Sausagemeat,400g,£3.95,£9.88/kg,,Fresh & Chilled
832188,Findlater's Wilted Spinach & Ricotta Dip,G,true,3246,https://ecom-su-static-prod.wtrecom.com/images/products/3/LN_832188_BP_3.jpg,https://www.waitrose.com/ecom/products/findlaters-wilted-spinach-ricotta-dip/832188-319702-319703,Findlater's Wilted Spinach & Ricotta Dip,150g,£1.98,£1.32/100g,25% Off. Was £2.65,Fresh & Chilled
829708,Snowdonia Black Bomber Welsh Rarebit Cheese Bake,G,false,3247,https://ecom-su-static-prod.wtrecom.com/images/products/3/LN_829708_BP_3.jpg,https://www.waitrose.com/ecom/products/snowdonia-black-bomber-welsh-rarebit-cheese-bake/829708-823170-823171,Snowdonia Black Bomber Welsh Rarebit Cheese Bake,150g,£6.00,£40/kg,,Fresh & Chilled
824810,Cooks' Ingredients Herby Fennel Sausage Crumb,G,true,3248,https://ecom-su-static-prod.wtrecom.com/images/products/3/LN_824810_BP_3.jpg,https://www.waitrose.com/ecom/products/cooks-ingredients-herby-fennel-sausage-crumb/824810-785578-785579,Cooks' Ingredients Herby Fennel Sausage Crumb,2 x 60g,£2.56,£2.14/100g,20% Off. Was £3.20,Fresh & Chilled
824641,Cauldron Vegan Spinach Bakes,G,false,3249,https://ecom-su-static-prod.wtrecom.com/images/products/3/LN_824641_BP_3.jpg,https://www.waitrose.com/ecom/products/cauldron-vegan-spinach-bakes/824641-825259-825260,Cauldron Vegan Spinach Bakes,200g,£2.80,£1.40/100g,,Fresh & Chilled
823687,Unearthed Serrano Ham Croquetas,G,true,3250,https://ecom-su-static-prod.wtrecom.com/images/products/3/LN_823687_BP_3.jpg,https://www.waitrose.com/ecom/products/unearthed-serrano-ham-croquetas/823687-804360-804361,Unearthed Serrano Ham Croquetas,180g,£3.15,£1.75/100g,25% Off. Was £4.20,Fresh & Chilled
823241,English Cheesecake Co Blonde Choc Cheesecake Bites,G,false,3251,https://ecom-su-static-prod.wtrecom.com/images/products/3/LN_823241_BP_3.jpg,https://www.waitrose.com/ecom/products/english-cheesecake-co-blonde-choc-cheesecake-bites/823241-810566-810567,English Cheesecake Co Blonde Choc Cheesecake Bites,2x34g,£2.00,£2.95/100g,,Fresh & Chilled
823176,Patum Peperium The Angler's Finest Relish,G,false,3252,https://ecom-su-static-prod.wtrecom.com/images/products/3/LN_823176_BP_3.jpg,https://www.waitrose.com/ecom/products/patum-peperium-the-anglers-finest-relish/823176-703422-703423,Patum Peperium The Angler's Finest Relish,37g,£2.50,£6.76/100g,,Fresh & Chilled
821141,Taiko Sweet Potato Poke Bowl,G,true,3253,https://ecom-su-static-prod.wtrecom.com/images/products/3/LN_821141_BP_3.jpg,https://www.waitrose.com/ecom/products/taiko-sweet-potato-poke-bowl/821141-817134-817135,Taiko Sweet Potato Poke Bowl,329g,£4.50,£1.37/100g,"£5 Food to Go Meal Deal: Add 1 Main, 1 Snack and 1 Drink",Fresh & Chilled
821082,No. 1 Bix Soft Cheese Strength 2,G,false,3254,https://ecom-su-static-prod.wtrecom.com/images/products/3/LN_821082_BP_3.jpg,https://www.waitrose.com/ecom/products/no-1-bix-soft-cheese-strength-2/821082-697750-697751,No. 1 Bix Soft Cheese Strength 2,100g,£5.95,£59.50/kg,,Fresh & Chilled
820681,The Yorkshire Smokehouse Smoked Chicken,G,false,3255,https://ecom-su-static-prod.wtrecom.com/images/products/3/LN_820681_BP_3.jpg,https://www.waitrose.com/ecom/products/the-yorkshire-smokehouse-smoked-chicken/820681-804358-804359,The Yorkshire Smokehouse Smoked Chicken,100g,£4.00,£4/100g,,Fresh & Chilled
818972,Taiko MSC Tuna Sushi Wrap,G,false,3256,https://ecom-su-static-prod.wtrecom.com/images/products/3/LN_818972_BP_3.jpg,https://www.waitrose.com/ecom/products/taiko-msc-tuna-sushi-wrap/818972-387741-387742,Taiko MSC Tuna Sushi Wrap,224g,£4.40,£1.97/100g,,Fresh & Chilled
818538,No. 1 Leckford Creamy Washed-Rind Cheese Strength 3,G,false,3257,https://ecom-su-static-prod.wtrecom.com/images/products/3/LN_818538_BP_3.jpg,https://www.waitrose.com/ecom/products/no-1-leckford-creamy-washed-rind-cheese-strength-3/818538-807673-807674,No. 1 Leckford Creamy Washed-Rind Cheese Strength 3,150g,£6.50,£43.34/kg,,Fresh & Chilled
818357,Warrendale 6 Wagyu Original Sausages,G,true,3258,https://ecom-su-static-prod.wtrecom.com/images/products/3/LN_818357_BP_3.jpg,https://www.waitrose.com/ecom/products/warrendale-6-wagyu-original-sausages/818357-812679-812680,Warrendale 6 Wagyu Original Sausages,400g,£4.12,£10.30/kg,25% Off. Was £5.50,Fresh & Chilled
818263,Waitrose Chicken Legs with Mushroom Sauce,G,false,3259,https://ecom-su-static-prod.wtrecom.com/images/products/3/LN_818263_BP_3.jpg,https://www.waitrose.com/ecom/products/waitrose-chicken-legs-with-mushroom-sauce/818263-739530-739531,Waitrose Chicken Legs with Mushroom Sauce,620g,£6.80,£10.97/kg,,Fresh & Chilled
817879,Clive's Organic Red Pepper Harissa Quiche,G,false,3260,https://ecom-su-static-prod.wtrecom.com/images/products/3/LN_817879_BP_3.jpg,https://www.waitrose.com/ecom/products/clives-organic-red-pepper-harissa-quiche/817879-788411-788412,Clive's Organic Red Pepper Harissa Quiche,380g,£4.70,£1.24/100g,,Fresh & Chilled
817666,No.1 Lamb Leg Steaks,G,false,3261,https://ecom-su-static-prod.wtrecom.com/images/products/3/LN_817666_BP_3.jpg,https://www.waitrose.com/ecom/products/no1-lamb-leg-steaks/817666-507973-507974,No.1 Lamb Leg Steaks,Typical weight 0.23kg,£10.03 each est.,£42.99/kg,,Fresh & Chilled
815595,Potts' Lamb Stock,G,false,3262,https://ecom-su-static-prod.wtrecom.com/images/products/3/LN_815595_BP_3.jpg,https://www.waitrose.com/ecom/products/potts-lamb-stock/815595-815622-815623,Potts' Lamb Stock,500ml,£2.50,50p/100ml,,Fresh & Chilled
814768,Nexba Mango Kombucha,G,true,3263,https://ecom-su-static-prod.wtrecom.com/images/products/3/LN_814768_BP_3.jpg,https://www.waitrose.com/ecom/products/nexba-mango-kombucha/814768-806332-806333,Nexba Mango Kombucha,1litre,£2.00,20p/100ml,Save 1/3. Was £3.00,Fresh & Chilled
814030,Godminster Organic Black Truffle Mature Cheddar Cheese,G,false,3264,https://ecom-su-static-prod.wtrecom.com/images/products/3/LN_814030_BP_3.jpg,https://www.waitrose.com/ecom/products/godminster-organic-black-truffle-mature-cheddar-cheese/814030-706009-706010,Godminster Organic Black Truffle Mature Cheddar Cheese,200g,£7.00,£35/kg,,Fresh & Chilled
813803,"Yorkshire Provender Tomato Chorizo, Chickpea",G,true,3265,https://ecom-su-static-prod.wtrecom.com/images/products/3/LN_813803_BP_3.jpg,https://www.waitrose.com/ecom/products/yorkshire-provender-tomato-chorizo-chickpea/813803-789026-789027,"Yorkshire Provender Tomato Chorizo, Chickpea",560g,£2.65,47.3p/100g,save 55p. Was £3.20,Fresh & Chilled
812342,Mockingbird Raw Press Raw Glow Virgin Smoothie Large,G,true,3266,https://ecom-su-static-prod.wtrecom.com/images/products/3/LN_812342_BP_3.jpg,https://www.waitrose.com/ecom/products/mockingbird-raw-press-raw-glow-virgin-smoothie-large/812342-777011-777012,Mockingbird Raw Press Raw Glow Virgin Smoothie Large,750ml,£3.16,£4.22/litre,Save 1/3. Was £4.75,Fresh & Chilled
812016,Natoora Fresh Herb Hummus,G,false,3267,https://ecom-su-static-prod.wtrecom.com/images/products/3/LN_812016_BP_3.jpg,https://www.waitrose.com/ecom/products/natoora-fresh-herb-hummus/812016-657879-657880,Natoora Fresh Herb Hummus,185g,£2.95,£1.60/100g,,Fresh & Chilled
811955,Lucullus Fig & Citrus Confit Cheese Accompaniment,G,false,3268,https://ecom-su-static-prod.wtrecom.com/images/products/3/LN_811955_BP_3.jpg,https://www.waitrose.com/ecom/products/lucullus-fig-citrus-confit-cheese-accompaniment/811955-319678-319679,Lucullus Fig & Citrus Confit Cheese Accompaniment,100g,£2.10,£2.10/100g,,Fresh & Chilled
811375,Essential French Goats Cheese Strength 2,G,false,3269,https://ecom-su-static-prod.wtrecom.com/images/products/3/LN_811375_BP_3.jpg,https://www.waitrose.com/ecom/products/essential-french-goats-cheese-strength-2/811375-229421-229422,Essential French Goats Cheese Strength 2,150g,£2.40,£16/kg,,Fresh & Chilled
810896,Califia Farms Organic Oat Milk Alternative,G,false,3270,https://ecom-su-static-prod.wtrecom.com/images/products/3/LN_810896_BP_3.jpg,https://www.waitrose.com/ecom/products/califia-farms-organic-oat-milk-alternative/810896-826870-826871,Califia Farms Organic Oat Milk Alternative,750ml,£2.50,£3.34/litre,,Fresh & Chilled
810017,"Innocent Invigorate, Kiwi & Cucumber High Vitamin Fruit Super Smoothie",G,true,3271,https://ecom-su-static-prod.wtrecom.com/images/products/3/LN_810017_BP_3.jpg,https://www.waitrose.com/ecom/products/innocent-invigorate-kiwi-cucumber-high-vitamin-fruit-super-smoothie/810017-722513-722514,"Innocent Invigorate, Kiwi & Cucumber High Vitamin Fruit Super Smoothie",300ml,£2.65,88.3p/100ml,"£5 Food to Go Meal Deal: Add 1 Main, 1 Snack and 1 Drink",Fresh & Chilled
808929,Cooks' Ingredients Dark Black Garlic,G,false,3272,https://ecom-su-static-prod.wtrecom.com/images/products/3/LN_808929_BP_3.jpg,https://www.waitrose.com/ecom/products/cooks-ingredients-dark-black-garlic/808929-672981-672982,Cooks' Ingredients Dark Black Garlic,Each,£4.00,£4 each,,Fresh & Chilled
807992,Japan Menyū 2 Miso Glazed Cod Fillets,G,true,3273,https://ecom-su-static-prod.wtrecom.com/images/products/3/LN_807992_BP_3.jpg,https://www.waitrose.com/ecom/products/japan-meny-2-miso-glazed-cod-fillets/807992-811029-811030,Japan Menyū 2 Miso Glazed Cod Fillets,274g,£5.20,£1.90/100g,20% Off. Was £6.50,Fresh & Chilled
807782,Essential Crunchy Vegetable Stir Fry,G,true,3274,https://ecom-su-static-prod.wtrecom.com/images/products/3/LN_807782_BP_3.jpg,https://www.waitrose.com/ecom/products/essential-crunchy-vegetable-stir-fry/807782-161891-161892,Essential Crunchy Vegetable Stir Fry,450g,£1.60,35.6p/100g,"£7 Stir Fry Meal Deal: Add protein, veg, sauce & rice or noodles",Fresh & Chilled
807650,Mockingbird Raw Press Activate Fruit Juice,G,false,3275,https://ecom-su-static-prod.wtrecom.com/images/products/3/LN_807650_BP_3.jpg,https://www.waitrose.com/ecom/products/mockingbird-raw-press-activate-fruit-juice/807650-790953-790954,Mockingbird Raw Press Activate Fruit Juice,750ml,£4.40,58.7p/100ml,,Fresh & Chilled
807191,Tideford Organics Coconut & Noodle Soup,G,false,3276,https://ecom-su-static-prod.wtrecom.com/images/products/3/LN_807191_BP_3.jpg,https://www.waitrose.com/ecom/products/tideford-organics-coconut-noodle-soup/807191-812667-812668,Tideford Organics Coconut & Noodle Soup,560g,£3.40,60.7p/100g,,Fresh & Chilled
807017,Unearthed Paprika & Chilli Anchovies,G,true,3277,https://ecom-su-static-prod.wtrecom.com/images/products/3/LN_807017_BP_3.jpg,https://www.waitrose.com/ecom/products/unearthed-paprika-chilli-anchovies/807017-824602-824603,Unearthed Paprika & Chilli Anchovies,100g,£2.25,£2.25/100g,25% Off. Was £3.00,Fresh & Chilled
806334,British Native Breed Whole Shin of Beef,E,false,3278,https://ecom-su-static-prod.wtrecom.com/images/products/3/LN_806334_BP_3.jpg,https://www.waitrose.com/ecom/products/british-native-breed-whole-shin-of-beef/806334-415394-415395,British Native Breed Whole Shin of Beef,(2kg-2.8kg),£20-£28 each est.,£10 / kg,,Fresh & Chilled
806139,No1. Damson & Apple Chutney,G,false,3279,https://ecom-su-static-prod.wtrecom.com/images/products/3/LN_806139_BP_3.jpg,https://www.waitrose.com/ecom/products/no1-damson-apple-chutney/806139-697916-697917,No1. Damson & Apple Chutney,120g,£3.00,£2.50/100g,,Fresh & Chilled
806019,Innocent Plus Bolt From the Blue High Vitamin Fruit Juice,G,true,3280,https://ecom-su-static-prod.wtrecom.com/images/products/3/LN_806019_BP_3.jpg,https://www.waitrose.com/ecom/products/innocent-plus-bolt-from-the-blue-high-vitamin-fruit-juice/806019-690836-690837,Innocent Plus Bolt From the Blue High Vitamin Fruit Juice,330ml,£2.25,68.2p/100ml,"£5 Food to Go Meal Deal: Add 1 Main, 1 Snack and 1 Drink",Fresh & Chilled
805679,Moju Immunity Multi Berry Fruit Juice Shots Dosing Bottle,G,false,3281,https://ecom-su-static-prod.wtrecom.com/images/products/3/LN_805679_BP_3.jpg,https://www.waitrose.com/ecom/products/moju-immunity-multi-berry-fruit-juice-shots-dosing-bottle/805679-752539-752540,Moju Immunity Multi Berry Fruit Juice Shots Dosing Bottle,420ml,£6.25,£1.49/100ml,,Fresh & Chilled
800846,No. 1 Saint Vernier French Soft Cheese Strength 3,G,false,3282,https://ecom-su-static-prod.wtrecom.com/images/products/3/LN_800846_BP_3.jpg,https://www.waitrose.com/ecom/products/no-1-saint-vernier-french-soft-cheese-strength-3/800846-151932-151933,No. 1 Saint Vernier French Soft Cheese Strength 3,100g,£4.30,£43/kg,,Fresh & Chilled
798933,Tropicana Kids Strawberry & Banana Childrens Smoothies,G,true,3283,https://ecom-su-static-prod.wtrecom.com/images/products/3/LN_798933_BP_3.jpg,https://www.waitrose.com/ecom/products/tropicana-kids-strawberry-banana-childrens-smoothies/798933-813552-813553,Tropicana Kids Strawberry & Banana Childrens Smoothies,4x150ml,£2.00,33.3p/100ml,save £1.75. Was £3.75,Fresh & Chilled
796875,Innocent Pure Fruit Apple Juice,G,false,3284,https://ecom-su-static-prod.wtrecom.com/images/products/3/LN_796875_BP_3.jpg,https://www.waitrose.com/ecom/products/innocent-pure-fruit-apple-juice/796875-722491-722492,Innocent Pure Fruit Apple Juice,4x150ml,£3.00,50p/100ml,,Fresh & Chilled
796594,Waitrose Plant Living Plant & Vegballs,G,false,3285,https://ecom-su-static-prod.wtrecom.com/images/products/3/LN_796594_BP_3.jpg,https://www.waitrose.com/ecom/products/waitrose-plant-living-plant-vegballs/796594-825243-825244,Waitrose Plant Living Plant & Vegballs,240g,£2.60,£1.09/100g,,Fresh & Chilled
794439,WManor DC Smkd Back Bacon,G,false,3286,https://ecom-su-static-prod.wtrecom.com/images/products/3/LN_794439_BP_3.jpg,https://www.waitrose.com/ecom/products/wmanor-dc-smkd-back-bacon/794439-645268-645269,WManor DC Smkd Back Bacon,200g,£3.50,£17.50/kg,,Fresh & Chilled
793080,Eat Natural GF V Peanut Chocolate Bar,G,true,3287,https://ecom-su-static-prod.wtrecom.com/images/products/3/LN_793080_BP_3.jpg,https://www.waitrose.com/ecom/products/eat-natural-gf-v-peanut-chocolate-bar/793080-498132-498133,Eat Natural GF V Peanut Chocolate Bar,40g,£1.15,£2.88/100g,"£5 Food to Go Meal Deal: Add 1 Main, 1 Snack and 1 Drink",Fresh & Chilled
792868,Biotiful Lemon Drizzle Kefir Drink,G,false,3288,https://ecom-su-static-prod.wtrecom.com/images/products/3/LN_792868_BP_3.jpg,https://www.waitrose.com/ecom/products/biotiful-lemon-drizzle-kefir-drink/792868-811013-811014,Biotiful Lemon Drizzle Kefir Drink,500ml,£2.75,55p/100ml,,Fresh & Chilled
791314,Heura Plant-Based Spanish Chorizo Sausages,G,false,3289,https://ecom-su-static-prod.wtrecom.com/images/products/3/LN_791314_BP_3.jpg,https://www.waitrose.com/ecom/products/heura-plant-based-spanish-chorizo-sausages/791314-794594-794595,Heura Plant-Based Spanish Chorizo Sausages,216g,£3.50,£16.21/kg,,Fresh & Chilled
790830,Snowdonia Cheese Company Green Thunder Mature Cheddar Cheese,G,false,3290,https://ecom-su-static-prod.wtrecom.com/images/products/3/LN_790830_BP_3.jpg,https://www.waitrose.com/ecom/products/snowdonia-cheese-company-green-thunder-mature-cheddar-cheese/790830-759509-759510,Snowdonia Cheese Company Green Thunder Mature Cheddar Cheese,200g,£5.00,£25/kg,,Fresh & Chilled
790073,Godminster Vintage Organic British Cheddar Round Cheese,G,false,3291,https://ecom-su-static-prod.wtrecom.com/images/products/3/LN_790073_BP_3.jpg,https://www.waitrose.com/ecom/products/godminster-vintage-organic-british-cheddar-round-cheese/790073-681561-681562,Godminster Vintage Organic British Cheddar Round Cheese,400g,£11.50,£28.75/kg,,Fresh & Chilled
788022,Rubies In The Rubble Tomato Ketchup,G,false,3292,https://ecom-su-static-prod.wtrecom.com/images/products/3/LN_788022_BP_3.jpg,https://www.waitrose.com/ecom/products/rubies-in-the-rubble-tomato-ketchup/788022-782812-782813,Rubies In The Rubble Tomato Ketchup,485g,£3.50,72.2p/100g,,Fresh & Chilled
787173,Taiko Chicken Karaage Rice Bowl,G,false,3293,https://ecom-su-static-prod.wtrecom.com/images/products/3/LN_787173_BP_3.jpg,https://www.waitrose.com/ecom/products/taiko-chicken-karaage-rice-bowl/787173-811007-811008,Taiko Chicken Karaage Rice Bowl,435g,£6.00,£1.38/100g,,Fresh & Chilled
781486,Kind Protein Crunchy Peanut Butter Bar,G,true,3294,https://ecom-su-static-prod.wtrecom.com/images/products/3/LN_781486_BP_3.jpg,https://www.waitrose.com/ecom/products/kind-protein-crunchy-peanut-butter-bar/781486-693180-693181,Kind Protein Crunchy Peanut Butter Bar,50g,£2.30,£4.60/100g,"£5 Food to Go Meal Deal: Add 1 Main, 1 Snack and 1 Drink",Fresh & Chilled
779397,Pollen + Grace Scandi Carrot Lox & Dill Potato Salad Bowl,G,true,3295,https://ecom-su-static-prod.wtrecom.com/images/products/3/LN_779397_BP_3.jpg,https://www.waitrose.com/ecom/products/pollen-grace-scandi-carrot-lox-dill-potato-salad-bowl/779397-825237-825238,Pollen + Grace Scandi Carrot Lox & Dill Potato Salad Bowl,275g,£4.25,£1.55/100g,"£5 Food to Go Meal Deal: Add 1 Main, 1 Snack and 1 Drink",Fresh & Chilled
777537,THIS Isn't Chicken Breast,G,false,3296,https://ecom-su-static-prod.wtrecom.com/images/products/3/LN_777537_BP_3.jpg,https://www.waitrose.com/ecom/products/this-isnt-chicken-breast/777537-825235-825236,THIS Isn't Chicken Breast,180g,£3.50,£1.95/100g,,Fresh & Chilled
777328,Cropwell Bishop Creamery Blue Stilton Cheese,G,false,3297,https://ecom-su-static-prod.wtrecom.com/images/products/3/LN_777328_BP_3.jpg,https://www.waitrose.com/ecom/products/cropwell-bishop-creamery-blue-stilton-cheese/777328-129806-129807,Cropwell Bishop Creamery Blue Stilton Cheese,300g,£5.10,£17/kg,,Fresh & Chilled
776285,No.1 British Rose Veal Sirloin Steak,G,false,3298,https://ecom-su-static-prod.wtrecom.com/images/products/3/LN_776285_BP_3.jpg,https://www.waitrose.com/ecom/products/no1-british-rose-veal-sirloin-steak/776285-110398-110399,No.1 British Rose Veal Sirloin Steak,Typical weight 0.26kg,£7.95 each est.,£30.81/kg,,Fresh & Chilled
774800,Taiko Chicken Katsu Bites with Dynamite Mayo,G,true,3299,https://ecom-su-static-prod.wtrecom.com/images/products/3/LN_774800_BP_3.jpg,https://www.waitrose.com/ecom/products/taiko-chicken-katsu-bites-with-dynamite-mayo/774800-825233-825234,Taiko Chicken Katsu Bites with Dynamite Mayo,90g,£2.50,£2.78/100g,"£5 Food to Go Meal Deal: Add 1 Main, 1 Snack and 1 Drink",Fresh & Chilled
773791,Old Hardisty Dry Cure Treacle Ham,G,false,3300,https://ecom-su-static-prod.wtrecom.com/images/products/3/LN_773791_BP_3.jpg,https://www.waitrose.com/ecom/products/old-hardisty-dry-cure-treacle-ham/773791-810172-810173,Old Hardisty Dry Cure Treacle Ham,120g,£4.00,£3.34/100g,,Fresh & Chilled
771885,Waitrose Green Tikka Chicken Wrap,G,true,3301,https://ecom-su-static-prod.wtrecom.com/images/products/3/LN_771885_BP_3.jpg,https://www.waitrose.com/ecom/products/waitrose-green-tikka-chicken-wrap/771885-825229-825230,Waitrose Green Tikka Chicken Wrap,each,£3.90,£3.90 each,"£5 Food to Go Meal Deal: Add 1 Main, 1 Snack and 1 Drink",Fresh & Chilled
770606,Innocent Plus Berry Set Go Raspberry & Cherry High Vitamin Fruit Juice,G,true,3302,https://ecom-su-static-prod.wtrecom.com/images/products/3/LN_770606_BP_3.jpg,https://www.waitrose.com/ecom/products/innocent-plus-berry-set-go-raspberry-cherry-high-vitamin-fruit-juice/770606-690826-690827,Innocent Plus Berry Set Go Raspberry & Cherry High Vitamin Fruit Juice,330ml,£2.25,68.2p/100ml,"£5 Food to Go Meal Deal: Add 1 Main, 1 Snack and 1 Drink",Fresh & Chilled
770473,The Yorkshire Smokehouse Smoked Duck,G,false,3303,https://ecom-su-static-prod.wtrecom.com/images/products/3/LN_770473_BP_3.jpg,https://www.waitrose.com/ecom/products/the-yorkshire-smokehouse-smoked-duck/770473-804344-804345,The Yorkshire Smokehouse Smoked Duck,80g,£4.00,£5/100g,,Fresh & Chilled
765133,Natoora British Fresh Gherkins,G,false,3304,https://ecom-su-static-prod.wtrecom.com/images/products/3/LN_765133_BP_3.jpg,https://www.waitrose.com/ecom/products/natoora-british-fresh-gherkins/765133-783074-783075,Natoora British Fresh Gherkins,200g,£2.10,£10.50/kg,,Fresh & Chilled
764720,No. 1 Reblochon De Savoie AOP French Cheese Strength 3,G,false,3305,https://ecom-su-static-prod.wtrecom.com/images/products/3/LN_764720_BP_3.jpg,https://www.waitrose.com/ecom/products/no-1-reblochon-de-savoie-aop-french-cheese-strength-3/764720-642944-642945,No. 1 Reblochon De Savoie AOP French Cheese Strength 3,450g,£11.00,£24.45/kg,,Fresh & Chilled
764368,Evian Still Water,G,true,3306,https://ecom-su-static-prod.wtrecom.com/images/products/3/LN_764368_BP_3.jpg,https://www.waitrose.com/ecom/products/evian-still-water/764368-108671-108672,Evian Still Water,75cl,£1.45,19.3p/100ml,"£5 Food to Go Meal Deal: Add 1 Main, 1 Snack and 1 Drink",Fresh & Chilled
760982,Finnebrogue Naked Honey Roast Ham Slices,G,false,3307,https://ecom-su-static-prod.wtrecom.com/images/products/3/LN_760982_BP_3.jpg,https://www.waitrose.com/ecom/products/finnebrogue-naked-honey-roast-ham-slices/760982-692648-692649,Finnebrogue Naked Honey Roast Ham Slices,120g,£3.60,£3/100g,,Fresh & Chilled
758388,Heinz Saucy Sauce,G,false,3308,https://ecom-su-static-prod.wtrecom.com/images/products/3/LN_758388_BP_3.jpg,https://www.waitrose.com/ecom/products/heinz-saucy-sauce/758388-782810-782811,Heinz Saucy Sauce,400ml,£3.20,80p/100ml,,Fresh & Chilled
757578,Waitrose Shredded Chicken,G,true,3309,https://ecom-su-static-prod.wtrecom.com/images/products/3/LN_757578_BP_3.jpg,https://www.waitrose.com/ecom/products/waitrose-shredded-chicken/757578-827226-827227,Waitrose Shredded Chicken,150g,£3.50,£2.34/100g,New Line,Fresh & Chilled
756938,Daily Dose Rouge Cold Pressed Fruit Juice,G,true,3310,https://ecom-su-static-prod.wtrecom.com/images/products/3/LN_756938_BP_3.jpg,https://www.waitrose.com/ecom/products/daily-dose-rouge-cold-pressed-fruit-juice/756938-813546-813547,Daily Dose Rouge Cold Pressed Fruit Juice,750ml,£3.90,52p/100ml,Add 2 for £5,Fresh & Chilled
755416,Deliciously Ella Chocolate Orange Dipped Almonds,G,true,3311,https://ecom-su-static-prod.wtrecom.com/images/products/3/LN_755416_BP_3.jpg,https://www.waitrose.com/ecom/products/deliciously-ella-chocolate-orange-dipped-almonds/755416-807913-807914,Deliciously Ella Chocolate Orange Dipped Almonds,27g,£1.25,£4.63/100g,"£5 Food to Go Meal Deal: Add 1 Main, 1 Snack and 1 Drink",Fresh & Chilled
753710,San Pellegrino Lemon,G,true,3312,https://ecom-su-static-prod.wtrecom.com/images/products/3/LN_753710_BP_3.jpg,https://www.waitrose.com/ecom/products/san-pellegrino-lemon/753710-323757-323758,San Pellegrino Lemon,330ml,£1.25,37.9p/100ml,"£5 Food to Go Meal Deal: Add 1 Main, 1 Snack and 1 Drink",Fresh & Chilled
751248,Powters 12 Pigolatas,G,false,3313,https://ecom-su-static-prod.wtrecom.com/images/products/3/LN_751248_BP_3.jpg,https://www.waitrose.com/ecom/products/powters-12-pigolatas/751248-133304-133305,Powters 12 Pigolatas,340g,£3.95,£11.62/kg,,Fresh & Chilled
750623,Gressingham Crispy Aromatic Whole Duck,G,false,3314,https://ecom-su-static-prod.wtrecom.com/images/products/3/LN_750623_BP_3.jpg,https://www.waitrose.com/ecom/products/gressingham-crispy-aromatic-whole-duck/750623-106766-106767,Gressingham Crispy Aromatic Whole Duck,1.2kg,£17.90,£14.92/kg,,Fresh & Chilled
748405,Higgidy Sweet Potato Katsu Curry Lattices,G,true,3315,https://ecom-su-static-prod.wtrecom.com/images/products/3/LN_748405_BP_3.jpg,https://www.waitrose.com/ecom/products/higgidy-sweet-potato-katsu-curry-lattices/748405-804340-804341,Higgidy Sweet Potato Katsu Curry Lattices,160g,£3.00,£1.88/100g,save £1.00. Was £4.00,Fresh & Chilled
747899,Vita Coco Pressed Coconut Water,G,false,3316,https://ecom-su-static-prod.wtrecom.com/images/products/3/LN_747899_BP_3.jpg,https://www.waitrose.com/ecom/products/vita-coco-pressed-coconut-water/747899-816300-816301,Vita Coco Pressed Coconut Water,500ml,£2.60,52p/100ml,,Fresh & Chilled
745692,Pizza Express La Reine Pizza,G,true,3317,https://ecom-su-static-prod.wtrecom.com/images/products/3/LN_745692_BP_3.jpg,https://www.waitrose.com/ecom/products/pizza-express-la-reine-pizza/745692-813894-813895,Pizza Express La Reine Pizza,386g,£4.72,£12.23/kg,25% Off. Was £6.30,Fresh & Chilled
744582,Clive's Mushroom & Shallot Rustic Tart,G,false,3318,https://ecom-su-static-prod.wtrecom.com/images/products/3/LN_744582_BP_3.jpg,https://www.waitrose.com/ecom/products/clives-mushroom-shallot-rustic-tart/744582-810168-810169,Clive's Mushroom & Shallot Rustic Tart,380g,£4.90,£1.29/100g,,Fresh & Chilled
742779,Unearthed Anchovy Banderillas,G,true,3319,https://ecom-su-static-prod.wtrecom.com/images/products/3/LN_742779_BP_3.jpg,https://www.waitrose.com/ecom/products/unearthed-anchovy-banderillas/742779-804338-804339,Unearthed Anchovy Banderillas,150g,£2.62,£1.75/100g,25% Off. Was £3.50,Fresh & Chilled
741378,Waitrose 2 Hot Smoked Salmon Fillets Tandoori,G,false,3320,https://ecom-su-static-prod.wtrecom.com/images/products/3/LN_741378_BP_3.jpg,https://www.waitrose.com/ecom/products/waitrose-2-hot-smoked-salmon-fillets-tandoori/741378-791941-791942,Waitrose 2 Hot Smoked Salmon Fillets Tandoori,160g,£6.95,£4.35/100g,,Fresh & Chilled
738523,Snowdonia Cheese Company Truffle Trove British Cheddar Cheese,G,false,3321,https://ecom-su-static-prod.wtrecom.com/images/products/3/LN_738523_BP_3.jpg,https://www.waitrose.com/ecom/products/snowdonia-cheese-company-truffle-trove-british-cheddar-cheese/738523-745349-745350,Snowdonia Cheese Company Truffle Trove British Cheddar Cheese,150g,£5.50,£36.67/kg,,Fresh & Chilled
734561,Waitrose Individual Profiterole Dessert,G,false,3322,https://ecom-su-static-prod.wtrecom.com/images/products/3/LN_734561_BP_3.jpg,https://www.waitrose.com/ecom/products/waitrose-individual-profiterole-dessert/734561-815930-815931,Waitrose Individual Profiterole Dessert,100g,£2.50,£2.50/100g,,Fresh & Chilled
731559,Babybel Plant-Based Alternative to Cheese Snacks,G,false,3323,https://ecom-su-static-prod.wtrecom.com/images/products/3/LN_731559_BP_3.jpg,https://www.waitrose.com/ecom/products/babybel-plant-based-alternative-to-cheese-snacks/731559-823158-823159,Babybel Plant-Based Alternative to Cheese Snacks,5x20g,£2.45,£24.50/kg,,Fresh & Chilled
730619,Unearthed Iberico Cheese & Chorizo Platter,G,true,3324,https://ecom-su-static-prod.wtrecom.com/images/products/3/LN_730619_BP_3.jpg,https://www.waitrose.com/ecom/products/unearthed-iberico-cheese-chorizo-platter/730619-824587-824587,Unearthed Iberico Cheese & Chorizo Platter,100g,£3.15,£3.15/100g,25% Off. Was £4.20,Fresh & Chilled
728771,Foie Royale Duck Liver Block Classic,G,false,3325,https://ecom-su-static-prod.wtrecom.com/images/products/3/LN_728771_BP_3.jpg,https://www.waitrose.com/ecom/products/foie-royale-duck-liver-block-classic/728771-700194-700195,Foie Royale Duck Liver Block Classic,80g,£9.50,£11.88/100g,,Fresh & Chilled
725071,Waitrose Turmeric Shots Fruit Juice,G,false,3326,https://ecom-su-static-prod.wtrecom.com/images/products/3/LN_725071_BP_3.jpg,https://www.waitrose.com/ecom/products/waitrose-turmeric-shots-fruit-juice/725071-813542-813543,Waitrose Turmeric Shots Fruit Juice,500ml,£4.00,80p/100ml,,Fresh & Chilled
724969,No.1 British Venison Rack,E,false,3327,https://ecom-su-static-prod.wtrecom.com/images/products/3/LN_724969_BP_3.jpg,https://www.waitrose.com/ecom/products/no1-british-venison-rack/724969-102995-102996,No.1 British Venison Rack,(1kg-2kg),£55-£110 each est.,£55 / kg,,Fresh & Chilled
724785,Rians Le Roule Soft Cheese,G,true,3328,https://ecom-su-static-prod.wtrecom.com/images/products/3/LN_724785_BP_3.jpg,https://www.waitrose.com/ecom/products/rians-le-roule-soft-cheese/724785-741308-741309,Rians Le Roule Soft Cheese,125g,£1.68,£13.44/kg,25% Off. Was £2.25,Fresh & Chilled
724169,2 Beef Tomahawk Steaks,E,false,3329,https://ecom-su-static-prod.wtrecom.com/images/products/3/LN_724169_BP_3.jpg,https://www.waitrose.com/ecom/products/2-beef-tomahawk-steaks/724169-498040-498041,2 Beef Tomahawk Steaks,(2.2kg-2.8kg),£62-£79 each est.,£28 / kg,,Fresh & Chilled
723529,"Waitrose Pineapple, Pink Lady Apple & Black Grape",G,false,3330,https://ecom-su-static-prod.wtrecom.com/images/products/3/LN_723529_BP_3.jpg,https://www.waitrose.com/ecom/products/waitrose-pineapple-pink-lady-apple-black-grape/723529-813892-813893,"Waitrose Pineapple, Pink Lady Apple & Black Grape",115g,£1.50,£1.31/100g,,Fresh & Chilled
720252,Waitrose Mexican Style Bean & Sweet Potato Wrap,G,true,3331,https://ecom-su-static-prod.wtrecom.com/images/products/3/LN_720252_BP_3.jpg,https://www.waitrose.com/ecom/products/waitrose-mexican-style-bean-sweet-potato-wrap/720252-817120-817121,Waitrose Mexican Style Bean & Sweet Potato Wrap,201g,£3.65,,"£5 Food to Go Meal Deal: Add 1 Main, 1 Snack and 1 Drink",Fresh & Chilled
719524,No.1 British 30 Day Dry Aged T-Bone Steak,G,false,3332,https://ecom-su-static-prod.wtrecom.com/images/products/3/LN_719524_BP_3.jpg,https://www.waitrose.com/ecom/products/no1-british-30-day-dry-aged-t-bone-steak/719524-790943-790944,No.1 British 30 Day Dry Aged T-Bone Steak,Typical weight 1kg,£36.00 each est.,£36/kg,,Fresh & Chilled
718790,Waitrose Chinese Kung Po Chicken for 2,G,true,3333,https://ecom-su-static-prod.wtrecom.com/images/products/3/LN_718790_BP_3.jpg,https://www.waitrose.com/ecom/products/waitrose-chinese-kung-po-chicken-for-2/718790-790941-790942,Waitrose Chinese Kung Po Chicken for 2,350g,£5.10,£14.58/kg,£12 South East & East Asian Meal Deal : Add 2 Mains & 2 Sides,Fresh & Chilled
718548,The Coconut Collab Coconut Vanilla Custard Alternative,G,false,3334,https://ecom-su-static-prod.wtrecom.com/images/products/3/LN_718548_BP_3.jpg,https://www.waitrose.com/ecom/products/the-coconut-collab-coconut-vanilla-custard-alternative/718548-743908-743909,The Coconut Collab Coconut Vanilla Custard Alternative,400g,£3.10,77.5p/100g,,Fresh & Chilled
715064,Waitrose Gut Health Fruit Juice Shot,G,false,3335,https://ecom-su-static-prod.wtrecom.com/images/products/3/LN_715064_BP_3.jpg,https://www.waitrose.com/ecom/products/waitrose-gut-health-fruit-juice-shot/715064-813056-813057,Waitrose Gut Health Fruit Juice Shot,100ml,£1.60,£1.60/100ml,,Fresh & Chilled
713374,Pizza Express American Hot,G,true,3336,https://ecom-su-static-prod.wtrecom.com/images/products/3/LN_713374_BP_3.jpg,https://www.waitrose.com/ecom/products/pizza-express-american-hot/713374-813890-813891,Pizza Express American Hot,385g,£4.72,£12.26/kg,25% Off. Was £6.30,Fresh & Chilled
711115,Waitrose Pork Shoulder with Apricot & Caramelised Onion,G,false,3337,https://ecom-su-static-prod.wtrecom.com/images/products/3/LN_711115_BP_3.jpg,https://www.waitrose.com/ecom/products/waitrose-pork-shoulder-with-apricot-caramelised-onion/711115-805647-805648,Waitrose Pork Shoulder with Apricot & Caramelised Onion,Typical weight 1.1kg,£9.35 each est.,£8.50/kg,,Fresh & Chilled
709824,No.1 Abervale Lamb Butterflied Leg & Garlic,G,false,3338,https://ecom-su-static-prod.wtrecom.com/images/products/3/LN_709824_BP_3.jpg,https://www.waitrose.com/ecom/products/no1-abervale-lamb-butterflied-leg-garlic/709824-703130-703131,No.1 Abervale Lamb Butterflied Leg & Garlic,Typical weight 0.45kg,£12.38 each est.,£27.51/kg,,Fresh & Chilled
709747,Lucozade Energy Orange,G,true,3339,https://ecom-su-static-prod.wtrecom.com/images/products/3/LN_709747_BP_3.jpg,https://www.waitrose.com/ecom/products/lucozade-energy-orange/709747-595192-595193,Lucozade Energy Orange,500ml,£1.85,37p/100ml,"£5 Food to Go Meal Deal: Add 1 Main, 1 Snack and 1 Drink",Fresh & Chilled
708863,"Waitrose Chicken, Tomato & Basil Pasta",G,true,3340,https://ecom-su-static-prod.wtrecom.com/images/products/3/LN_708863_BP_3.jpg,https://www.waitrose.com/ecom/products/waitrose-chicken-tomato-basil-pasta/708863-100683-100684,"Waitrose Chicken, Tomato & Basil Pasta",360g,£3.65,£1.02/100g,"£5 Food to Go Meal Deal: Add 1 Main, 1 Snack and 1 Drink",Fresh & Chilled
707372,Waitrose Smoked British Bacon Bits,G,false,3341,https://ecom-su-static-prod.wtrecom.com/images/products/3/LN_707372_BP_3.jpg,https://www.waitrose.com/ecom/products/waitrose-smoked-british-bacon-bits/707372-668756-668757,Waitrose Smoked British Bacon Bits,200g,£4.50,£22.50/kg,,Fresh & Chilled
706742,No.1 Lamb Boneless Half Shoulder,G,false,3342,https://ecom-su-static-prod.wtrecom.com/images/products/3/LN_706742_BP_3.jpg,https://www.waitrose.com/ecom/products/no1-lamb-boneless-half-shoulder/706742-703126-703127,No.1 Lamb Boneless Half Shoulder,Typical weight 0.7kg,£18.55 each est.,£26.50/kg,,Fresh & Chilled
704436,Plants By Deliciously Ella Tomato & Fennel Soup,G,false,3343,https://ecom-su-static-prod.wtrecom.com/images/products/3/LN_704436_BP_3.jpg,https://www.waitrose.com/ecom/products/plants-by-deliciously-ella-tomato-fennel-soup/704436-810548-810549,Plants By Deliciously Ella Tomato & Fennel Soup,600g,£3.30,55p/100g,,Fresh & Chilled
702291,Waitrose Extrawurst,G,false,3344,https://ecom-su-static-prod.wtrecom.com/images/products/3/LN_702291_BP_3.jpg,https://www.waitrose.com/ecom/products/waitrose-extrawurst/702291-827222-827223,Waitrose Extrawurst,90g,£3.70,£4.12/100g,,Fresh & Chilled
701039,Rachelli Cremino,G,false,3345,https://ecom-su-static-prod.wtrecom.com/images/products/3/LN_701039_BP_3.jpg,https://www.waitrose.com/ecom/products/rachelli-cremino/701039-825189-825190,Rachelli Cremino,180g,£3.95,£2.20/100g,,Fresh & Chilled
698132,Starbucks Caramel Macchiato Iced Coffee Large,G,true,3346,https://ecom-su-static-prod.wtrecom.com/images/products/3/LN_698132_BP_3.jpg,https://www.waitrose.com/ecom/products/starbucks-caramel-macchiato-iced-coffee-large/698132-810957-810958,Starbucks Caramel Macchiato Iced Coffee Large,750ml,£2.50,£3.34/litre,save £1.45. Was £3.95,Fresh & Chilled
698102,Elsinore Chilled Masago Caviar,G,true,3347,https://ecom-su-static-prod.wtrecom.com/images/products/3/LN_698102_BP_3.jpg,https://www.waitrose.com/ecom/products/elsinore-chilled-masago-caviar/698102-805639-805640,Elsinore Chilled Masago Caviar,100g,£4.00,£4/100g,save £1.50. Was £5.50,Fresh & Chilled
695679,Principe Prosciutto Di San Daniele,G,true,3348,https://ecom-su-static-prod.wtrecom.com/images/products/3/LN_695679_BP_3.jpg,https://www.waitrose.com/ecom/products/principe-prosciutto-di-san-daniele/695679-779949-779950,Principe Prosciutto Di San Daniele,50g,£3.30,£6.60/100g,Add 2 for £6,Fresh & Chilled
694590,Natoora White Flat Peaches,G,true,3349,https://ecom-su-static-prod.wtrecom.com/images/products/3/LN_694590_BP_3.jpg,https://www.waitrose.com/ecom/products/natoora-white-flat-peaches/694590-665051-665052,Natoora White Flat Peaches,4s,£3.80,95p each,20% Off. Was £4.75,Fresh & Chilled
693358,Argal Mini Chorizo Sticks,G,false,3350,https://ecom-su-static-prod.wtrecom.com/images/products/3/LN_693358_BP_3.jpg,https://www.waitrose.com/ecom/products/argal-mini-chorizo-sticks/693358-812940-812941,Argal Mini Chorizo Sticks,50g,£2.50,£5/100g,,Fresh & Chilled
691321,Gü Inspirations Chocolate & Honeycomb,G,true,3351,https://ecom-su-static-prod.wtrecom.com/images/products/3/LN_691321_BP_3.jpg,https://www.waitrose.com/ecom/products/gu-inspirations-chocolate-honeycomb/691321-755619-755620,Gü Inspirations Chocolate & Honeycomb,2x86.5g,£2.95,£1.71/100g,25% Off. Was £3.95,Fresh & Chilled
691281,No.1 2 British Free Range Pork T-Bone Steaks,G,false,3352,https://ecom-su-static-prod.wtrecom.com/images/products/3/LN_691281_BP_3.jpg,https://www.waitrose.com/ecom/products/no1-2-british-free-range-pork-t-bone-steaks/691281-805633-805634,No.1 2 British Free Range Pork T-Bone Steaks,Typical weight 0.5kg,£7.50 each est.,£15.00/kg,,Fresh & Chilled
688266,La Fauxmagerie Shoreditch Smoked Vegan Cheese,G,false,3353,https://ecom-su-static-prod.wtrecom.com/images/products/3/LN_688266_BP_3.jpg,https://www.waitrose.com/ecom/products/la-fauxmagerie-shoreditch-smoked-vegan-cheese/688266-780113-780114,La Fauxmagerie Shoreditch Smoked Vegan Cheese,100g,£4.50,£45/kg,,Fresh & Chilled
684222,OGGS Chocolate Fudge Cakes,G,false,3354,https://ecom-su-static-prod.wtrecom.com/images/products/3/LN_684222_BP_3.jpg,https://www.waitrose.com/ecom/products/oggs-chocolate-fudge-cakes/684222-693822-693823,OGGS Chocolate Fudge Cakes,4x46g,£4.15,£2.26/100g,,Fresh & Chilled
681894,Natoora Italian Leafy Lemons,G,false,3355,https://ecom-su-static-prod.wtrecom.com/images/products/3/LN_681894_BP_3.jpg,https://www.waitrose.com/ecom/products/natoora-italian-leafy-lemons/681894-657781-657782,Natoora Italian Leafy Lemons,350g,£2.75,£7.86/kg,,Fresh & Chilled
680310,No.1 Free Range Beech Smoked Bacon Medallions,G,false,3356,https://ecom-su-static-prod.wtrecom.com/images/products/3/LN_680310_BP_3.jpg,https://www.waitrose.com/ecom/products/no1-free-range-beech-smoked-bacon-medallions/680310-731657-731658,No.1 Free Range Beech Smoked Bacon Medallions,200g,£4.50,£22.50/kg,,Fresh & Chilled
678673,Waitrose British King Oyster Mushrooms,G,false,3357,https://ecom-su-static-prod.wtrecom.com/images/products/3/LN_678673_BP_3.jpg,https://www.waitrose.com/ecom/products/waitrose-british-king-oyster-mushrooms/678673-744783-744784,Waitrose British King Oyster Mushrooms,130g,£1.95,£15/kg,,Fresh & Chilled
677711,Butlers Stratford Blue Cheese,G,false,3358,https://ecom-su-static-prod.wtrecom.com/images/products/3/LN_677711_BP_3.jpg,https://www.waitrose.com/ecom/products/butlers-stratford-blue-cheese/677711-807663-807664,Butlers Stratford Blue Cheese,150g,£2.50,£16.67/kg,,Fresh & Chilled
676707,Carvery Leg of British Lamb Studded with Garlic & Rosemary,E,false,3359,https://ecom-su-static-prod.wtrecom.com/images/products/3/LN_676707_BP_3.jpg,https://www.waitrose.com/ecom/products/carvery-leg-of-british-lamb-studded-with-garlic-rosemary/676707-96113-96114,Carvery Leg of British Lamb Studded with Garlic & Rosemary,(1.4kg-1.8kg),£30-£38 each est.,£21 / kg,,Fresh & Chilled
676064,Unearthed Herbes De Provence Torchon Ham,G,true,3360,https://ecom-su-static-prod.wtrecom.com/images/products/3/LN_676064_BP_3.jpg,https://www.waitrose.com/ecom/products/unearthed-herbes-de-provence-torchon-ham/676064-824578-824579,Unearthed Herbes De Provence Torchon Ham,160g,£3.15,£3.15/100g,25% Off. Was £4.20,Fresh & Chilled
668767,Waitrose Somerset Mature Cheddar Cheese Strength 5,G,false,3361,https://ecom-su-static-prod.wtrecom.com/images/products/3/LN_668767_BP_3.jpg,https://www.waitrose.com/ecom/products/waitrose-somerset-mature-cheddar-cheese-strength-5/668767-451756-451757,Waitrose Somerset Mature Cheddar Cheese Strength 5,350g,£4.50,£12.86/kg,,Fresh & Chilled
667021,Violife Smoky Cheddar Alternative Sliced Cheese,G,false,3362,https://ecom-su-static-prod.wtrecom.com/images/products/3/LN_667021_BP_3.jpg,https://www.waitrose.com/ecom/products/violife-smoky-cheddar-alternative-sliced-cheese/667021-769158-769159,Violife Smoky Cheddar Alternative Sliced Cheese,200g,£2.95,£14.75/kg,,Fresh & Chilled
663044,Fanta Orange Bottle,G,true,3363,https://ecom-su-static-prod.wtrecom.com/images/products/3/LN_663044_BP_3.jpg,https://www.waitrose.com/ecom/products/fanta-orange-bottle/663044-743870-743871,Fanta Orange Bottle,500ml,£1.75,35p/100ml,"£5 Food to Go Meal Deal: Add 1 Main, 1 Snack and 1 Drink",Fresh & Chilled
660284,Natoora Hummus with Za'atar,G,false,3364,https://ecom-su-static-prod.wtrecom.com/images/products/3/LN_660284_BP_3.jpg,https://www.waitrose.com/ecom/products/natoora-hummus-with-zaatar/660284-766997-766998,Natoora Hummus with Za'atar,195g,£2.95,£1.52/100g,,Fresh & Chilled
657358,No.1 Pork Cheese & Nduja Sausage Rolls,G,true,3365,https://ecom-su-static-prod.wtrecom.com/images/products/3/LN_657358_BP_3.jpg,https://www.waitrose.com/ecom/products/no1-pork-cheese-nduja-sausage-rolls/657358-827214-827215,No.1 Pork Cheese & Nduja Sausage Rolls,188g,£3.04,£1.62/100g,Introductory Offer.Will be £3.80,Fresh & Chilled
656965,Waitrose Mixed Snacking Tomatoes,G,false,3366,https://ecom-su-static-prod.wtrecom.com/images/products/3/LN_656965_BP_3.jpg,https://www.waitrose.com/ecom/products/waitrose-mixed-snacking-tomatoes/656965-810134-810135,Waitrose Mixed Snacking Tomatoes,200g,£1.85,£9.25/kg,,Fresh & Chilled
655925,English Cheesecake Co Toffee & Honeycomb,G,false,3367,https://ecom-su-static-prod.wtrecom.com/images/products/3/LN_655925_BP_3.jpg,https://www.waitrose.com/ecom/products/english-cheesecake-co-toffee-honeycomb/655925-810534-810535,English Cheesecake Co Toffee & Honeycomb,213g,£3.95,£1.86/100g,,Fresh & Chilled
655861,Gü New York Cheesecakes,G,false,3368,https://ecom-su-static-prod.wtrecom.com/images/products/3/LN_655861_BP_3.jpg,https://www.waitrose.com/ecom/products/gu-new-york-cheesecakes/655861-825161-825162,Gü New York Cheesecakes,2x80g,£2.95,£1.85/100g,,Fresh & Chilled
655088,Higgidy Cheddar & Onion Chutney Veggie Rolls,G,true,3369,https://ecom-su-static-prod.wtrecom.com/images/products/3/LN_655088_BP_3.jpg,https://www.waitrose.com/ecom/products/higgidy-cheddar-onion-chutney-veggie-rolls/655088-795244-795245,Higgidy Cheddar & Onion Chutney Veggie Rolls,54g,£1.60,,"£5 Food to Go Meal Deal: Add 1 Main, 1 Snack and 1 Drink",Fresh & Chilled
655019,Party Five Tier Cheese Cake,E,false,3370,https://ecom-su-static-prod.wtrecom.com/images/products/3/LN_655019_BP_3.jpg,https://www.waitrose.com/ecom/products/party-five-tier-cheese-cake/655019-676397-676397,Party Five Tier Cheese Cake,Typical weight 2.3kg,£55.00,£23.92/kg,,Fresh & Chilled
654952,Cawston Press Rhubarb,G,true,3371,https://ecom-su-static-prod.wtrecom.com/images/products/3/LN_654952_BP_3.jpg,https://www.waitrose.com/ecom/products/cawston-press-rhubarb/654952-486627-486628,Cawston Press Rhubarb,330ml,£1.35,40.9p/100ml,"£5 Food to Go Meal Deal: Add 1 Main, 1 Snack and 1 Drink",Fresh & Chilled
654813,Waitrose British Whole Boneless Shoulder of Lamb,G,false,3372,https://ecom-su-static-prod.wtrecom.com/images/products/3/LN_654813_BP_3.jpg,https://www.waitrose.com/ecom/products/waitrose-british-whole-boneless-shoulder-of-lamb/654813-738023-738024,Waitrose British Whole Boneless Shoulder of Lamb,Typical weight 1.5kg,£30.00 each est.,£20.00/kg,,Fresh & Chilled
653923,Natoora Ripe White Peaches,G,false,3373,https://ecom-su-static-prod.wtrecom.com/images/products/3/LN_653923_BP_3.jpg,https://www.waitrose.com/ecom/products/natoora-ripe-white-peaches/653923-666449-666450,Natoora Ripe White Peaches,2s,£4.75,£2.38 each,,Fresh & Chilled
653535,Duchy Organic British Lamb Leg Shanks,G,false,3374,https://ecom-su-static-prod.wtrecom.com/images/products/3/LN_653535_BP_3.jpg,https://www.waitrose.com/ecom/products/duchy-organic-british-lamb-leg-shanks/653535-92781-92782,Duchy Organic British Lamb Leg Shanks,Typical weight 0.78kg,£12.52 each est.,£16.00/kg,,Fresh & Chilled
649770,Unearthed Spanish Sharing Platter,G,true,3375,https://ecom-su-static-prod.wtrecom.com/images/products/3/LN_649770_BP_3.jpg,https://www.waitrose.com/ecom/products/unearthed-spanish-sharing-platter/649770-804327-804327,Unearthed Spanish Sharing Platter,280g,£5.25,£1.88/100g,25% Off. Was £7.00,Fresh & Chilled
648292,Duchy Organic Jazz Apples,G,false,3376,https://ecom-su-static-prod.wtrecom.com/images/products/3/LN_648292_BP_3.jpg,https://www.waitrose.com/ecom/products/duchy-organic-jazz-apples/648292-747490-747491,Duchy Organic Jazz Apples,min 4s,£2.55,63.8p each,,Fresh & Chilled
646311,No.1 Five Bone French-Trimmed British Veal Rib,E,false,3377,https://ecom-su-static-prod.wtrecom.com/images/products/3/LN_646311_BP_3.jpg,https://www.waitrose.com/ecom/products/no1-five-bone-french-trimmed-british-veal-rib/646311-442699-442700,No.1 Five Bone French-Trimmed British Veal Rib,(2kg-3.4kg),£54-£92 each est.,£27 / kg,,Fresh & Chilled
645353,Duchy Organic French Brie Cheese,G,false,3378,https://ecom-su-static-prod.wtrecom.com/images/products/3/LN_645353_BP_3.jpg,https://www.waitrose.com/ecom/products/duchy-organic-french-brie-cheese/645353-791851-791852,Duchy Organic French Brie Cheese,150g,£3.50,£23.34/kg,,Fresh & Chilled
641037,itsu Prawn Snackers Sweet Chilli,G,true,3379,https://ecom-su-static-prod.wtrecom.com/images/products/3/LN_641037_BP_3.jpg,https://www.waitrose.com/ecom/products/itsu-prawn-snackers-sweet-chilli/641037-525738-525739,itsu Prawn Snackers Sweet Chilli,19g,90p,£4.74/100g,"£5 Food to Go Meal Deal: Add 1 Main, 1 Snack and 1 Drink",Fresh & Chilled
639078,Yorkshire Provender Chicken Laksa Noodle Soup,G,false,3380,https://ecom-su-static-prod.wtrecom.com/images/products/3/LN_639078_BP_3.jpg,https://www.waitrose.com/ecom/products/yorkshire-provender-chicken-laksa-noodle-soup/639078-810530-810531,Yorkshire Provender Chicken Laksa Noodle Soup,400g,£2.65,66.3p/100g,,Fresh & Chilled
638280,JL Stainless Steel Y-Shaped Peeler,G,false,3381,https://ecom-su-static-prod.wtrecom.com/images/products/3/LN_638280_BP_3.jpg,https://www.waitrose.com/ecom/products/jl-stainless-steel-y-shaped-peeler/638280-678887-678888,JL Stainless Steel Y-Shaped Peeler,each,£6.00,£6 each,,Fresh & Chilled
637766,"Waitrose GTG Chicken, Harissa & Grains",G,true,3382,https://ecom-su-static-prod.wtrecom.com/images/products/3/LN_637766_BP_3.jpg,https://www.waitrose.com/ecom/products/waitrose-gtg-chicken-harissa-grains/637766-817107-817108,"Waitrose GTG Chicken, Harissa & Grains",300g,£4.00,£1.34/100g,"£5 Food to Go Meal Deal: Add 1 Main, 1 Snack and 1 Drink",Fresh & Chilled
635499,Waitrose Millionaire's Shortbread,G,true,3383,https://ecom-su-static-prod.wtrecom.com/images/products/3/LN_635499_BP_3.jpg,https://www.waitrose.com/ecom/products/waitrose-millionaires-shortbread/635499-581348-581349,Waitrose Millionaire's Shortbread,61g,£1.10,£1.81/100g,"£5 Food to Go Meal Deal: Add 1 Main, 1 Snack and 1 Drink",Fresh & Chilled
635497,Sussex Charmer Mature Cheddar Cheese,G,false,3384,https://ecom-su-static-prod.wtrecom.com/images/products/3/LN_635497_BP_3.jpg,https://www.waitrose.com/ecom/products/sussex-charmer-mature-cheddar-cheese/635497-660153-660154,Sussex Charmer Mature Cheddar Cheese,200g,£4.00,£20/kg,,Fresh & Chilled
635272,Snowdonia Beechwood Smoked Cheddar Truckle,G,false,3385,https://ecom-su-static-prod.wtrecom.com/images/products/3/LN_635272_BP_3.jpg,https://www.waitrose.com/ecom/products/snowdonia-beechwood-smoked-cheddar-truckle/635272-823142-823143,Snowdonia Beechwood Smoked Cheddar Truckle,200g,£5.00,£25/kg,,Fresh & Chilled
635054,Califia Farms Cold Brew XX Espresso Single Coffee,G,false,3386,https://ecom-su-static-prod.wtrecom.com/images/products/3/LN_635054_BP_3.jpg,https://www.waitrose.com/ecom/products/califia-farms-cold-brew-xx-espresso-single-coffee/635054-790686-790687,Califia Farms Cold Brew XX Espresso Single Coffee,250ml,£2.00,80p/100ml,,Fresh & Chilled
633976,GOOD TO GO Gingerbread Man,G,true,3387,https://ecom-su-static-prod.wtrecom.com/images/products/3/LN_633976_BP_3.jpg,https://www.waitrose.com/ecom/products/good-to-go-gingerbread-man/633976-486597-486598,GOOD TO GO Gingerbread Man,each,£1.30,£2.55/100g,"£5 Food to Go Meal Deal: Add 1 Main, 1 Snack and 1 Drink",Fresh & Chilled
631783,Violife Le Rond Vegan Camembert Cheese Block,G,false,3388,https://ecom-su-static-prod.wtrecom.com/images/products/3/LN_631783_BP_3.jpg,https://www.waitrose.com/ecom/products/violife-le-rond-vegan-camembert-cheese-block/631783-769140-769141,Violife Le Rond Vegan Camembert Cheese Block,150g,£3.40,£22.67/kg,,Fresh & Chilled
631677,Natoora Girolle Mushrooms,G,false,3389,https://ecom-su-static-prod.wtrecom.com/images/products/3/LN_631677_BP_3.jpg,https://www.waitrose.com/ecom/products/natoora-girolle-mushrooms/631677-666427-666428,Natoora Girolle Mushrooms,100g,£5.00,£50/kg,,Fresh & Chilled
629045,Pieminister Mooless Moo Pie,G,true,3390,https://ecom-su-static-prod.wtrecom.com/images/products/3/LN_629045_BP_3.jpg,https://www.waitrose.com/ecom/products/pieminister-mooless-moo-pie/629045-741216-741217,Pieminister Mooless Moo Pie,270g,£4.70,£1.75/100g,Add 2 for £7.50,Fresh & Chilled
628773,Waitrose Cooked Honey Sriracha Chicken Wings,G,true,3391,https://ecom-su-static-prod.wtrecom.com/images/products/3/LN_628773_BP_3.jpg,https://www.waitrose.com/ecom/products/waitrose-cooked-honey-sriracha-chicken-wings/628773-827208-827209,Waitrose Cooked Honey Sriracha Chicken Wings,350g,£3.75,£1.08/100g,New Line,Fresh & Chilled
627123,Virtue Yerba Mate PEach & Raspberry,G,true,3392,https://ecom-su-static-prod.wtrecom.com/images/products/3/LN_627123_BP_3.jpg,https://www.waitrose.com/ecom/products/virtue-yerba-mate-peach-raspberry/627123-719616-719617,Virtue Yerba Mate PEach & Raspberry,250ml,£1.75,70p/100ml,"£5 Food to Go Meal Deal: Add 1 Main, 1 Snack and 1 Drink",Fresh & Chilled
626525,No.1 Perfectly Soft Dried Mango,G,false,3393,https://ecom-su-static-prod.wtrecom.com/images/products/3/LN_626525_BP_3.jpg,https://www.waitrose.com/ecom/products/no1-perfectly-soft-dried-mango/626525-493056-493057,No.1 Perfectly Soft Dried Mango,125g,£4.25,£34/kg,,Fresh & Chilled
625836,Duchy Organic Beetroot,G,false,3394,https://ecom-su-static-prod.wtrecom.com/images/products/3/LN_625836_BP_3.jpg,https://www.waitrose.com/ecom/products/duchy-organic-beetroot/625836-619861-619862,Duchy Organic Beetroot,bunch,£2.10,£2.10 each,,Fresh & Chilled
624102,Medium Fresh Whole Scottish Salmon,E,false,3395,https://ecom-su-static-prod.wtrecom.com/images/products/3/LN_624102_BP_3.jpg,https://www.waitrose.com/ecom/products/medium-fresh-whole-scottish-salmon/624102-486589-486590,Medium Fresh Whole Scottish Salmon,(3kg-4kg),£60-£80 each est.,£20 / kg,,Fresh & Chilled
620271,Waitrose Mushroom w Porcini Sauce,G,false,3396,https://ecom-su-static-prod.wtrecom.com/images/products/3/LN_620271_BP_3.jpg,https://www.waitrose.com/ecom/products/waitrose-mushroom-w-porcini-sauce/620271-211700-211701,Waitrose Mushroom w Porcini Sauce,350g,£2.95,84.3p/100g,,Fresh & Chilled
619715,Califia Farms Almond Barista Blend,G,false,3397,https://ecom-su-static-prod.wtrecom.com/images/products/3/LN_619715_BP_3.jpg,https://www.waitrose.com/ecom/products/califia-farms-almond-barista-blend/619715-826864-826865,Califia Farms Almond Barista Blend,1litre,£2.45,£2.45/litre,,Fresh & Chilled
618641,Potts' Beef and Red Wine Gravy,G,false,3398,https://ecom-su-static-prod.wtrecom.com/images/products/3/LN_618641_BP_3.jpg,https://www.waitrose.com/ecom/products/potts-beef-and-red-wine-gravy/618641-815614-815615,Potts' Beef and Red Wine Gravy,330ml,£2.25,,,Fresh & Chilled
617636,Tofu Tasty Craft Tofu Knots,G,false,3399,https://ecom-su-static-prod.wtrecom.com/images/products/3/LN_617636_BP_3.jpg,https://www.waitrose.com/ecom/products/tofu-tasty-craft-tofu-knots/617636-782996-782997,Tofu Tasty Craft Tofu Knots,150g,£3.75,£25/kg,,Fresh & Chilled
616868,Galbani Italian Mozzarella Sliced Cheese,G,true,3400,https://ecom-su-static-prod.wtrecom.com/images/products/3/LN_616868_BP_3.jpg,https://www.waitrose.com/ecom/products/galbani-italian-mozzarella-sliced-cheese/616868-783802-783803,Galbani Italian Mozzarella Sliced Cheese,120g,£1.50,£12.50/kg,save 95p. Was £2.45,Fresh & Chilled
616067,Ginsters Large Sausage Roll,G,true,3401,https://ecom-su-static-prod.wtrecom.com/images/products/3/LN_616067_BP_3.jpg,https://www.waitrose.com/ecom/products/ginsters-large-sausage-roll/616067-745804-745805,Ginsters Large Sausage Roll,130g,£1.60,£1.24/100g,"£5 Food to Go Meal Deal: Add 1 Main, 1 Snack and 1 Drink",Fresh & Chilled
615760,Taiko Vegetable Gyoza,G,true,3402,https://ecom-su-static-prod.wtrecom.com/images/products/3/LN_615760_BP_3.jpg,https://www.waitrose.com/ecom/products/taiko-vegetable-gyoza/615760-809010-809011,Taiko Vegetable Gyoza,90g,£2.25,£2.50/100g,"£5 Food to Go Meal Deal: Add 1 Main, 1 Snack and 1 Drink",Fresh & Chilled
614657,Pilgrims Choice Mature Cheddar Cheese,G,true,3403,https://ecom-su-static-prod.wtrecom.com/images/products/3/LN_614657_BP_3.jpg,https://www.waitrose.com/ecom/products/pilgrims-choice-mature-cheddar-cheese/614657-815512-815513,Pilgrims Choice Mature Cheddar Cheese,350g,£3.18,£9.09/kg,25% Off. Was £4.25,Fresh & Chilled
613829,Waitrose Food to Go Spiced Falafel & Feta Wrap,G,true,3404,https://ecom-su-static-prod.wtrecom.com/images/products/3/LN_613829_BP_3.jpg,https://www.waitrose.com/ecom/products/waitrose-food-to-go-spiced-falafel-feta-wrap/613829-817103-817104,Waitrose Food to Go Spiced Falafel & Feta Wrap,each,£3.65,,"£5 Food to Go Meal Deal: Add 1 Main, 1 Snack and 1 Drink",Fresh & Chilled
612706,PlantLiving: Indian Inspired Takeaway Feast,G,false,3405,https://ecom-su-static-prod.wtrecom.com/images/products/3/LN_612706_BP_3.jpg,https://www.waitrose.com/ecom/products/plantliving-indian-inspired-takeaway-feast/612706-780456-780456,PlantLiving: Indian Inspired Takeaway Feast,1388g,£11.00,79.3p/100g,,Fresh & Chilled
610803,Jus-Rol Filo Puff Pastry Sheet,G,false,3406,https://ecom-su-static-prod.wtrecom.com/images/products/3/LN_610803_BP_3.jpg,https://www.waitrose.com/ecom/products/jus-rol-filo-puff-pastry-sheet/610803-86649-86650,Jus-Rol Filo Puff Pastry Sheet,270g,£1.95,£7.23/kg,,Fresh & Chilled
609956,KIND Dark Chocolate Nuts & Sea Salt,G,true,3407,https://ecom-su-static-prod.wtrecom.com/images/products/3/LN_609956_BP_3.jpg,https://www.waitrose.com/ecom/products/kind-dark-chocolate-nuts-sea-salt/609956-497888-497889,KIND Dark Chocolate Nuts & Sea Salt,40g,£1.45,£3.63/100g,"£5 Food to Go Meal Deal: Add 1 Main, 1 Snack and 1 Drink",Fresh & Chilled
609586,Taiko Sweet Chilli Chicken Rice Bowl,G,true,3408,https://ecom-su-static-prod.wtrecom.com/images/products/3/LN_609586_BP_3.jpg,https://www.waitrose.com/ecom/products/taiko-sweet-chilli-chicken-rice-bowl/609586-745159-745160,Taiko Sweet Chilli Chicken Rice Bowl,334g,£4.40,£1.32/100g,20% Off. Was £5.50,Fresh & Chilled
609017,PlantLiving: Hoisin No Duck Wrap,G,true,3409,https://ecom-su-static-prod.wtrecom.com/images/products/3/LN_609017_BP_3.jpg,https://www.waitrose.com/ecom/products/plantliving-hoisin-no-duck-wrap/609017-771383-771384,PlantLiving: Hoisin No Duck Wrap,each,£3.90,£3.90 each,"£5 Food to Go Meal Deal: Add 1 Main, 1 Snack and 1 Drink",Fresh & Chilled
608503,Waitrose Apple & Salted Caramel,G,true,3410,https://ecom-su-static-prod.wtrecom.com/images/products/3/LN_608503_BP_3.jpg,https://www.waitrose.com/ecom/products/waitrose-apple-salted-caramel/608503-825131-825132,Waitrose Apple & Salted Caramel,110g,£1.85,£1.69/100g,"£5 Food to Go Meal Deal: Add 1 Main, 1 Snack and 1 Drink",Fresh & Chilled
606570,Waitrose Food to Go Chicken & Piri Piri Pasta,G,true,3411,https://ecom-su-static-prod.wtrecom.com/images/products/3/LN_606570_BP_3.jpg,https://www.waitrose.com/ecom/products/waitrose-food-to-go-chicken-piri-piri-pasta/606570-817099-817100,Waitrose Food to Go Chicken & Piri Piri Pasta,360g,£3.65,£1.02/100g,"£5 Food to Go Meal Deal: Add 1 Main, 1 Snack and 1 Drink",Fresh & Chilled
606197,Alpro Almond No Sugars Chilled Dairy Free Milk Alternative,G,false,3412,https://ecom-su-static-prod.wtrecom.com/images/products/3/LN_606197_BP_3.jpg,https://www.waitrose.com/ecom/products/alpro-almond-no-sugars-chilled-dairy-free-milk-alternative/606197-826862-826863,Alpro Almond No Sugars Chilled Dairy Free Milk Alternative,500ml,£1.35,£2.70/litre,,Fresh & Chilled
606108,No.1 Speciality Mango,G,false,3413,https://ecom-su-static-prod.wtrecom.com/images/products/3/LN_606108_BP_3.jpg,https://www.waitrose.com/ecom/products/no1-speciality-mango/606108-746177-746178,No.1 Speciality Mango,Each,£3.00,£3 each,,Fresh & Chilled
606047,Graze Cocoa & Vanilla Flapjack,G,true,3414,https://ecom-su-static-prod.wtrecom.com/images/products/3/LN_606047_BP_3.jpg,https://www.waitrose.com/ecom/products/graze-cocoa-vanilla-flapjack/606047-525680-525681,Graze Cocoa & Vanilla Flapjack,50g,£1.25,£2.50/100g,"£5 Food to Go Meal Deal: Add 1 Main, 1 Snack and 1 Drink",Fresh & Chilled
604601,Charlie Bigham's Chicken & Ham En Croute for 2,G,false,3415,https://ecom-su-static-prod.wtrecom.com/images/products/3/LN_604601_BP_3.jpg,https://www.waitrose.com/ecom/products/charlie-bighams-chicken-ham-en-croute-for-2/604601-772474-772475,Charlie Bigham's Chicken & Ham En Croute for 2,465g,£9.25,£19.90/kg,,Fresh & Chilled
603632,Unearthed Speck Alto Adige P.G.I.,G,true,3416,https://ecom-su-static-prod.wtrecom.com/images/products/3/LN_603632_BP_3.jpg,https://www.waitrose.com/ecom/products/unearthed-speck-alto-adige-pgi/603632-303643-303644,Unearthed Speck Alto Adige P.G.I.,80g,£3.15,£3.94/100g,25% Off. Was £4.20,Fresh & Chilled
603000,Charlie Bigham's Mexican Chicken for 2,G,false,3417,https://ecom-su-static-prod.wtrecom.com/images/products/3/LN_603000_BP_3.jpg,https://www.waitrose.com/ecom/products/charlie-bighams-mexican-chicken-for-2/603000-812645-812646,Charlie Bigham's Mexican Chicken for 2,640g,£9.95,£1.56/100g,,Fresh & Chilled
601524,Cooks' Ingredients Thai Herb Kit,G,false,3418,https://ecom-su-static-prod.wtrecom.com/images/products/3/LN_601524_BP_3.jpg,https://www.waitrose.com/ecom/products/cooks-ingredients-thai-herb-kit/601524-672573-672574,Cooks' Ingredients Thai Herb Kit,75g,£2.00,26.7p/10g,,Fresh & Chilled
598825,Graze Lively Lemon Fibre Flapjack,G,true,3419,https://ecom-su-static-prod.wtrecom.com/images/products/3/LN_598825_BP_3.jpg,https://www.waitrose.com/ecom/products/graze-lively-lemon-fibre-flapjack/598825-784508-784509,Graze Lively Lemon Fibre Flapjack,50g,£1.25,£2.50/100g,"£5 Food to Go Meal Deal: Add 1 Main, 1 Snack and 1 Drink",Fresh & Chilled
594144,Godminster Organic Vintage Mature Cheddar Cheese,G,false,3420,https://ecom-su-static-prod.wtrecom.com/images/products/3/LN_594144_BP_3.jpg,https://www.waitrose.com/ecom/products/godminster-organic-vintage-mature-cheddar-cheese/594144-666405-666406,Godminster Organic Vintage Mature Cheddar Cheese,200g,£6.00,£30/kg,,Fresh & Chilled
593824,Waitrose Melon Free Summer Fruit Bowl,G,false,3421,https://ecom-su-static-prod.wtrecom.com/images/products/3/LN_593824_BP_3.jpg,https://www.waitrose.com/ecom/products/waitrose-melon-free-summer-fruit-bowl/593824-698040-698041,Waitrose Melon Free Summer Fruit Bowl,430g,£4.75,£1.11/100g,,Fresh & Chilled
592786,Waitrose Food to Go Tuna & Sweetcorn Pasta,G,true,3422,https://ecom-su-static-prod.wtrecom.com/images/products/3/LN_592786_BP_3.jpg,https://www.waitrose.com/ecom/products/waitrose-food-to-go-tuna-sweetcorn-pasta/592786-817095-817096,Waitrose Food to Go Tuna & Sweetcorn Pasta,320g,£3.65,£1.15/100g,"£5 Food to Go Meal Deal: Add 1 Main, 1 Snack and 1 Drink",Fresh & Chilled
592019,Waitrose Tuna & Cucumber Sub Roll,G,true,3423,https://ecom-su-static-prod.wtrecom.com/images/products/3/LN_592019_BP_3.jpg,https://www.waitrose.com/ecom/products/waitrose-tuna-cucumber-sub-roll/592019-825111-825112,Waitrose Tuna & Cucumber Sub Roll,each,£3.90,£3.90 each,"£5 Food to Go Meal Deal: Add 1 Main, 1 Snack and 1 Drink",Fresh & Chilled
591150,"Nyetimber Rosé NV West Sussex, England",W,true,3424,https://ecom-su-static-prod.wtrecom.com/images/products/3/LN_591150_BP_3.jpg,https://www.waitrose.com/ecom/products/nyetimber-rose-nv-west-sussex-england/591150-506210-506211,"Nyetimber Rosé NV West Sussex, England",75cl,£32.99,£32.99/75cl,save £13.00. Was £45.99,Fresh & Chilled
583799,Babybel Mini Lunchbox Snack Cheese Mixed Pack,G,false,3425,https://ecom-su-static-prod.wtrecom.com/images/products/3/LN_583799_BP_3.jpg,https://www.waitrose.com/ecom/products/babybel-mini-lunchbox-snack-cheese-mixed-pack/583799-493010-493010,Babybel Mini Lunchbox Snack Cheese Mixed Pack,9x20g,£3.20,£17.78/kg,,Fresh & Chilled
583262,Five Tier Celebration Cheese Cake,E,false,3426,https://ecom-su-static-prod.wtrecom.com/images/products/3/LN_583262_BP_3.jpg,https://www.waitrose.com/ecom/products/five-tier-celebration-cheese-cake/583262-758861-758861,Five Tier Celebration Cheese Cake,Typical weight 1.05kg,£25.00,£23.81/kg,,Fresh & Chilled
581335,Japan Menyū 4 Vegan Jackfruit 'No Chicken' drumsticks,G,true,3427,https://ecom-su-static-prod.wtrecom.com/images/products/3/LN_581335_BP_3.jpg,https://www.waitrose.com/ecom/products/japan-meny-4-vegan-jackfruit-no-chicken-drumsticks/581335-810919-810920,Japan Menyū 4 Vegan Jackfruit 'No Chicken' drumsticks,170g,£2.80,£1.65/100g,20% Off. Was £3.50,Fresh & Chilled
580489,Goikoa Jamon Serrano,G,false,3428,https://ecom-su-static-prod.wtrecom.com/images/products/3/LN_580489_BP_3.jpg,https://www.waitrose.com/ecom/products/goikoa-jamon-serrano/580489-791719-791720,Goikoa Jamon Serrano,20g,£2.45,£12.25/100g,,Fresh & Chilled
580305,PlantLiving: 'Nduja Style Fiorelli,G,false,3429,https://ecom-su-static-prod.wtrecom.com/images/products/3/LN_580305_BP_3.jpg,https://www.waitrose.com/ecom/products/plantliving-nduja-style-fiorelli/580305-825101-825102,PlantLiving: 'Nduja Style Fiorelli,250g,£3.40,£1.36/100g,,Fresh & Chilled
579708,Pizza Express Dough Balls & Pesto Dip,G,false,3430,https://ecom-su-static-prod.wtrecom.com/images/products/3/LN_579708_BP_3.jpg,https://www.waitrose.com/ecom/products/pizza-express-dough-balls-pesto-dip/579708-813878-813879,Pizza Express Dough Balls & Pesto Dip,95g,£2.30,£2.43/100g,,Fresh & Chilled
578133,Alf Turner 'Dragon's Egg' Chilli Scotch Egg,G,false,3431,https://ecom-su-static-prod.wtrecom.com/images/products/3/LN_578133_BP_3.jpg,https://www.waitrose.com/ecom/products/alf-turner-dragons-egg-chilli-scotch-egg/578133-373267-373268,Alf Turner 'Dragon's Egg' Chilli Scotch Egg,113g,£1.90,£1.69/100g,,Fresh & Chilled
578061,Cooks' Ingredients Green Peppercorns,G,false,3432,https://ecom-su-static-prod.wtrecom.com/images/products/3/LN_578061_BP_3.jpg,https://www.waitrose.com/ecom/products/cooks-ingredients-green-peppercorns/578061-784938-784939,Cooks' Ingredients Green Peppercorns,30g,£1.60,53.3p/10g,,Fresh & Chilled
577198,Gjetost Tine Gudbrandsdalen Norwegian Cheese,G,false,3433,https://ecom-su-static-prod.wtrecom.com/images/products/3/LN_577198_BP_3.jpg,https://www.waitrose.com/ecom/products/gjetost-tine-gudbrandsdalen-norwegian-cheese/577198-81772-81773,Gjetost Tine Gudbrandsdalen Norwegian Cheese,250g,£4.50,£18/kg,,Fresh & Chilled
574495,No.1 30 Day Dry Aged Jubilee Rib of British Beef,E,false,3434,https://ecom-su-static-prod.wtrecom.com/images/products/3/LN_574495_BP_3.jpg,https://www.waitrose.com/ecom/products/no1-30-day-dry-aged-jubilee-rib-of-british-beef/574495-215983-215984,No.1 30 Day Dry Aged Jubilee Rib of British Beef,(6kg-7kg),£168-£196 each est.,£28 / kg,,Fresh & Chilled
570413,No.1 British Rose Veal Fillet Steak,G,false,3435,https://ecom-su-static-prod.wtrecom.com/images/products/3/LN_570413_BP_3.jpg,https://www.waitrose.com/ecom/products/no1-british-rose-veal-fillet-steak/570413-581300-581301,No.1 British Rose Veal Fillet Steak,Typical weight 0.23kg,£9.53 each est.,£40.99/kg,,Fresh & Chilled
569858,Monster Ultra Energy Drink Can,G,true,3436,https://ecom-su-static-prod.wtrecom.com/images/products/3/LN_569858_BP_3.jpg,https://www.waitrose.com/ecom/products/monster-ultra-energy-drink-can/569858-600654-600655,Monster Ultra Energy Drink Can,500ml,£1.75,35p/100ml,"£5 Food to Go Meal Deal: Add 1 Main, 1 Snack and 1 Drink",Fresh & Chilled
568103,Waitrose Honey & Mustard Chicken Pasta,G,true,3437,https://ecom-su-static-prod.wtrecom.com/images/products/3/LN_568103_BP_3.jpg,https://www.waitrose.com/ecom/products/waitrose-honey-mustard-chicken-pasta/568103-661685-661686,Waitrose Honey & Mustard Chicken Pasta,360g,£3.65,£1.02/100g,"£5 Food to Go Meal Deal: Add 1 Main, 1 Snack and 1 Drink",Fresh & Chilled
562796,Cook's Ingredients Seedless Lemons,G,false,3438,https://ecom-su-static-prod.wtrecom.com/images/products/3/LN_562796_BP_3.jpg,https://www.waitrose.com/ecom/products/cooks-ingredients-seedless-lemons/562796-784454-784455,Cook's Ingredients Seedless Lemons,3s,£1.70,56.7p each,,Fresh & Chilled
559289,No.1 DOP Comté Cheese Saucisson Sec,G,false,3439,https://ecom-su-static-prod.wtrecom.com/images/products/3/LN_559289_BP_3.jpg,https://www.waitrose.com/ecom/products/no1-dop-comte-cheese-saucisson-sec/559289-762374-762375,No.1 DOP Comté Cheese Saucisson Sec,170g,£5.60,£3.30/100g,,Fresh & Chilled
558936,East End Pure Butter Ghee,G,true,3440,https://ecom-su-static-prod.wtrecom.com/images/products/3/LN_558936_BP_3.jpg,https://www.waitrose.com/ecom/products/east-end-pure-butter-ghee/558936-79106-79107,East End Pure Butter Ghee,500g,£5.00,£10/kg,Reduced to Clear. Was £6.00,Fresh & Chilled
553661,Mockingbird Raw Press Raw Vitality 7 Shots Fruit Juice,G,true,3441,https://ecom-su-static-prod.wtrecom.com/images/products/3/LN_553661_BP_3.jpg,https://www.waitrose.com/ecom/products/mockingbird-raw-press-raw-vitality-7-shots-fruit-juice/553661-813514-813515,Mockingbird Raw Press Raw Vitality 7 Shots Fruit Juice,420ml,£4.33,£1.04/100ml,Save 1/3. Was £6.50,Fresh & Chilled
549650,Hampshire Cheese Co Winslade Soft Cheese,G,false,3442,https://ecom-su-static-prod.wtrecom.com/images/products/3/LN_549650_BP_3.jpg,https://www.waitrose.com/ecom/products/hampshire-cheese-co-winslade-soft-cheese/549650-640326-640327,Hampshire Cheese Co Winslade Soft Cheese,230g,£8.50,£36.96/kg,,Fresh & Chilled
548330,Virtue Yerba Mate Strawberry & Lime,G,true,3443,https://ecom-su-static-prod.wtrecom.com/images/products/3/LN_548330_BP_3.jpg,https://www.waitrose.com/ecom/products/virtue-yerba-mate-strawberry-lime/548330-719514-719515,Virtue Yerba Mate Strawberry & Lime,250ml,£1.75,70p/100ml,"£5 Food to Go Meal Deal: Add 1 Main, 1 Snack and 1 Drink",Fresh & Chilled
547476,MFD Biltong,G,false,3444,https://ecom-su-static-prod.wtrecom.com/images/products/3/LN_547476_BP_3.jpg,https://www.waitrose.com/ecom/products/mfd-biltong/547476-791713-791714,MFD Biltong,30g,£2.95,£9.84/100g,,Fresh & Chilled
546436,Philadelphia Plant Based Almond Soft Cheese Alternative,G,false,3445,https://ecom-su-static-prod.wtrecom.com/images/products/3/LN_546436_BP_3.jpg,https://www.waitrose.com/ecom/products/philadelphia-plant-based-almond-soft-cheese-alternative/546436-803312-803313,Philadelphia Plant Based Almond Soft Cheese Alternative,145g,£2.90,£20/kg,,Fresh & Chilled
546025,Huel Vanilla Complete Meal Drink,G,true,3446,https://ecom-su-static-prod.wtrecom.com/images/products/3/LN_546025_BP_3.jpg,https://www.waitrose.com/ecom/products/huel-vanilla-complete-meal-drink/546025-772810-772811,Huel Vanilla Complete Meal Drink,,£3.70,,"£5 Food to Go Meal Deal: Add 1 Main, 1 Snack and 1 Drink",Fresh & Chilled
544362,British Native Breed Whole Beef Brisket,E,false,3447,https://ecom-su-static-prod.wtrecom.com/images/products/3/LN_544362_BP_3.jpg,https://www.waitrose.com/ecom/products/british-native-breed-whole-beef-brisket/544362-506103-506104,British Native Breed Whole Beef Brisket,(2.2kg-2.8kg),£31-£40 each est.,£14 / kg,,Fresh & Chilled
542366,Red Bull Energy Drink,G,true,3448,https://ecom-su-static-prod.wtrecom.com/images/products/3/LN_542366_BP_3.jpg,https://www.waitrose.com/ecom/products/red-bull-energy-drink/542366-743768-743769,Red Bull Energy Drink,355ml,£2.10,59.2p/100ml,"£5 Food to Go Meal Deal: Add 1 Main, 1 Snack and 1 Drink",Fresh & Chilled
541696,Yogiyo Medium Chilli Stir Fry Sauce,G,false,3449,https://ecom-su-static-prod.wtrecom.com/images/products/3/LN_541696_BP_3.jpg,https://www.waitrose.com/ecom/products/yogiyo-medium-chilli-stir-fry-sauce/541696-807591-807592,Yogiyo Medium Chilli Stir Fry Sauce,100g,85p,85p/100g,,Fresh & Chilled
540201,Butlers Blacksticks Blue Cheese,G,false,3450,https://ecom-su-static-prod.wtrecom.com/images/products/3/LN_540201_BP_3.jpg,https://www.waitrose.com/ecom/products/butlers-blacksticks-blue-cheese/540201-747672-747673,Butlers Blacksticks Blue Cheese,150g,£2.85,£19/kg,,Fresh & Chilled
539110,Manomasa Serrano Chilli & Yucatan Honey,G,true,3451,https://ecom-su-static-prod.wtrecom.com/images/products/3/LN_539110_BP_3.jpg,https://www.waitrose.com/ecom/products/manomasa-serrano-chilli-yucatan-honey/539110-801848-801849,Manomasa Serrano Chilli & Yucatan Honey,40g,£1.00,£2.50/100g,"£5 Food to Go Meal Deal: Add 1 Main, 1 Snack and 1 Drink",Fresh & Chilled
537892,Califia Farms Extra Creamy Oat Milk Alternative,G,false,3452,https://ecom-su-static-prod.wtrecom.com/images/products/3/LN_537892_BP_3.jpg,https://www.waitrose.com/ecom/products/califia-farms-extra-creamy-oat-milk-alternative/537892-826860-826861,Califia Farms Extra Creamy Oat Milk Alternative,750ml,£2.50,£3.34/litre,,Fresh & Chilled
535035,No.1 Free Range Easy Carve British Pork Leg Joint,E,false,3453,https://ecom-su-static-prod.wtrecom.com/images/products/3/LN_535035_BP_3.jpg,https://www.waitrose.com/ecom/products/no1-free-range-easy-carve-british-pork-leg-joint/535035-783886-783887,No.1 Free Range Easy Carve British Pork Leg Joint,(2kg-3kg),£25-£38 each est.,£12.5 / kg,,Fresh & Chilled
534067,MyJool Snack Pack Dates,G,false,3454,https://ecom-su-static-prod.wtrecom.com/images/products/3/LN_534067_BP_3.jpg,https://www.waitrose.com/ecom/products/myjool-snack-pack-dates/534067-812001-812002,MyJool Snack Pack Dates,50g,£1.00,£2/100g,,Fresh & Chilled
533098,Unearthed Iberico Lomo Free Range Pork,G,true,3455,https://ecom-su-static-prod.wtrecom.com/images/products/3/LN_533098_BP_3.jpg,https://www.waitrose.com/ecom/products/unearthed-iberico-lomo-free-range-pork/533098-692716-692717,Unearthed Iberico Lomo Free Range Pork,180g,£4.31,£23.95/kg,25% Off. Was £5.75,Fresh & Chilled
532925,Gressingham Duck Confit,G,false,3456,https://ecom-su-static-prod.wtrecom.com/images/products/3/LN_532925_BP_3.jpg,https://www.waitrose.com/ecom/products/gressingham-duck-confit/532925-538666-538667,Gressingham Duck Confit,430g,£7.35,£17.10/kg,,Fresh & Chilled
526558,Red Bull Sugar Free,G,true,3457,https://ecom-su-static-prod.wtrecom.com/images/products/3/LN_526558_BP_3.jpg,https://www.waitrose.com/ecom/products/red-bull-sugar-free/526558-682902-682903,Red Bull Sugar Free,250ml,£1.65,66p/100ml,"£5 Food to Go Meal Deal: Add 1 Main, 1 Snack and 1 Drink",Fresh & Chilled
526551,Starbucks Doubleshot Espresso Iced Coffee,G,false,3458,https://ecom-su-static-prod.wtrecom.com/images/products/3/LN_526551_BP_3.jpg,https://www.waitrose.com/ecom/products/starbucks-doubleshot-espresso-iced-coffee/526551-816520-816521,Starbucks Doubleshot Espresso Iced Coffee,200ml,£2.30,£11.50/litre,,Fresh & Chilled
525432,No.1 Abervale Lamb Burger,G,false,3459,https://ecom-su-static-prod.wtrecom.com/images/products/3/LN_525432_BP_3.jpg,https://www.waitrose.com/ecom/products/no1-abervale-lamb-burger/525432-721220-721221,No.1 Abervale Lamb Burger,340g,£6.00,£17.65/kg,,Fresh & Chilled
524799,No.1 Lamb Leg with Rosemary,G,false,3460,https://ecom-su-static-prod.wtrecom.com/images/products/3/LN_524799_BP_3.jpg,https://www.waitrose.com/ecom/products/no1-lamb-leg-with-rosemary/524799-507850-507851,No.1 Lamb Leg with Rosemary,Typical weight 1.8kg,£41.40 each est.,£23.00/kg,,Fresh & Chilled
524080,Gressingham 2 Duck Breast Portions,G,false,3461,https://ecom-su-static-prod.wtrecom.com/images/products/3/LN_524080_BP_3.jpg,https://www.waitrose.com/ecom/products/gressingham-2-duck-breast-portions/524080-486509-486510,Gressingham 2 Duck Breast Portions,250g,£5.30,£21.20/kg,,Fresh & Chilled
524048,Easy to Cook Breasts Chicken With Spinach & Ricotta,G,false,3462,https://ecom-su-static-prod.wtrecom.com/images/products/3/LN_524048_BP_3.jpg,https://www.waitrose.com/ecom/products/easy-to-cook-breasts-chicken-with-spinach-ricotta/524048-740831-740832,Easy to Cook Breasts Chicken With Spinach & Ricotta,400g,£6.50,£16.25/kg,,Fresh & Chilled
523968,Waitrose Caprese Inspired Aperitivo Platter,G,false,3463,https://ecom-su-static-prod.wtrecom.com/images/products/3/LN_523968_BP_3.jpg,https://www.waitrose.com/ecom/products/waitrose-caprese-inspired-aperitivo-platter/523968-824559-824559,Waitrose Caprese Inspired Aperitivo Platter,345g,£10.00,£2.90/100g,,Fresh & Chilled
519026,Waitrose Cheese Layered Salad,G,true,3464,https://ecom-su-static-prod.wtrecom.com/images/products/3/LN_519026_BP_3.jpg,https://www.waitrose.com/ecom/products/waitrose-cheese-layered-salad/519026-825075-825076,Waitrose Cheese Layered Salad,220g,£3.00,£1.37/100g,"£5 Food to Go Meal Deal: Add 1 Main, 1 Snack and 1 Drink",Fresh & Chilled
517965,Unearthed Ragu Arancini,G,true,3465,https://ecom-su-static-prod.wtrecom.com/images/products/3/LN_517965_BP_3.jpg,https://www.waitrose.com/ecom/products/unearthed-ragu-arancini/517965-804316-804317,Unearthed Ragu Arancini,240g,£3.15,£1.32/100g,25% Off. Was £4.20,Fresh & Chilled
517735,Pilgrims Choice Vintage Mature Cheddar Cheese,G,true,3466,https://ecom-su-static-prod.wtrecom.com/images/products/3/LN_517735_BP_3.jpg,https://www.waitrose.com/ecom/products/pilgrims-choice-vintage-mature-cheddar-cheese/517735-815494-815495,Pilgrims Choice Vintage Mature Cheddar Cheese,300g,£3.18,£10.60/kg,25% Off. Was £4.25,Fresh & Chilled
515151,BEAR Yo Yos Strawberry,G,false,3467,https://ecom-su-static-prod.wtrecom.com/images/products/3/LN_515151_BP_3.jpg,https://www.waitrose.com/ecom/products/bear-yo-yos-strawberry/515151-72781-72782,BEAR Yo Yos Strawberry,Each,70p,70p each,,Fresh & Chilled
514718,Waitrose British & French Five Cheese Selection Box,G,false,3468,https://ecom-su-static-prod.wtrecom.com/images/products/3/LN_514718_BP_3.jpg,https://www.waitrose.com/ecom/products/waitrose-british-french-five-cheese-selection-box/514718-803508-803508,Waitrose British & French Five Cheese Selection Box,440g,£8.00,£18.19/kg,,Fresh & Chilled
513551,Waitrose Slow Cooked Korean Chicken Wings,G,false,3469,https://ecom-su-static-prod.wtrecom.com/images/products/3/LN_513551_BP_3.jpg,https://www.waitrose.com/ecom/products/waitrose-slow-cooked-korean-chicken-wings/513551-783390-783391,Waitrose Slow Cooked Korean Chicken Wings,600g,£6.80,£11.34/kg,,Fresh & Chilled
513226,British Native Breed Beef Fillet,E,false,3470,https://ecom-su-static-prod.wtrecom.com/images/products/3/LN_513226_BP_3.jpg,https://www.waitrose.com/ecom/products/british-native-breed-beef-fillet/513226-673539-673540,British Native Breed Beef Fillet,(1.8kg-2.2kg),£94-£115 each est.,£52 / kg,,Fresh & Chilled
512658,No.1 Lamb Boneless Shoulder,G,false,3471,https://ecom-su-static-prod.wtrecom.com/images/products/3/LN_512658_BP_3.jpg,https://www.waitrose.com/ecom/products/no1-lamb-boneless-shoulder/512658-702653-702654,No.1 Lamb Boneless Shoulder,Typical weight 1.4kg,£30.80 each est.,£22.00/kg,,Fresh & Chilled
511789,No.1 Gloucester Old Spot Cross Breed Unsmoked Back Bacon,G,false,3472,https://ecom-su-static-prod.wtrecom.com/images/products/3/LN_511789_BP_3.jpg,https://www.waitrose.com/ecom/products/no1-gloucester-old-spot-cross-breed-unsmoked-back-bacon/511789-72330-72331,No.1 Gloucester Old Spot Cross Breed Unsmoked Back Bacon,200g,£4.50,£22.50/kg,,Fresh & Chilled
510485,Essential Cooked Chicken Breast Pieces,G,true,3473,https://ecom-su-static-prod.wtrecom.com/images/products/3/LN_510485_BP_3.jpg,https://www.waitrose.com/ecom/products/essential-cooked-chicken-breast-pieces/510485-827196-827197,Essential Cooked Chicken Breast Pieces,240g,£3.50,£1.46/100g,New Line,Fresh & Chilled
509378,Fresh Whole Scottish Salmon Fillet,E,false,3474,https://ecom-su-static-prod.wtrecom.com/images/products/3/LN_509378_BP_3.jpg,https://www.waitrose.com/ecom/products/fresh-whole-scottish-salmon-fillet/509378-486499-486500,Fresh Whole Scottish Salmon Fillet,(0.9kg-1.3kg),£27-£39 each est.,£30 / kg,,Fresh & Chilled
507845,Waitrose Jerk Chicken Thighs,G,true,3475,https://ecom-su-static-prod.wtrecom.com/images/products/3/LN_507845_BP_3.jpg,https://www.waitrose.com/ecom/products/waitrose-jerk-chicken-thighs/507845-827194-827195,Waitrose Jerk Chicken Thighs,435g,£4.35,£10/kg,New Line,Fresh & Chilled
507824,Pieminister Fungi Chicken Pie,G,true,3476,https://ecom-su-static-prod.wtrecom.com/images/products/3/LN_507824_BP_3.jpg,https://www.waitrose.com/ecom/products/pieminister-fungi-chicken-pie/507824-555419-555420,Pieminister Fungi Chicken Pie,270g,£4.70,£17.41/kg,Add 2 for £7.50,Fresh & Chilled
505816,Bespoke Foods Duck Fat,G,false,3477,https://ecom-su-static-prod.wtrecom.com/images/products/3/LN_505816_BP_3.jpg,https://www.waitrose.com/ecom/products/bespoke-foods-duck-fat/505816-312285-312286,Bespoke Foods Duck Fat,320g,£6.00,£18.75/kg,,Fresh & Chilled
500218,Findlater's Roasted Red Pepper Dip,G,true,3478,https://ecom-su-static-prod.wtrecom.com/images/products/3/LN_500218_BP_3.jpg,https://www.waitrose.com/ecom/products/findlaters-roasted-red-pepper-dip/500218-319560-319561,Findlater's Roasted Red Pepper Dip,150g,£1.98,£1.32/100g,25% Off. Was £2.65,Fresh & Chilled
499338,Waitrose Plant Living No Chorizo Sausages,G,false,3479,https://ecom-su-static-prod.wtrecom.com/images/products/3/LN_499338_BP_3.jpg,https://www.waitrose.com/ecom/products/waitrose-plant-living-no-chorizo-sausages/499338-825069-825070,Waitrose Plant Living No Chorizo Sausages,280g,£2.75,98.2p/100g,,Fresh & Chilled
498107,Deliciously Ella Gluten Free & Vegan Cashew Berry Bars,G,false,3480,https://ecom-su-static-prod.wtrecom.com/images/products/3/LN_498107_BP_3.jpg,https://www.waitrose.com/ecom/products/deliciously-ella-gluten-free-vegan-cashew-berry-bars/498107-791053-791054,Deliciously Ella Gluten Free & Vegan Cashew Berry Bars,3x40g,£3.00,£2.50/100g,,Fresh & Chilled
497760,Waitrose Asian Takeaway Bag For 2,G,false,3481,https://ecom-su-static-prod.wtrecom.com/images/products/3/LN_497760_BP_3.jpg,https://www.waitrose.com/ecom/products/waitrose-asian-takeaway-bag-for-2/497760-810910-810910,Waitrose Asian Takeaway Bag For 2,1132g,£12.00,£10.61/kg,,Fresh & Chilled
495512,Essential Garlic & Herb Dressing,G,false,3482,https://ecom-su-static-prod.wtrecom.com/images/products/3/LN_495512_BP_3.jpg,https://www.waitrose.com/ecom/products/essential-garlic-herb-dressing/495512-826738-826739,Essential Garlic & Herb Dressing,250ml,£1.10,44p/100ml,,Fresh & Chilled
495236,Mockingbird Raw Press Raw Vitalise Fruit Juice,G,true,3483,https://ecom-su-static-prod.wtrecom.com/images/products/3/LN_495236_BP_3.jpg,https://www.waitrose.com/ecom/products/mockingbird-raw-press-raw-vitalise-fruit-juice/495236-752421-752422,Mockingbird Raw Press Raw Vitalise Fruit Juice,750ml,£3.16,42.1p/100ml,Save 1/3. Was £4.75,Fresh & Chilled
495003,Oatly Oat Milk Chocolate Deluxe Dairy Free Milk Alternative,G,true,3484,https://ecom-su-static-prod.wtrecom.com/images/products/3/LN_495003_BP_3.jpg,https://www.waitrose.com/ecom/products/oatly-oat-milk-chocolate-deluxe-dairy-free-milk-alternative/495003-741066-741067,Oatly Oat Milk Chocolate Deluxe Dairy Free Milk Alternative,1litre,£1.70,£1.70/litre,save 60p. Was £2.30,Fresh & Chilled
491136,Waitrose 4 British Lamb Leg Steaks,G,false,3485,https://ecom-su-static-prod.wtrecom.com/images/products/3/LN_491136_BP_3.jpg,https://www.waitrose.com/ecom/products/waitrose-4-british-lamb-leg-steaks/491136-806722-806723,Waitrose 4 British Lamb Leg Steaks,Typical weight 0.5kg,£13.57 each est.,£27.00/kg,,Fresh & Chilled
489122,Coca-Cola Zero Sugar Can,G,true,3486,https://ecom-su-static-prod.wtrecom.com/images/products/3/LN_489122_BP_3.jpg,https://www.waitrose.com/ecom/products/coca-cola-zero-sugar-can/489122-744975-744976,Coca-Cola Zero Sugar Can,330ml,£1.10,33.3p/100ml,"£5 Food to Go Meal Deal: Add 1 Main, 1 Snack and 1 Drink",Fresh & Chilled
486402,Waitrose Carrot & Houmous,G,true,3487,https://ecom-su-static-prod.wtrecom.com/images/products/3/LN_486402_BP_3.jpg,https://www.waitrose.com/ecom/products/waitrose-carrot-houmous/486402-825061-825062,Waitrose Carrot & Houmous,110g,£1.50,£1.37/100g,"£5 Food to Go Meal Deal: Add 1 Main, 1 Snack and 1 Drink",Fresh & Chilled
482699,Greisinger Käse Cabanossi,G,false,3488,https://ecom-su-static-prod.wtrecom.com/images/products/3/LN_482699_BP_3.jpg,https://www.waitrose.com/ecom/products/greisinger-kase-cabanossi/482699-68125-68126,Greisinger Käse Cabanossi,200g,£4.20,£2.10/100g,,Fresh & Chilled
482346,English Cheesecake Strawberry & White Chocolate Bites,G,false,3489,https://ecom-su-static-prod.wtrecom.com/images/products/3/LN_482346_BP_3.jpg,https://www.waitrose.com/ecom/products/english-cheesecake-strawberry-white-chocolate-bites/482346-825057-825058,English Cheesecake Strawberry & White Chocolate Bites,2x34g,£2.00,£2.95/100g,,Fresh & Chilled
482183,Huel Banana Complete Meal Drink,G,true,3490,https://ecom-su-static-prod.wtrecom.com/images/products/3/LN_482183_BP_3.jpg,https://www.waitrose.com/ecom/products/huel-banana-complete-meal-drink/482183-772804-772805,Huel Banana Complete Meal Drink,500ml,£3.70,£7.40/litre,"£5 Food to Go Meal Deal: Add 1 Main, 1 Snack and 1 Drink",Fresh & Chilled
482154,Waitrose Summer Fruit Melba Bowl,G,false,3491,https://ecom-su-static-prod.wtrecom.com/images/products/3/LN_482154_BP_3.jpg,https://www.waitrose.com/ecom/products/waitrose-summer-fruit-melba-bowl/482154-804228-804229,Waitrose Summer Fruit Melba Bowl,400g,£4.95,£1.24/100g,,Fresh & Chilled
480988,Foie Royale Goose Liver Block Classic,G,false,3492,https://ecom-su-static-prod.wtrecom.com/images/products/3/LN_480988_BP_3.jpg,https://www.waitrose.com/ecom/products/foie-royale-goose-liver-block-classic/480988-698712-698713,Foie Royale Goose Liver Block Classic,80g,£12.50,£15.63/100g,,Fresh & Chilled
477923,Alpro Oat Original Chilled Dairy Free Milk Alternative,G,false,3493,https://ecom-su-static-prod.wtrecom.com/images/products/3/LN_477923_BP_3.jpg,https://www.waitrose.com/ecom/products/alpro-oat-original-chilled-dairy-free-milk-alternative/477923-826858-826859,Alpro Oat Original Chilled Dairy Free Milk Alternative,500ml,£1.35,£2.70/litre,,Fresh & Chilled
477449,Gu Free From Plant Zillionaires,G,true,3494,https://ecom-su-static-prod.wtrecom.com/images/products/3/LN_477449_BP_3.jpg,https://www.waitrose.com/ecom/products/gu-free-from-plant-zillionaires/477449-788882-788883,Gu Free From Plant Zillionaires,2s,£3.10,£1.70/100g,25% Off. Was £4.15,Fresh & Chilled
476921,John Lewis Stainless Steel 4 Sided Box Grater,G,false,3495,https://ecom-su-static-prod.wtrecom.com/images/products/3/LN_476921_BP_3.jpg,https://www.waitrose.com/ecom/products/john-lewis-stainless-steel-4-sided-box-grater/476921-753641-753642,John Lewis Stainless Steel 4 Sided Box Grater,each,£7.50,£7.50 each,,Fresh & Chilled
476915,No.1 British Calves' Liver,G,false,3496,https://ecom-su-static-prod.wtrecom.com/images/products/3/LN_476915_BP_3.jpg,https://www.waitrose.com/ecom/products/no1-british-calves-liver/476915-67294-67295,No.1 British Calves' Liver,Typical weight 0.23kg,£8.37 each est.,£36.00/kg,,Fresh & Chilled
475269,No. 1 Cote Hill Lindum Semi Hard Cheese Strength 3,G,false,3497,https://ecom-su-static-prod.wtrecom.com/images/products/3/LN_475269_BP_3.jpg,https://www.waitrose.com/ecom/products/no-1-cote-hill-lindum-semi-hard-cheese-strength-3/475269-665281-665282,No. 1 Cote Hill Lindum Semi Hard Cheese Strength 3,Typical weight 150g,£3.71 each est.,£2.47/100g,,Fresh & Chilled
473859,Oatly Oat Milk Chilled Organic Milk Alternative,G,true,3498,https://ecom-su-static-prod.wtrecom.com/images/products/3/LN_473859_BP_3.jpg,https://www.waitrose.com/ecom/products/oatly-oat-milk-chilled-organic-milk-alternative/473859-741040-741041,Oatly Oat Milk Chilled Organic Milk Alternative,1litre,£1.70,£1.70/litre,save 60p. Was £2.30,Fresh & Chilled
473527,No1. Fig & Balsamic Chutney,G,false,3499,https://ecom-su-static-prod.wtrecom.com/images/products/3/LN_473527_BP_3.jpg,https://www.waitrose.com/ecom/products/no1-fig-balsamic-chutney/473527-697862-697863,No1. Fig & Balsamic Chutney,120g,£3.00,£2.50/100g,,Fresh & Chilled
471765,Old Hardisty Dry Cure Old Yorke Roast Ham,G,false,3500,https://ecom-su-static-prod.wtrecom.com/images/products/3/LN_471765_BP_3.jpg,https://www.waitrose.com/ecom/products/old-hardisty-dry-cure-old-yorke-roast-ham/471765-810144-810145,Old Hardisty Dry Cure Old Yorke Roast Ham,150g,£4.00,£2.67/100g,,Fresh & Chilled
471535,Levantine Table Easy to Cook Lamb Koftas & Zhoug Potatoes,G,false,3501,https://ecom-su-static-prod.wtrecom.com/images/products/3/LN_471535_BP_3.jpg,https://www.waitrose.com/ecom/products/levantine-table-easy-to-cook-lamb-koftas-zhoug-potatoes/471535-755827-755828,Levantine Table Easy to Cook Lamb Koftas & Zhoug Potatoes,473g,£7.50,£1.59/100g,,Fresh & Chilled
469366,Yaar Nordic Cloudberry Yogurt Bar,G,true,3502,https://ecom-su-static-prod.wtrecom.com/images/products/3/LN_469366_BP_3.jpg,https://www.waitrose.com/ecom/products/yaar-nordic-cloudberry-yogurt-bar/469366-788878-788879,Yaar Nordic Cloudberry Yogurt Bar,4x40g,£3.00,£1.88/100g,25% Off. Was £4.00,Fresh & Chilled
467735,Pollen + Grace Thai Green Vegetable Curry,G,false,3503,https://ecom-su-static-prod.wtrecom.com/images/products/3/LN_467735_BP_3.jpg,https://www.waitrose.com/ecom/products/pollen-grace-thai-green-vegetable-curry/467735-823136-823137,Pollen + Grace Thai Green Vegetable Curry,400g,£4.75,£1.19/100g,,Fresh & Chilled
465520,Cooks' Ingredients Mixed Peppercorns,G,false,3504,https://ecom-su-static-prod.wtrecom.com/images/products/3/LN_465520_BP_3.jpg,https://www.waitrose.com/ecom/products/cooks-ingredients-mixed-peppercorns/465520-784834-784835,Cooks' Ingredients Mixed Peppercorns,38g,£2.25,59.2p/10g,,Fresh & Chilled
463259,Waitrose Purple Broccoli,G,false,3505,https://ecom-su-static-prod.wtrecom.com/images/products/3/LN_463259_BP_3.jpg,https://www.waitrose.com/ecom/products/waitrose-purple-broccoli/463259-581182-581183,Waitrose Purple Broccoli,400g,£3.75,£9.38/kg,,Fresh & Chilled
458346,Waitrose Plant Living Loaded Vegetable Kebabs,G,false,3506,https://ecom-su-static-prod.wtrecom.com/images/products/3/LN_458346_BP_3.jpg,https://www.waitrose.com/ecom/products/waitrose-plant-living-loaded-vegetable-kebabs/458346-825037-825038,Waitrose Plant Living Loaded Vegetable Kebabs,264g,£2.60,98.5p/100g,,Fresh & Chilled
456210,Mockingbird Raw Press Raw Boost Fruit Juice,G,true,3507,https://ecom-su-static-prod.wtrecom.com/images/products/3/LN_456210_BP_3.jpg,https://www.waitrose.com/ecom/products/mockingbird-raw-press-raw-boost-fruit-juice/456210-795052-795053,Mockingbird Raw Press Raw Boost Fruit Juice,250ml,£2.75,£1.10/100ml,"£5 Food to Go Meal Deal: Add 1 Main, 1 Snack and 1 Drink",Fresh & Chilled
456037,Waitrose British Rose Veal Shoulder Joint,G,false,3508,https://ecom-su-static-prod.wtrecom.com/images/products/3/LN_456037_BP_3.jpg,https://www.waitrose.com/ecom/products/waitrose-british-rose-veal-shoulder-joint/456037-64234-64235,Waitrose British Rose Veal Shoulder Joint,Typical weight 0.75kg,£11.25 each est.,£15.00/kg,,Fresh & Chilled
454133,Cauldron Hoisin Tofu,G,false,3509,https://ecom-su-static-prod.wtrecom.com/images/products/3/LN_454133_BP_3.jpg,https://www.waitrose.com/ecom/products/cauldron-hoisin-tofu/454133-779046-779047,Cauldron Hoisin Tofu,160g,£2.90,£18.13/kg,,Fresh & Chilled
452747,Waitrose Eat Flexi Beef Mushroom & Mozzarella Quarter Pounders,G,true,3510,https://ecom-su-static-prod.wtrecom.com/images/products/3/LN_452747_BP_3.jpg,https://www.waitrose.com/ecom/products/waitrose-eat-flexi-beef-mushroom-mozzarella-quarter-pounders/452747-783234-783235,Waitrose Eat Flexi Beef Mushroom & Mozzarella Quarter Pounders,226g,£3.50,£15.49/kg,Add 2 for £5.75,Fresh & Chilled
451663,Zephyr Courgettes,G,false,3511,https://ecom-su-static-prod.wtrecom.com/images/products/3/LN_451663_BP_3.jpg,https://www.waitrose.com/ecom/products/zephyr-courgettes/451663-728134-728135,Zephyr Courgettes,minimum 3,£2.00,66.7p each,,Fresh & Chilled
444210,No.1 Free Range British Pork Hog Roast with Sage & Onion Stuffing and Apple Sauce,E,false,3512,https://ecom-su-static-prod.wtrecom.com/images/products/3/LN_444210_BP_3.jpg,https://www.waitrose.com/ecom/products/no1-free-range-british-pork-hog-roast-with-sage-onion-stuffing-and-apple-sauce/444210-357186-357187,No.1 Free Range British Pork Hog Roast with Sage & Onion Stuffing and Apple Sauce,(3.1kg-3.7kg),£35-£41 each est.,£11 / kg,,Fresh & Chilled
443816,The Tofoo Co. Sriracha,G,false,3513,https://ecom-su-static-prod.wtrecom.com/images/products/3/LN_443816_BP_3.jpg,https://www.waitrose.com/ecom/products/the-tofoo-co-sriracha/443816-779042-779043,The Tofoo Co. Sriracha,280g,£2.90,£10.36/kg,,Fresh & Chilled
443581,San Pellegrino Orange,G,true,3514,https://ecom-su-static-prod.wtrecom.com/images/products/3/LN_443581_BP_3.jpg,https://www.waitrose.com/ecom/products/san-pellegrino-orange/443581-761922-761923,San Pellegrino Orange,330ml,£1.25,37.9p/100ml,"£5 Food to Go Meal Deal: Add 1 Main, 1 Snack and 1 Drink",Fresh & Chilled
441828,Pots & Co Milk Chocolate Ganache,G,false,3515,https://ecom-su-static-prod.wtrecom.com/images/products/3/LN_441828_BP_3.jpg,https://www.waitrose.com/ecom/products/pots-co-milk-chocolate-ganache/441828-825029-825030,Pots & Co Milk Chocolate Ganache,4x45g,£3.50,£1.95/100g,,Fresh & Chilled
439758,Finnebrogue Naked Premium Ham 4 Slices,G,false,3516,https://ecom-su-static-prod.wtrecom.com/images/products/3/LN_439758_BP_3.jpg,https://www.waitrose.com/ecom/products/finnebrogue-naked-premium-ham-4-slices/439758-645087-645088,Finnebrogue Naked Premium Ham 4 Slices,120g,£3.60,£3/100g,,Fresh & Chilled
438996,Godminster Vintage Organic Daredevil Chilli British Cheddar Cheese,G,false,3517,https://ecom-su-static-prod.wtrecom.com/images/products/3/LN_438996_BP_3.jpg,https://www.waitrose.com/ecom/products/godminster-vintage-organic-daredevil-chilli-british-cheddar-cheese/438996-770258-770259,Godminster Vintage Organic Daredevil Chilli British Cheddar Cheese,200g,£6.50,£32.50/kg,,Fresh & Chilled
437771,OGGS Aquafaba Egg Substitute,G,false,3518,https://ecom-su-static-prod.wtrecom.com/images/products/3/LN_437771_BP_3.jpg,https://www.waitrose.com/ecom/products/oggs-aquafaba-egg-substitute/437771-729858-729859,OGGS Aquafaba Egg Substitute,200ml,£2.10,£1.05/100ml,,Fresh & Chilled
436805,Waitrose Gruyere Fondue Cheese,G,false,3519,https://ecom-su-static-prod.wtrecom.com/images/products/3/LN_436805_BP_3.jpg,https://www.waitrose.com/ecom/products/waitrose-gruyere-fondue-cheese/436805-742118-742119,Waitrose Gruyere Fondue Cheese,200g,£6.00,£30/kg,,Fresh & Chilled
436426,Alpro Soya Chilled Chocolate Dairy Free Milk Alternative,G,false,3520,https://ecom-su-static-prod.wtrecom.com/images/products/3/LN_436426_BP_3.jpg,https://www.waitrose.com/ecom/products/alpro-soya-chilled-chocolate-dairy-free-milk-alternative/436426-741004-741005,Alpro Soya Chilled Chocolate Dairy Free Milk Alternative,1litre,£2.10,£2.10/litre,,Fresh & Chilled
435705,Natoora Hummus with Extra Virgin Olive Oil,G,false,3521,https://ecom-su-static-prod.wtrecom.com/images/products/3/LN_435705_BP_3.jpg,https://www.waitrose.com/ecom/products/natoora-hummus-with-extra-virgin-olive-oil/435705-788502-788503,Natoora Hummus with Extra Virgin Olive Oil,185g,£2.95,£1.60/100g,,Fresh & Chilled
434410,Granarolo Scamorza Affumicata Italian Mozzarella Cheese,G,false,3522,https://ecom-su-static-prod.wtrecom.com/images/products/3/LN_434410_BP_3.jpg,https://www.waitrose.com/ecom/products/granarolo-scamorza-affumicata-italian-mozzarella-cheese/434410-595090-595091,Granarolo Scamorza Affumicata Italian Mozzarella Cheese,250g,£3.50,£14/kg,,Fresh & Chilled
433357,A. A. Badenhorst Curator White Blend,W,false,3523,https://ecom-su-static-prod.wtrecom.com/images/products/3/LN_433357_BP_3.jpg,https://www.waitrose.com/ecom/products/a-a-badenhorst-curator-white-blend/433357-756693-756694,A. A. Badenhorst Curator White Blend,75cl,£9.99,£9.99/75cl,,Fresh & Chilled
431603,Japan Menyū Slow Cooked Beef with Chilli Miso,G,true,3524,https://ecom-su-static-prod.wtrecom.com/images/products/3/LN_431603_BP_3.jpg,https://www.waitrose.com/ecom/products/japan-meny-slow-cooked-beef-with-chilli-miso/431603-810880-810881,Japan Menyū Slow Cooked Beef with Chilli Miso,318g,£5.60,£1.77/100g,20% Off. Was £7.00,Fresh & Chilled
429066,No.1 Malloreddus,G,false,3525,https://ecom-su-static-prod.wtrecom.com/images/products/3/LN_429066_BP_3.jpg,https://www.waitrose.com/ecom/products/no1-malloreddus/429066-793206-793207,No.1 Malloreddus,500g,£2.70,54p/100g,,Fresh & Chilled
427197,"Waitrose Beetroot, Goat's Cheese & Grain Salad",G,true,3526,https://ecom-su-static-prod.wtrecom.com/images/products/3/LN_427197_BP_3.jpg,https://www.waitrose.com/ecom/products/waitrose-beetroot-goats-cheese-grain-salad/427197-817083-817084,"Waitrose Beetroot, Goat's Cheese & Grain Salad",240g,£3.20,£1.34/100g,"£5 Food to Go Meal Deal: Add 1 Main, 1 Snack and 1 Drink",Fresh & Chilled
425973,English Cheesecake Co Salted Choc Cheesecakes,G,true,3527,https://ecom-su-static-prod.wtrecom.com/images/products/3/LN_425973_BP_3.jpg,https://www.waitrose.com/ecom/products/english-cheesecake-co-salted-choc-cheesecakes/425973-810514-810515,English Cheesecake Co Salted Choc Cheesecakes,214g,£2.95,£1.38/100g,25% Off. Was £3.95,Fresh & Chilled
424545,Waitrose Slow Cooked Half Duck Orange & Spice,G,false,3528,https://ecom-su-static-prod.wtrecom.com/images/products/3/LN_424545_BP_3.jpg,https://www.waitrose.com/ecom/products/waitrose-slow-cooked-half-duck-orange-spice/424545-760839-760840,Waitrose Slow Cooked Half Duck Orange & Spice,600g,£11.50,£19.17/kg,,Fresh & Chilled
424057,No.1 Caramelised Shallot Dip,G,true,3529,https://ecom-su-static-prod.wtrecom.com/images/products/3/LN_424057_BP_3.jpg,https://www.waitrose.com/ecom/products/no1-caramelised-shallot-dip/424057-827188-827189,No.1 Caramelised Shallot Dip,170g,£2.28,£1.35/100g,Introductory Offer.Will be £2.85,Fresh & Chilled
423738,Gü Milk Chocolate Mousse & Ganache Desserts,G,false,3530,https://ecom-su-static-prod.wtrecom.com/images/products/3/LN_423738_BP_3.jpg,https://www.waitrose.com/ecom/products/gu-milk-chocolate-mousse-ganache-desserts/423738-825017-825018,Gü Milk Chocolate Mousse & Ganache Desserts,2x70g,£2.95,£2.11/100g,,Fresh & Chilled
423593,Tropicana Kids Pineapple & Mango Smoothies,G,true,3531,https://ecom-su-static-prod.wtrecom.com/images/products/3/LN_423593_BP_3.jpg,https://www.waitrose.com/ecom/products/tropicana-kids-pineapple-mango-smoothies/423593-813488-813489,Tropicana Kids Pineapple & Mango Smoothies,4x150ml,£2.00,33.3p/100ml,save £1.75. Was £3.75,Fresh & Chilled
420041,Itsu Crispy Seaweed Thins Sriracha,G,true,3532,https://ecom-su-static-prod.wtrecom.com/images/products/3/LN_420041_BP_3.jpg,https://www.waitrose.com/ecom/products/itsu-crispy-seaweed-thins-sriracha/420041-760829-760830,Itsu Crispy Seaweed Thins Sriracha,5g,£1.00,£20/100g,"£5 Food to Go Meal Deal: Add 1 Main, 1 Snack and 1 Drink",Fresh & Chilled
416913,Kind Peanut Butter Dark Chocolate,G,true,3533,https://ecom-su-static-prod.wtrecom.com/images/products/3/LN_416913_BP_3.jpg,https://www.waitrose.com/ecom/products/kind-peanut-butter-dark-chocolate/416913-497614-497615,Kind Peanut Butter Dark Chocolate,40g,£1.45,£3.63/100g,"£5 Food to Go Meal Deal: Add 1 Main, 1 Snack and 1 Drink",Fresh & Chilled
416410,Beef Wellington,E,false,3534,https://ecom-su-static-prod.wtrecom.com/images/products/3/LN_416410_BP_3.jpg,https://www.waitrose.com/ecom/products/beef-wellington/416410-661479-661480,Beef Wellington,Typical weight 1.42kg,£62.00,£43.67/kg,,Fresh & Chilled
415568,British Lamb Guard of Honour with a Pesto & Pine Nut Crust,E,false,3535,https://ecom-su-static-prod.wtrecom.com/images/products/3/LN_415568_BP_3.jpg,https://www.waitrose.com/ecom/products/british-lamb-guard-of-honour-with-a-pesto-pine-nut-crust/415568-132284-132285,British Lamb Guard of Honour with a Pesto & Pine Nut Crust,(0.9kg-1.1kg),£32-£39 each est.,£35 / kg,,Fresh & Chilled
414888,Mallow & Marsh Double Chocolate Bar,G,true,3536,https://ecom-su-static-prod.wtrecom.com/images/products/3/LN_414888_BP_3.jpg,https://www.waitrose.com/ecom/products/mallow-marsh-double-chocolate-bar/414888-822031-822032,Mallow & Marsh Double Chocolate Bar,35g,£1.45,£4.15/100g,"£5 Food to Go Meal Deal: Add 1 Main, 1 Snack and 1 Drink",Fresh & Chilled
414835,No.1 Free Range Pork Loin Crackling Joint,G,false,3537,https://ecom-su-static-prod.wtrecom.com/images/products/3/LN_414835_BP_3.jpg,https://www.waitrose.com/ecom/products/no1-free-range-pork-loin-crackling-joint/414835-753433-753434,No.1 Free Range Pork Loin Crackling Joint,Typical weight 1.5kg,£19.88 each est.,£13.25/kg,,Fresh & Chilled
412266,No.1 Dry Aged British Beef Bone-In Sirloin Joint,G,false,3538,https://ecom-su-static-prod.wtrecom.com/images/products/3/LN_412266_BP_3.jpg,https://www.waitrose.com/ecom/products/no1-dry-aged-british-beef-bone-in-sirloin-joint/412266-702423-702424,No.1 Dry Aged British Beef Bone-In Sirloin Joint,Typical weight 1.4kg,£53.20 each est.,£38.00/kg,,Fresh & Chilled
411890,Pieminister THIS Isn't a Chicken & Bacon Pie,G,true,3539,https://ecom-su-static-prod.wtrecom.com/images/products/3/LN_411890_BP_3.jpg,https://www.waitrose.com/ecom/products/pieminister-this-isnt-a-chicken-bacon-pie/411890-810874-810875,Pieminister THIS Isn't a Chicken & Bacon Pie,270g,£4.70,£1.75/100g,Add 2 for £7.50,Fresh & Chilled
410789,Mockingbird Raw Press Raw Cleanse 7 Shots Fruit Juice,G,true,3540,https://ecom-su-static-prod.wtrecom.com/images/products/3/LN_410789_BP_3.jpg,https://www.waitrose.com/ecom/products/mockingbird-raw-press-raw-cleanse-7-shots-fruit-juice/410789-813486-813487,Mockingbird Raw Press Raw Cleanse 7 Shots Fruit Juice,420ml,£4.33,£10.31/litre,Save 1/3. Was £6.50,Fresh & Chilled
409904,Range Farm 12 Mixed Free Range Hen Eggs,G,false,3541,https://ecom-su-static-prod.wtrecom.com/images/products/3/LN_409904_BP_3.jpg,https://www.waitrose.com/ecom/products/range-farm-12-mixed-free-range-hen-eggs/409904-813064-813065,Range Farm 12 Mixed Free Range Hen Eggs,12Each,£2.90,24.2p each,,Fresh & Chilled
405266,Yorkshire Provender Red Pepper & Garlic Soup,G,false,3542,https://ecom-su-static-prod.wtrecom.com/images/products/3/LN_405266_BP_3.jpg,https://www.waitrose.com/ecom/products/yorkshire-provender-red-pepper-garlic-soup/405266-810510-810511,Yorkshire Provender Red Pepper & Garlic Soup,400g,£2.65,66.3p/100g,,Fresh & Chilled
402012,Califia Farms Cold Brew Mocha Single Coffee,G,false,3543,https://ecom-su-static-prod.wtrecom.com/images/products/3/LN_402012_BP_3.jpg,https://www.waitrose.com/ecom/products/califia-farms-cold-brew-mocha-single-coffee/402012-790573-790574,Califia Farms Cold Brew Mocha Single Coffee,250ml,£2.00,80p/100ml,,Fresh & Chilled
400659,The Coconut Collab Cherry Coconut Yogurts Multipack,G,true,3544,https://ecom-su-static-prod.wtrecom.com/images/products/3/LN_400659_BP_3.jpg,https://www.waitrose.com/ecom/products/the-coconut-collab-cherry-coconut-yogurts-multipack/400659-801298-801299,The Coconut Collab Cherry Coconut Yogurts Multipack,4x100g,£2.20,55p/100g,save 80p. Was £3.00,Fresh & Chilled
397626,No.1 Free Range British Pork Crackling 10 Bone Rack,E,false,3545,https://ecom-su-static-prod.wtrecom.com/images/products/3/LN_397626_BP_3.jpg,https://www.waitrose.com/ecom/products/no1-free-range-british-pork-crackling-10-bone-rack/397626-55898-55899,No.1 Free Range British Pork Crackling 10 Bone Rack,(2.6kg-3kg),£39-£45 each est.,£15 / kg,,Fresh & Chilled
373024,Big Zinger Organic Ginger Shots,G,true,3546,https://ecom-su-static-prod.wtrecom.com/images/products/3/LN_373024_BP_3.jpg,https://www.waitrose.com/ecom/products/big-zinger-organic-ginger-shots/373024-827448-827449,Big Zinger Organic Ginger Shots,330ml,£2.50,75.8p/100ml,Introductory Offer.Will be £4.00,Fresh & Chilled
294119,The Honest Butcher Beef Gravy,G,false,3547,https://ecom-su-static-prod.wtrecom.com/images/products/3/LN_294119_BP_3.jpg,https://www.waitrose.com/ecom/products/the-honest-butcher-beef-gravy/294119-824462-824463,The Honest Butcher Beef Gravy,450g,£3.50,£7.78/kg,,Fresh & Chilled
293417,Sabra Garlic & Red Pepper Houmous,G,true,3548,https://ecom-su-static-prod.wtrecom.com/images/products/3/LN_293417_BP_3.jpg,https://www.waitrose.com/ecom/products/sabra-garlic-red-pepper-houmous/293417-827182-827183,Sabra Garlic & Red Pepper Houmous,200g,£2.65,£1.33/100g,New Line,Fresh & Chilled
275068,The Real Cure Fennel & White Pepper Salami,G,true,3549,https://ecom-su-static-prod.wtrecom.com/images/products/3/LN_275068_BP_3.jpg,https://www.waitrose.com/ecom/products/the-real-cure-fennel-white-pepper-salami/275068-827180-827181,The Real Cure Fennel & White Pepper Salami,55g,£3.37,£6.13/100g,Introductory Offer.Will be £4.50,Fresh & Chilled
273959,Tropicana MultiVit Boost Orange,G,false,3550,https://ecom-su-static-prod.wtrecom.com/images/products/3/LN_273959_BP_3.jpg,https://www.waitrose.com/ecom/products/tropicana-multivit-boost-orange/273959-827338-827339,Tropicana MultiVit Boost Orange,850ml,£3.65,42.9p/100ml,,Fresh & Chilled
202543,Quorn Roast Mini Fillets,G,false,3551,https://ecom-su-static-prod.wtrecom.com/images/products/3/LN_202543_BP_3.jpg,https://www.waitrose.com/ecom/products/quorn-roast-mini-fillets/202543-824981-824982,Quorn Roast Mini Fillets,138g,£3.10,£2.25/100g,,Fresh & Chilled
099200,Lipton Ice Tea Lemon,G,true,3552,https://ecom-su-static-prod.wtrecom.com/images/products/3/LN_099200_BP_3.jpg,https://www.waitrose.com/ecom/products/lipton-ice-tea-lemon/099200-50579-50580,Lipton Ice Tea Lemon,500ml,£1.75,35p/100ml,"£5 Food to Go Meal Deal: Add 1 Main, 1 Snack and 1 Drink",Fresh & Chilled
093272,Waitrose Perfectly Ripe Pearl Blush Peaches,G,false,3553,https://ecom-su-static-prod.wtrecom.com/images/products/3/LN_093272_BP_3.jpg,https://www.waitrose.com/ecom/products/waitrose-perfectly-ripe-pearl-blush-peaches/093272-47918-47919,Waitrose Perfectly Ripe Pearl Blush Peaches,4s,£3.60,90p each,,Fresh & Chilled
091976,Waitrose British Diced Rose Veal,G,false,3554,https://ecom-su-static-prod.wtrecom.com/images/products/3/LN_091976_BP_3.jpg,https://www.waitrose.com/ecom/products/waitrose-british-diced-rose-veal/091976-47358-47359,Waitrose British Diced Rose Veal,275g,£4.75,£17.28/kg,,Fresh & Chilled
088476,Duchy Organic Limited Selection Grapes,G,false,3555,https://ecom-su-static-prod.wtrecom.com/images/products/3/LN_088476_BP_3.jpg,https://www.waitrose.com/ecom/products/duchy-organic-limited-selection-grapes/088476-45419-45420,Duchy Organic Limited Selection Grapes,400g,£3.25,£8.13/kg,,Fresh & Chilled
088284,Duchy Organic Apricots,G,false,3556,https://ecom-su-static-prod.wtrecom.com/images/products/3/LN_088284_BP_3.jpg,https://www.waitrose.com/ecom/products/duchy-organic-apricots/088284-45258-45259,Duchy Organic Apricots,320g,£2.50,£7.82/kg,,Fresh & Chilled
088136,Waitrose Apricots,G,false,3557,https://ecom-su-static-prod.wtrecom.com/images/products/3/LN_088136_BP_3.jpg,https://www.waitrose.com/ecom/products/waitrose-apricots/088136-45119-45120,Waitrose Apricots,,£7.00,per kg,,Fresh & Chilled
088039,Cooks' Ingredients Blackcurrants,G,true,3558,https://ecom-su-static-prod.wtrecom.com/images/products/3/LN_088039_BP_3.jpg,https://www.waitrose.com/ecom/products/cooks-ingredients-blackcurrants/088039-730554-45018,Cooks' Ingredients Blackcurrants,150g,£2.20,£14.67/kg,Add 2 for £4,Fresh & Chilled
088033,Waitrose Dessert Gooseberries,G,true,3559,https://ecom-su-static-prod.wtrecom.com/images/products/3/LN_088033_BP_3.jpg,https://www.waitrose.com/ecom/products/waitrose-dessert-gooseberries/088033-45008-45009,Waitrose Dessert Gooseberries,300g,£2.50,£8.34/kg,Add 2 for £4,Fresh & Chilled
085314,Duchy Organic Savoy Cabbage,G,false,3560,https://ecom-su-static-prod.wtrecom.com/images/products/3/LN_085314_BP_3.jpg,https://www.waitrose.com/ecom/products/duchy-organic-savoy-cabbage/085314-43392-43393,Duchy Organic Savoy Cabbage,Each,£1.75,£1.75 each,,Fresh & Chilled
079552,Boneless Leg of British Lamb with Apricot & Rosemary,E,false,3561,https://ecom-su-static-prod.wtrecom.com/images/products/3/LN_079552_BP_3.jpg,https://www.waitrose.com/ecom/products/boneless-leg-of-british-lamb-with-apricot-rosemary/079552-40485-40486,Boneless Leg of British Lamb with Apricot & Rosemary,(1.1kg-1.5kg),£24-£32 each est.,£21 / kg,,Fresh & Chilled
075102,Waitrose Lychees,G,false,3562,https://ecom-su-static-prod.wtrecom.com/images/products/3/LN_075102_BP_3.jpg,https://www.waitrose.com/ecom/products/waitrose-lychees/075102-38096-38097,Waitrose Lychees,10s,£3.50,£2/100g,,Fresh & Chilled
073116,Essential Less Than Perfect Peppers,G,false,3563,https://ecom-su-static-prod.wtrecom.com/images/products/3/LN_073116_BP_3.jpg,https://www.waitrose.com/ecom/products/essential-less-than-perfect-peppers/073116-37102-37103,Essential Less Than Perfect Peppers,750g,£1.90,£2.54/kg,,Fresh & Chilled
071721,Powters 6 Newmarket Pig Sausages,G,false,3564,https://ecom-su-static-prod.wtrecom.com/images/products/3/LN_071721_BP_3.jpg,https://www.waitrose.com/ecom/products/powters-6-newmarket-pig-sausages/071721-36412-36413,Powters 6 Newmarket Pig Sausages,400g,£3.95,£9.88/kg,,Fresh & Chilled
065191,Waitrose Roast Chicken & Sweetcorn Sandwich,G,true,3565,https://ecom-su-static-prod.wtrecom.com/images/products/3/LN_065191_BP_3.jpg,https://www.waitrose.com/ecom/products/waitrose-roast-chicken-sweetcorn-sandwich/065191-33040-33041,Waitrose Roast Chicken & Sweetcorn Sandwich,each,£3.65,£3.65 each,"£5 Food to Go Meal Deal: Add 1 Main, 1 Snack and 1 Drink",Fresh & Chilled
058984,Essential Carbonated Natural Mineral Water,G,true,3566,https://ecom-su-static-prod.wtrecom.com/images/products/3/LN_058984_BP_3.jpg,https://www.waitrose.com/ecom/products/essential-carbonated-natural-mineral-water/058984-29688-29689,Essential Carbonated Natural Mineral Water,500ml,80p,16p/100ml,"£5 Food to Go Meal Deal: Add 1 Main, 1 Snack and 1 Drink",Fresh & Chilled
058983,Essential Still Natural Mineral Water,G,true,3567,https://ecom-su-static-prod.wtrecom.com/images/products/3/LN_058983_BP_3.jpg,https://www.waitrose.com/ecom/products/essential-still-natural-mineral-water/058983-29686-29687,Essential Still Natural Mineral Water,500ml,75p,15p/100ml,"£5 Food to Go Meal Deal: Add 1 Main, 1 Snack and 1 Drink",Fresh & Chilled
058912,Duchy Organic British Pork Leg Joint,G,false,3568,https://ecom-su-static-prod.wtrecom.com/images/products/3/LN_058912_BP_3.jpg,https://www.waitrose.com/ecom/products/duchy-organic-british-pork-leg-joint/058912-29648-29649,Duchy Organic British Pork Leg Joint,Typical weight 1.1kg,£14.30 each est.,£13.00/kg,,Fresh & Chilled
058726,Diet Coke Can,G,true,3569,https://ecom-su-static-prod.wtrecom.com/images/products/3/LN_058726_BP_3.jpg,https://www.waitrose.com/ecom/products/diet-coke-can/058726-29554-29555,Diet Coke Can,330ml,£1.10,33.3p/100ml,"£5 Food to Go Meal Deal: Add 1 Main, 1 Snack and 1 Drink",Fresh & Chilled
058268,Oasis Citrus Punch Bottle,G,true,3570,https://ecom-su-static-prod.wtrecom.com/images/products/3/LN_058268_BP_3.jpg,https://www.waitrose.com/ecom/products/oasis-citrus-punch-bottle/058268-29279-29280,Oasis Citrus Punch Bottle,500ml,£1.75,35p/100ml,"£5 Food to Go Meal Deal: Add 1 Main, 1 Snack and 1 Drink",Fresh & Chilled
050826,Red Bull Energy Drink,G,true,3571,https://ecom-su-static-prod.wtrecom.com/images/products/3/LN_050826_BP_3.jpg,https://www.waitrose.com/ecom/products/red-bull-energy-drink/050826-25283-25284,Red Bull Energy Drink,250ml,£1.70,68p/100ml,"£5 Food to Go Meal Deal: Add 1 Main, 1 Snack and 1 Drink",Fresh & Chilled
047615,Ürziger Würzgarten Kabinett Loosen,W,false,3572,https://ecom-su-static-prod.wtrecom.com/images/products/3/LN_047615_BP_3.jpg,https://www.waitrose.com/ecom/products/urziger-wurzgarten-kabinett-loosen/047615-23520-23521,Ürziger Würzgarten Kabinett Loosen,75cl,£15.99,£15.99/75cl,,Fresh & Chilled
042306,Duchy Organic Free Range British Pork Fillet,G,false,3573,https://ecom-su-static-prod.wtrecom.com/images/products/3/LN_042306_BP_3.jpg,https://www.waitrose.com/ecom/products/duchy-organic-free-range-british-pork-fillet/042306-20944-20945,Duchy Organic Free Range British Pork Fillet,Typical weight 0.45kg,£10.35 each est.,£23.00/kg,,Fresh & Chilled
029213,No.1 Speciality Melon,G,false,3574,https://ecom-su-static-prod.wtrecom.com/images/products/3/LN_029213_BP_3.jpg,https://www.waitrose.com/ecom/products/no1-speciality-melon/029213-14255-14256,No.1 Speciality Melon,Each,£3.60,£3.60 each,,Fresh & Chilled
028374,Taiko Salmon Sushi Wrap,G,false,3575,https://ecom-su-static-prod.wtrecom.com/images/products/3/LN_028374_BP_3.jpg,https://www.waitrose.com/ecom/products/taiko-salmon-sushi-wrap/028374-13805-13806,Taiko Salmon Sushi Wrap,232g,£4.85,£2.10/100g,,Fresh & Chilled
022859,Eat Natural Almond Apricot & Yoghurt,G,true,3576,https://ecom-su-static-prod.wtrecom.com/images/products/3/LN_022859_BP_3.jpg,https://www.waitrose.com/ecom/products/eat-natural-almond-apricot-yoghurt/022859-11141-11142,Eat Natural Almond Apricot & Yoghurt,40g,£1.15,£2.88/100g,"£5 Food to Go Meal Deal: Add 1 Main, 1 Snack and 1 Drink",Fresh & Chilled
020865,Waitrose Perfectly Ripe Plums,G,false,3577,https://ecom-su-static-prod.wtrecom.com/images/products/3/LN_020865_BP_3.jpg,https://www.waitrose.com/ecom/products/waitrose-perfectly-ripe-plums/020865-10143-10144,Waitrose Perfectly Ripe Plums,6s,£3.99,66.5p each,,Fresh & Chilled
019306,Essential Cottage Cheese Large Strength 1,G,false,3578,https://ecom-su-static-prod.wtrecom.com/images/products/3/LN_019306_BP_3.jpg,https://www.waitrose.com/ecom/products/essential-cottage-cheese-large-strength-1/019306-9339-9340,Essential Cottage Cheese Large Strength 1,600g,£2.50,£4.17/kg,,Fresh & Chilled
018427,Duchy Organic British Lamb Half Leg,G,false,3579,https://ecom-su-static-prod.wtrecom.com/images/products/3/LN_018427_BP_3.jpg,https://www.waitrose.com/ecom/products/duchy-organic-british-lamb-half-leg/018427-425748-8914,Duchy Organic British Lamb Half Leg,Typical weight 0.94kg,£24.31 each est.,£26.00/kg,,Fresh & Chilled
018018,No.1 Chateaubriand with Garlic & Chive Butter,E,false,3580,https://ecom-su-static-prod.wtrecom.com/images/products/3/LN_018018_BP_3.jpg,https://www.waitrose.com/ecom/products/no1-chateaubriand-with-garlic-chive-butter/018018-8740-8741,No.1 Chateaubriand with Garlic & Chive Butter,Typical weight 0.49kg,£30.00,£61.86/kg,,Fresh & Chilled
006903,No. 1 Badoz Vacherin Du Haut-Doubs AOP French Ripened Soft Cheese Strength 6,G,false,3581,https://ecom-su-static-prod.wtrecom.com/images/products/3/LN_006903_BP_3.jpg,https://www.waitrose.com/ecom/products/no-1-badoz-vacherin-du-haut-doubs-aop-french-ripened-soft-cheese-strength-6/006903-3125-3126,No. 1 Badoz Vacherin Du Haut-Doubs AOP French Ripened Soft Cheese Strength 6,350g,£10.00,£28.58/kg,,Fresh & Chilled
