data-product-id,data-product-name,data-product-type,data-product-on-offer,data-product-index,image-url,product-page,product-name,product-size,item-price,price-per-unit,offer-description,category
677646,Cornetto Classico Ice Cream Cone,G,true,1,https://ecom-su-static-prod.wtrecom.com/images/products/3/LN_677646_BP_3.jpg,https://www.waitrose.com/ecom/products/cornetto-classico-ice-cream-cone/677646-261246-261247,Cornetto Classico Ice Cream Cone,6x90ml,£3.95,73.1p/100ml,Add 2 for £5,Frozen
831973,Calippo Mini Orange & Lemon-Lime Ice Cream Lollies,G,true,86,https://ecom-su-static-prod.wtrecom.com/images/products/3/LN_831973_BP_3.jpg,https://www.waitrose.com/ecom/products/calippo-mini-orange-lemon-lime-ice-cream-lollies/831973-688722-688723,Calippo Mini Orange & Lemon-Lime Ice Cream Lollies,5x80ml,£2.75,68.8p/100ml,Add 2 for £4,Frozen
893134,Magnum Classic Vanilla Ice Cream Sticks,G,true,3,https://ecom-su-static-prod.wtrecom.com/images/products/3/LN_893134_BP_3.jpg,https://www.waitrose.com/ecom/products/magnum-classic-vanilla-ice-cream-sticks/893134-409662-409663,Magnum Classic Vanilla Ice Cream Sticks,3x100ml,£3.50,£1.17/100ml,Add 2 for £5,Frozen
376067,Essential Frozen Blueberries,G,false,4,https://ecom-su-static-prod.wtrecom.com/images/products/3/LN_376067_BP_3.jpg,https://www.waitrose.com/ecom/products/essential-frozen-blueberries/376067-52962-52963,Essential Frozen Blueberries,400g,£2.35,58.8p/100g,,Frozen
459486,The Ice Co° Premium Ice Cubes,G,false,5,https://ecom-su-static-prod.wtrecom.com/images/products/3/LN_459486_BP_3.jpg,https://www.waitrose.com/ecom/products/the-ice-co-premium-ice-cubes/459486-771123-771124,The Ice Co° Premium Ice Cubes,2Kg,£1.45,72.5p/kg,,Frozen
035738,035738 - Solero Exotic Ice cream Lolly,G,true,6,https://ecom-su-static-prod.wtrecom.com/images/products/3/LN_035738_BP_3.jpg,https://www.waitrose.com/ecom/products/035738-solero-exotic-ice-cream-lolly/035738-17968-17969,035738 - Solero Exotic Ice cream Lolly,270ml,£2.75,£1.02/100ml,Add 2 for £4,Frozen
771268,Essential Frozen Raspberries,G,false,7,https://ecom-su-static-prod.wtrecom.com/images/products/3/LN_771268_BP_3.jpg,https://www.waitrose.com/ecom/products/essential-frozen-raspberries/771268-198052-198053,Essential Frozen Raspberries,350g,£2.35,67.1p/100g,,Frozen
054003,Essential Frozen British Garden Peas,G,false,8,https://ecom-su-static-prod.wtrecom.com/images/products/3/LN_054003_BP_3.jpg,https://www.waitrose.com/ecom/products/essential-frozen-british-garden-peas/054003-27079-27080,Essential Frozen British Garden Peas,725g,£1.20,£1.66/kg,,Frozen
485616,Waitrose Frozen 8 Butter Croissants,G,false,9,https://ecom-su-static-prod.wtrecom.com/images/products/3/LN_485616_BP_3.jpg,https://www.waitrose.com/ecom/products/waitrose-frozen-8-butter-croissants/485616-380320-380321,Waitrose Frozen 8 Butter Croissants,440g,£3.80,86.4p/100g,,Frozen
569590,Essential Frozen French Fries,G,false,10,https://ecom-su-static-prod.wtrecom.com/images/products/3/LN_569590_BP_3.jpg,https://www.waitrose.com/ecom/products/essential-frozen-french-fries/569590-771173-771174,Essential Frozen French Fries,900g,£1.75,£1.95/kg,,Frozen
786795,Essential Frozen Straight Cut Oven Chips,G,false,11,https://ecom-su-static-prod.wtrecom.com/images/products/3/LN_786795_BP_3.jpg,https://www.waitrose.com/ecom/products/essential-frozen-straight-cut-oven-chips/786795-645003-645004,Essential Frozen Straight Cut Oven Chips,900g,£1.75,£1.95/kg,,Frozen
054027,Essential Frozen British Petits Pois,G,false,12,https://ecom-su-static-prod.wtrecom.com/images/products/3/LN_054027_BP_3.jpg,https://www.waitrose.com/ecom/products/essential-frozen-british-petits-pois/054027-27091-27092,Essential Frozen British Petits Pois,725g,£1.40,£1.94/kg,,Frozen
005710,McCain Crispy French Fries,G,true,13,https://ecom-su-static-prod.wtrecom.com/images/products/3/LN_005710_BP_3.jpg,https://www.waitrose.com/ecom/products/mccain-crispy-french-fries/005710-2478-2479,McCain Crispy French Fries,900g,£2.75,£3.06/kg,save 45p. Was £3.20,Frozen
089682,No.1 Madagascan Vanilla Ice Cream,G,true,14,https://ecom-su-static-prod.wtrecom.com/images/products/3/LN_089682_BP_3.jpg,https://www.waitrose.com/ecom/products/no1-madagascan-vanilla-ice-cream/089682-46236-46237,No.1 Madagascan Vanilla Ice Cream,500ml,£3.00,60p/100ml,25% Off. Was £4.40,Frozen
687780,Cadbury Dairy Milk Sticks,G,true,15,https://ecom-su-static-prod.wtrecom.com/images/products/3/LN_687780_BP_3.jpg,https://www.waitrose.com/ecom/products/cadbury-dairy-milk-sticks/687780-801988-801989,Cadbury Dairy Milk Sticks,4x90ml,£3.70,,Add 2 for £5,Frozen
023278,Carte D'Or Madagascan Vanilla Ice Cream Tub Dessert,G,false,16,https://ecom-su-static-prod.wtrecom.com/images/products/3/LN_023278_BP_3.jpg,https://www.waitrose.com/ecom/products/carte-dor-madagascan-vanilla-ice-cream-tub-dessert/023278-11313-11314,Carte D'Or Madagascan Vanilla Ice Cream Tub Dessert,900ml,£3.95,43.9p/100ml,,Frozen
439978,Essential Frozen Berries,G,false,17,https://ecom-su-static-prod.wtrecom.com/images/products/3/LN_439978_BP_3.jpg,https://www.waitrose.com/ecom/products/essential-frozen-berries/439978-679257-679258,Essential Frozen Berries,1Kg,£4.20,42p/100g,,Frozen
498285,Waitrose Frozen Crisp & Fluffy Chunky Chips,G,false,18,https://ecom-su-static-prod.wtrecom.com/images/products/3/LN_498285_BP_3.jpg,https://www.waitrose.com/ecom/products/waitrose-frozen-crisp-fluffy-chunky-chips/498285-644879-644880,Waitrose Frozen Crisp & Fluffy Chunky Chips,1Kg,£2.75,£2.75/kg,,Frozen
054004,Essential Frozen British Garden Peas,G,false,19,https://ecom-su-static-prod.wtrecom.com/images/products/3/LN_054004_BP_3.jpg,https://www.waitrose.com/ecom/products/essential-frozen-british-garden-peas/054004-27081-27082,Essential Frozen British Garden Peas,1.25Kg,£1.85,£1.48/kg,,Frozen
859589,Magnum Mini Classic,G,false,20,https://ecom-su-static-prod.wtrecom.com/images/products/3/LN_859589_BP_3.jpg,https://www.waitrose.com/ecom/products/magnum-mini-classic/859589-823426-823427,Magnum Mini Classic,6x55ml,£4.75,£1.44/100ml,,Frozen
524019,Waitrose Frozen 2 Breaded Cod Fillets,G,false,21,https://ecom-su-static-prod.wtrecom.com/images/products/3/LN_524019_BP_3.jpg,https://www.waitrose.com/ecom/products/waitrose-frozen-2-breaded-cod-fillets/524019-239377-239378,Waitrose Frozen 2 Breaded Cod Fillets,300g,£4.40,£14.67/kg,,Frozen
861695,Birds Eye Garden Peas,G,false,22,https://ecom-su-static-prod.wtrecom.com/images/products/3/LN_861695_BP_3.jpg,https://www.waitrose.com/ecom/products/birds-eye-garden-peas/861695-305805-305806,Birds Eye Garden Peas,800g,£2.95,£3.69/kg,,Frozen
512640,Essential Frozen Crinkle Cut Oven Chips,G,false,23,https://ecom-su-static-prod.wtrecom.com/images/products/3/LN_512640_BP_3.jpg,https://www.waitrose.com/ecom/products/essential-frozen-crinkle-cut-oven-chips/512640-644887-644888,Essential Frozen Crinkle Cut Oven Chips,900g,£1.75,£1.95/kg,,Frozen
059990,Essential Frozen Supersweet Sweetcorn,G,false,24,https://ecom-su-static-prod.wtrecom.com/images/products/3/LN_059990_BP_3.jpg,https://www.waitrose.com/ecom/products/essential-frozen-supersweet-sweetcorn/059990-30307-30308,Essential Frozen Supersweet Sweetcorn,750g,£1.40,£1.87/kg,,Frozen
551289,Essential Frozen Dark Sweet Pitted Cherries,G,false,25,https://ecom-su-static-prod.wtrecom.com/images/products/3/LN_551289_BP_3.jpg,https://www.waitrose.com/ecom/products/essential-frozen-dark-sweet-pitted-cherries/551289-459695-459696,Essential Frozen Dark Sweet Pitted Cherries,400g,£2.35,58.8p/100g,,Frozen
879775,Young's Gastro Jumbo Wholetail Scampi,G,false,26,https://ecom-su-static-prod.wtrecom.com/images/products/3/LN_879775_BP_3.jpg,https://www.waitrose.com/ecom/products/youngs-gastro-jumbo-wholetail-scampi/879775-373783-373784,Young's Gastro Jumbo Wholetail Scampi,230g,£7.50,£32.61/kg,,Frozen
521771,Lotus Biscoff Milk Chocolate Ice Cream Sticks,G,false,27,https://ecom-su-static-prod.wtrecom.com/images/products/3/LN_521771_BP_3.jpg,https://www.waitrose.com/ecom/products/lotus-biscoff-milk-chocolate-ice-cream-sticks/521771-688539-688540,Lotus Biscoff Milk Chocolate Ice Cream Sticks,3x90ml,£4.10,£1.52/100ml,,Frozen
054209,Essential Frozen British Broccoli Florets,G,false,28,https://ecom-su-static-prod.wtrecom.com/images/products/3/LN_054209_BP_3.jpg,https://www.waitrose.com/ecom/products/essential-frozen-british-broccoli-florets/054209-27201-27202,Essential Frozen British Broccoli Florets,750g,£1.30,£1.74/kg,,Frozen
009882,Essential Frozen Whole Leaf Spinach,G,false,29,https://ecom-su-static-prod.wtrecom.com/images/products/3/LN_009882_BP_3.jpg,https://www.waitrose.com/ecom/products/essential-frozen-whole-leaf-spinach/009882-4912-4913,Essential Frozen Whole Leaf Spinach,750g,£1.75,£2.34/kg,,Frozen
673844,The Ice Co° The Super Cube,G,false,30,https://ecom-su-static-prod.wtrecom.com/images/products/3/LN_673844_BP_3.jpg,https://www.waitrose.com/ecom/products/the-ice-co-the-super-cube/673844-502803-502804,The Ice Co° The Super Cube,1Kg,£1.30,£1.30/kg,,Frozen
721670,Cornetto Strawberry Ice Cream Cone,G,true,31,https://ecom-su-static-prod.wtrecom.com/images/products/3/LN_721670_BP_3.jpg,https://www.waitrose.com/ecom/products/cornetto-strawberry-ice-cream-cone/721670-261268-261269,Cornetto Strawberry Ice Cream Cone,6x90ml,£3.95,73.1p/100ml,Add 2 for £5,Frozen
054211,Essential Frozen British Baby Broad Beans,G,false,32,https://ecom-su-static-prod.wtrecom.com/images/products/3/LN_054211_BP_3.jpg,https://www.waitrose.com/ecom/products/essential-frozen-british-baby-broad-beans/054211-27203-27204,Essential Frozen British Baby Broad Beans,500g,£1.50,£3/kg,,Frozen
427220,Kelly's Clotted Cream Ice Cream,G,false,33,https://ecom-su-static-prod.wtrecom.com/images/products/3/LN_427220_BP_3.jpg,https://www.waitrose.com/ecom/products/kellys-clotted-cream-ice-cream/427220-60125-60126,Kelly's Clotted Cream Ice Cream,950ml,£4.20,44.2p/100ml,,Frozen
865820,865820 - Essential Frozen Mango Chunks,G,false,34,https://ecom-su-static-prod.wtrecom.com/images/products/3/LN_865820_BP_3.jpg,https://www.waitrose.com/ecom/products/865820-essential-frozen-mango-chunks/865820-679293-679294,865820 - Essential Frozen Mango Chunks,450g,£2.35,52.2p/100g,,Frozen
021766,Waitrose Frozen Potato Rosti,G,false,35,https://ecom-su-static-prod.wtrecom.com/images/products/3/LN_021766_BP_3.jpg,https://www.waitrose.com/ecom/products/waitrose-frozen-potato-rosti/021766-10612-10613,Waitrose Frozen Potato Rosti,750g,£3.50,£4.67/kg,,Frozen
650101,Cooks' Ingredients Frozen Diced Onions,G,false,36,https://ecom-su-static-prod.wtrecom.com/images/products/3/LN_650101_BP_3.jpg,https://www.waitrose.com/ecom/products/cooks-ingredients-frozen-diced-onions/650101-154639-154640,Cooks' Ingredients Frozen Diced Onions,500g,£1.50,£3/kg,,Frozen
073603,Essential 10 Frozen Cod Fish Fingers MSC,G,false,37,https://ecom-su-static-prod.wtrecom.com/images/products/3/LN_073603_BP_3.jpg,https://www.waitrose.com/ecom/products/essential-10-frozen-cod-fish-fingers-msc/073603-37332-37333,Essential 10 Frozen Cod Fish Fingers MSC,300g,£2.75,£9.17/kg,,Frozen
591747,Birds Eye Petits Pois,G,false,38,https://ecom-su-static-prod.wtrecom.com/images/products/3/LN_591747_BP_3.jpg,https://www.waitrose.com/ecom/products/birds-eye-petits-pois/591747-239421-239422,Birds Eye Petits Pois,545g,£3.00,£5.51/kg,,Frozen
870287,Waitrose Frozen 6 Battered Haddock Fish Fingers,G,false,39,https://ecom-su-static-prod.wtrecom.com/images/products/3/LN_870287_BP_3.jpg,https://www.waitrose.com/ecom/products/waitrose-frozen-6-battered-haddock-fish-fingers/870287-762604-762605,Waitrose Frozen 6 Battered Haddock Fish Fingers,330g,£3.40,£10.31/kg,,Frozen
609537,"Waitrose Frozen Raw, Peeled Jumbo King Prawns",G,true,40,https://ecom-su-static-prod.wtrecom.com/images/products/3/LN_609537_BP_3.jpg,https://www.waitrose.com/ecom/products/waitrose-frozen-raw-peeled-jumbo-king-prawns/609537-653351-653352,"Waitrose Frozen Raw, Peeled Jumbo King Prawns",200g,£5.00,£25/kg,Add 2 for £8,Frozen
049360,No.1 Colombian Coffee Ice Cream,G,true,41,https://ecom-su-static-prod.wtrecom.com/images/products/3/LN_049360_BP_3.jpg,https://www.waitrose.com/ecom/products/no1-colombian-coffee-ice-cream/049360-24598-24599,No.1 Colombian Coffee Ice Cream,500ml,£3.00,60p/100ml,25% Off. Was £4.40,Frozen
754833,Waitrose Cooked & Peeled Jumbo King Prawns,G,true,42,https://ecom-su-static-prod.wtrecom.com/images/products/3/LN_754833_BP_3.jpg,https://www.waitrose.com/ecom/products/waitrose-cooked-peeled-jumbo-king-prawns/754833-653357-653358,Waitrose Cooked & Peeled Jumbo King Prawns,200g,£5.50,£2.75/100g,Add 2 for £8,Frozen
767087,Essential Dark Choc Ices,G,false,43,https://ecom-su-static-prod.wtrecom.com/images/products/3/LN_767087_BP_3.jpg,https://www.waitrose.com/ecom/products/essential-dark-choc-ices/767087-767663-767664,Essential Dark Choc Ices,6x70ml,£1.70,40.5p/100ml,,Frozen
832754,Essential Frozen Strawberries,G,false,44,https://ecom-su-static-prod.wtrecom.com/images/products/3/LN_832754_BP_3.jpg,https://www.waitrose.com/ecom/products/essential-frozen-strawberries/832754-679283-679284,Essential Frozen Strawberries,400g,£2.35,£5.88/kg,,Frozen
875613,Waitrose Extra Fine Whole Green Beans,G,false,45,https://ecom-su-static-prod.wtrecom.com/images/products/3/LN_875613_BP_3.jpg,https://www.waitrose.com/ecom/products/waitrose-extra-fine-whole-green-beans/875613-823108-823109,Waitrose Extra Fine Whole Green Beans,500g,£1.75,£3.50/kg,,Frozen
866751,Waitrose 8 Frozen Pains au Chocolat,G,false,46,https://ecom-su-static-prod.wtrecom.com/images/products/3/LN_866751_BP_3.jpg,https://www.waitrose.com/ecom/products/waitrose-8-frozen-pains-au-chocolat/866751-380422-380423,Waitrose 8 Frozen Pains au Chocolat,480g,£3.80,79.2p/100g,,Frozen
423500,Cooks' Ingredients Frozen Chopped Garlic,G,true,47,https://ecom-su-static-prod.wtrecom.com/images/products/3/LN_423500_BP_3.jpg,https://www.waitrose.com/ecom/products/cooks-ingredients-frozen-chopped-garlic/423500-823024-823025,Cooks' Ingredients Frozen Chopped Garlic,100g,£2.00,£20/kg,Add 2 for £3,Frozen
744490,Magnum Classic Chocolate Vanilla Ice Cream Sticks,G,false,48,https://ecom-su-static-prod.wtrecom.com/images/products/3/LN_744490_BP_3.jpg,https://www.waitrose.com/ecom/products/magnum-classic-chocolate-vanilla-ice-cream-sticks/744490-802044-802045,Magnum Classic Chocolate Vanilla Ice Cream Sticks,6x100ml,£6.15,£1.03/100ml,,Frozen
507263,McCain 4 Ready Baked Jackets,G,false,49,https://ecom-su-static-prod.wtrecom.com/images/products/3/LN_507263_BP_3.jpg,https://www.waitrose.com/ecom/products/mccain-4-ready-baked-jackets/507263-373149-373150,McCain 4 Ready Baked Jackets,800g,£3.90,£4.88/kg,,Frozen
051061,Waitrose Frozen Breaded Chicken Breast Chunks,G,false,50,https://ecom-su-static-prod.wtrecom.com/images/products/3/LN_051061_BP_3.jpg,https://www.waitrose.com/ecom/products/waitrose-frozen-breaded-chicken-breast-chunks/051061-25391-25392,Waitrose Frozen Breaded Chicken Breast Chunks,300g,£3.50,£11.67/kg,,Frozen
071710,Nestlé Rowntree's Fruit Pastilles Lollies,G,true,51,https://ecom-su-static-prod.wtrecom.com/images/products/3/LN_071710_BP_3.jpg,https://www.waitrose.com/ecom/products/nestle-rowntrees-fruit-pastilles-lollies/071710-36408-36409,Nestlé Rowntree's Fruit Pastilles Lollies,4x65ml,£2.65,£1.02/100ml,Add 2 for £4,Frozen
054028,Essential Frozen British Petits Pois,G,false,52,https://ecom-su-static-prod.wtrecom.com/images/products/3/LN_054028_BP_3.jpg,https://www.waitrose.com/ecom/products/essential-frozen-british-petits-pois/054028-27093-27094,Essential Frozen British Petits Pois,1.25Kg,£2.10,£1.68/kg,,Frozen
684799,Birds Eye Petits Pois,G,true,53,https://ecom-su-static-prod.wtrecom.com/images/products/3/LN_684799_BP_3.jpg,https://www.waitrose.com/ecom/products/birds-eye-petits-pois/684799-239473-239474,Birds Eye Petits Pois,960g,£3.00,£3.13/kg,save 95p. Was £3.95,Frozen
881749,Mars Ice Cream,G,false,54,https://ecom-su-static-prod.wtrecom.com/images/products/3/LN_881749_BP_3.jpg,https://www.waitrose.com/ecom/products/mars-ice-cream/881749-824424-824425,Mars Ice Cream,4x40g,£2.90,,,Frozen
843761,Waitrose 4 Valencia Orange Lollies,G,false,55,https://ecom-su-static-prod.wtrecom.com/images/products/3/LN_843761_BP_3.jpg,https://www.waitrose.com/ecom/products/waitrose-4-valencia-orange-lollies/843761-261380-261381,Waitrose 4 Valencia Orange Lollies,4x73ml,£2.75,94.2p/100ml,,Frozen
054326,Essential Frozen Vegetable Mix,G,false,56,https://ecom-su-static-prod.wtrecom.com/images/products/3/LN_054326_BP_3.jpg,https://www.waitrose.com/ecom/products/essential-frozen-vegetable-mix/054326-27277-27278,Essential Frozen Vegetable Mix,750g,£1.20,£1.60/kg,,Frozen
832301,TruFru Strawberries White & Milk Chocolate,G,false,57,https://ecom-su-static-prod.wtrecom.com/images/products/3/LN_832301_BP_3.jpg,https://www.waitrose.com/ecom/products/trufru-strawberries-white-milk-chocolate/832301-824414-824415,TruFru Strawberries White & Milk Chocolate,227g,£5.00,£22.03/kg,,Frozen
502863,Solero Red Berries Ice cream Lolly,G,true,58,https://ecom-su-static-prod.wtrecom.com/images/products/3/LN_502863_BP_3.jpg,https://www.waitrose.com/ecom/products/solero-red-berries-ice-cream-lolly/502863-721955-721956,Solero Red Berries Ice cream Lolly,270ml,£2.75,£1.02/100ml,Add 2 for £4,Frozen
010432,Waitrose 6 Breaded Haddock Fingers,G,true,59,https://ecom-su-static-prod.wtrecom.com/images/products/3/LN_010432_BP_3.jpg,https://www.waitrose.com/ecom/products/waitrose-6-breaded-haddock-fingers/010432-5212-5213,Waitrose 6 Breaded Haddock Fingers,330g,£2.85,£8.64/kg,25% Off. Was £3.80,Frozen
418868,Birds Eye The Original Potato Waffles 10s,G,false,60,https://ecom-su-static-prod.wtrecom.com/images/products/3/LN_418868_BP_3.jpg,https://www.waitrose.com/ecom/products/birds-eye-the-original-potato-waffles-10s/418868-271344-271345,Birds Eye The Original Potato Waffles 10s,567g,£2.35,£4.15/kg,,Frozen
467199,Cooks' Ingredients Meringue Nests,G,false,61,https://ecom-su-static-prod.wtrecom.com/images/products/3/LN_467199_BP_3.jpg,https://www.waitrose.com/ecom/products/cooks-ingredients-meringue-nests/467199-65835-65836,Cooks' Ingredients Meringue Nests,8s,£2.10,26.3p each,,Frozen
830298,Essential Milk Choc Ices,G,false,62,https://ecom-su-static-prod.wtrecom.com/images/products/3/LN_830298_BP_3.jpg,https://www.waitrose.com/ecom/products/essential-milk-choc-ices/830298-767705-767706,Essential Milk Choc Ices,6x70ml,£1.70,40.5p/100ml,,Frozen
869724,Crosta & Mollica 2 Frozen Margherita Sourdough Pizzas,G,true,63,https://ecom-su-static-prod.wtrecom.com/images/products/3/LN_869724_BP_3.jpg,https://www.waitrose.com/ecom/products/crosta-mollica-2-frozen-margherita-sourdough-pizzas/869724-753264-753265,Crosta & Mollica 2 Frozen Margherita Sourdough Pizzas,436g,£4.20,£9.64/kg,20% Off. Was £5.25,Frozen
657884,Albert Bartlett Classic Fries,G,false,64,https://ecom-su-static-prod.wtrecom.com/images/products/3/LN_657884_BP_3.jpg,https://www.waitrose.com/ecom/products/albert-bartlett-classic-fries/657884-824381-824382,Albert Bartlett Classic Fries,900g,£3.20,£3.56/kg,,Frozen
097256,Twister Mini Ice Cream Lollies,G,true,65,https://ecom-su-static-prod.wtrecom.com/images/products/3/LN_097256_BP_3.jpg,https://www.waitrose.com/ecom/products/twister-mini-ice-cream-lollies/097256-426846-49656,Twister Mini Ice Cream Lollies,6x50ml,£2.70,90p/100ml,Add 2 for £4,Frozen
383333,Essential Frozen Chicken Steaks 4,G,false,66,https://ecom-su-static-prod.wtrecom.com/images/products/3/LN_383333_BP_3.jpg,https://www.waitrose.com/ecom/products/essential-frozen-chicken-steaks-4/383333-53901-53902,Essential Frozen Chicken Steaks 4,380g,£2.50,£6.58/kg,,Frozen
870942,McCain Home Chips Straight,G,false,67,https://ecom-su-static-prod.wtrecom.com/images/products/3/LN_870942_BP_3.jpg,https://www.waitrose.com/ecom/products/mccain-home-chips-straight/870942-177464-177465,McCain Home Chips Straight,1.6Kg,£4.30,£2.69/kg,,Frozen
806238,Strong Roots Oven Baked Sweet Potato Fries,G,true,68,https://ecom-su-static-prod.wtrecom.com/images/products/3/LN_806238_BP_3.jpg,https://www.waitrose.com/ecom/products/strong-roots-oven-baked-sweet-potato-fries/806238-568250-568251,Strong Roots Oven Baked Sweet Potato Fries,500g,£2.85,£5.70/kg,25% Off. Was £3.85,Frozen
619273,Essential Frozen Raw King Prawns,G,false,69,https://ecom-su-static-prod.wtrecom.com/images/products/3/LN_619273_BP_3.jpg,https://www.waitrose.com/ecom/products/essential-frozen-raw-king-prawns/619273-236256-236257,Essential Frozen Raw King Prawns,250g,£5.00,£20/kg,,Frozen
092908,Duchy Organic Frozen Petits Pois,G,false,70,https://ecom-su-static-prod.wtrecom.com/images/products/3/LN_092908_BP_3.jpg,https://www.waitrose.com/ecom/products/duchy-organic-frozen-petits-pois/092908-47755-47756,Duchy Organic Frozen Petits Pois,500g,£2.25,£4.50/kg,,Frozen
857133,Magnum Mini Double Caramel Chocolate Ice Cream Sticks,G,false,71,https://ecom-su-static-prod.wtrecom.com/images/products/3/LN_857133_BP_3.jpg,https://www.waitrose.com/ecom/products/magnum-mini-double-caramel-chocolate-ice-cream-sticks/857133-493306-493306,Magnum Mini Double Caramel Chocolate Ice Cream Sticks,6x55ml,£4.75,£1.44/100ml,,Frozen
779502,Cooks' Ingredients Frozen Soffritto Mix,G,false,72,https://ecom-su-static-prod.wtrecom.com/images/products/3/LN_779502_BP_3.jpg,https://www.waitrose.com/ecom/products/cooks-ingredients-frozen-soffritto-mix/779502-493206-493207,Cooks' Ingredients Frozen Soffritto Mix,500g,£1.50,£3/kg,,Frozen
822621,Cooks' Ingredients Frozen Chopped Shallots,G,false,73,https://ecom-su-static-prod.wtrecom.com/images/products/3/LN_822621_BP_3.jpg,https://www.waitrose.com/ecom/products/cooks-ingredients-frozen-chopped-shallots/822621-673433-673434,Cooks' Ingredients Frozen Chopped Shallots,300g,£1.50,£5/kg,,Frozen
006659,Duchy Organic Frozen Garden Peas,G,false,74,https://ecom-su-static-prod.wtrecom.com/images/products/3/LN_006659_BP_3.jpg,https://www.waitrose.com/ecom/products/duchy-organic-frozen-garden-peas/006659-2957-2958,Duchy Organic Frozen Garden Peas,500g,£2.00,£4/kg,,Frozen
706832,Waitrose 2 Lightly Dusted Lemon Sole Fillets,G,false,75,https://ecom-su-static-prod.wtrecom.com/images/products/3/LN_706832_BP_3.jpg,https://www.waitrose.com/ecom/products/waitrose-2-lightly-dusted-lemon-sole-fillets/706832-762468-762469,Waitrose 2 Lightly Dusted Lemon Sole Fillets,270g,£5.50,£20.38/kg,,Frozen
751628,Waitrose Frozen Beer Battered Onion Rings,G,false,76,https://ecom-su-static-prod.wtrecom.com/images/products/3/LN_751628_BP_3.jpg,https://www.waitrose.com/ecom/products/waitrose-frozen-beer-battered-onion-rings/751628-151238-151239,Waitrose Frozen Beer Battered Onion Rings,350g,£2.85,£8.15/kg,,Frozen
653127,Bounty Chocolate Coconut Ice Cream,G,false,77,https://ecom-su-static-prod.wtrecom.com/images/products/3/LN_653127_BP_3.jpg,https://www.waitrose.com/ecom/products/bounty-chocolate-coconut-ice-cream/653127-812479-812480,Bounty Chocolate Coconut Ice Cream,4x50ml,£2.90,£1.45/100ml,,Frozen
530761,Magnum Double Gold Caramel Billionaire Ice Cream Sticks,G,true,78,https://ecom-su-static-prod.wtrecom.com/images/products/3/LN_530761_BP_3.jpg,https://www.waitrose.com/ecom/products/magnum-double-gold-caramel-billionaire-ice-cream-sticks/530761-752941-752942,Magnum Double Gold Caramel Billionaire Ice Cream Sticks,3x85ml,£4.20,£1.65/100ml,Add 2 for £6,Frozen
810097,Waitrose 2 Breaded Haddock Fillets,G,false,79,https://ecom-su-static-prod.wtrecom.com/images/products/3/LN_810097_BP_3.jpg,https://www.waitrose.com/ecom/products/waitrose-2-breaded-haddock-fillets/810097-239605-239606,Waitrose 2 Breaded Haddock Fillets,300g,£4.00,£1.34/100g,,Frozen
832507,Häagen-Dazs Salted Caramel Ice Cream,G,false,80,https://ecom-su-static-prod.wtrecom.com/images/products/3/LN_832507_BP_3.jpg,https://www.waitrose.com/ecom/products/haagen-dazs-salted-caramel-ice-cream/832507-281993-281994,Häagen-Dazs Salted Caramel Ice Cream,460ml,£5.65,£1.23/100ml,,Frozen
883600,Nestlé Fab Strawberry,G,true,81,https://ecom-su-static-prod.wtrecom.com/images/products/3/LN_883600_BP_3.jpg,https://www.waitrose.com/ecom/products/nestle-fab-strawberry/883600-261448-261449,Nestlé Fab Strawberry,6x58ml,£2.65,76.1p/100ml,Add 2 for £4,Frozen
836549,Waitrose Frozen Cooked & Peeled Prawns MSC,G,true,82,https://ecom-su-static-prod.wtrecom.com/images/products/3/LN_836549_BP_3.jpg,https://www.waitrose.com/ecom/products/waitrose-frozen-cooked-peeled-prawns-msc/836549-653359-653360,Waitrose Frozen Cooked & Peeled Prawns MSC,250g,£5.50,£22/kg,Add 2 for £8,Frozen
644059,Essential Fruit Splits,G,false,83,https://ecom-su-static-prod.wtrecom.com/images/products/3/LN_644059_BP_3.jpg,https://www.waitrose.com/ecom/products/essential-fruit-splits/644059-801953-801953,Essential Fruit Splits,6x73ml,£1.60,36.5p/100ml,,Frozen
845450,Waitrose Mini Sticks,G,false,84,https://ecom-su-static-prod.wtrecom.com/images/products/3/LN_845450_BP_3.jpg,https://www.waitrose.com/ecom/products/waitrose-mini-sticks/845450-802149-802149,Waitrose Mini Sticks,8x50ml,£3.20,80p/100ml,,Frozen
049050,Häagen-Dazs Vanilla Ice Cream,G,false,85,https://ecom-su-static-prod.wtrecom.com/images/products/3/LN_049050_BP_3.jpg,https://www.waitrose.com/ecom/products/haagen-dazs-vanilla-ice-cream/049050-24442-24443,Häagen-Dazs Vanilla Ice Cream,460ml,£5.65,£1.23/100ml,,Frozen
831973,Calippo Mini Orange & Lemon-Lime Ice Cream Lollies,G,true,86,https://ecom-su-static-prod.wtrecom.com/images/products/3/LN_831973_BP_3.jpg,https://www.waitrose.com/ecom/products/calippo-mini-orange-lemon-lime-ice-cream-lollies/831973-688722-688723,Calippo Mini Orange & Lemon-Lime Ice Cream Lollies,5x80ml,£2.75,68.8p/100ml,Add 2 for £4,Frozen
007739,Mackie's Traditional Ice Cream,G,true,87,https://ecom-su-static-prod.wtrecom.com/images/products/3/LN_007739_BP_3.jpg,https://www.waitrose.com/ecom/products/mackies-traditional-ice-cream/007739-3626-3627,Mackie's Traditional Ice Cream,1litre,£2.30,23p/100ml,save £1.05. Was £3.35,Frozen
054331,Essential Frozen British Chunky Vegetable Mix,G,false,88,https://ecom-su-static-prod.wtrecom.com/images/products/3/LN_054331_BP_3.jpg,https://www.waitrose.com/ecom/products/essential-frozen-british-chunky-vegetable-mix/054331-27281-27282,Essential Frozen British Chunky Vegetable Mix,750g,£1.40,£1.87/kg,,Frozen
034166,McCain Hash Browns,G,false,89,https://ecom-su-static-prod.wtrecom.com/images/products/3/LN_034166_BP_3.jpg,https://www.waitrose.com/ecom/products/mccain-hash-browns/034166-17113-17114,McCain Hash Browns,625g,£2.85,£4.56/kg,,Frozen
722160,Magnum Double Raspberry Ice Cream Stick,G,true,90,https://ecom-su-static-prod.wtrecom.com/images/products/3/LN_722160_BP_3.jpg,https://www.waitrose.com/ecom/products/magnum-double-raspberry-ice-cream-stick/722160-688655-688656,Magnum Double Raspberry Ice Cream Stick,3x85ml,£4.20,£1.65/100ml,Add 2 for £6,Frozen
727515,Waitrose Frozen Beef Lasagne For 2,G,false,91,https://ecom-su-static-prod.wtrecom.com/images/products/3/LN_727515_BP_3.jpg,https://www.waitrose.com/ecom/products/waitrose-frozen-beef-lasagne-for-2/727515-761808-761809,Waitrose Frozen Beef Lasagne For 2,700g,£5.85,£8.36/kg,,Frozen
898497,Waitrose Waffle Ice Cream Cones,G,false,92,https://ecom-su-static-prod.wtrecom.com/images/products/3/LN_898497_BP_3.jpg,https://www.waitrose.com/ecom/products/waitrose-waffle-ice-cream-cones/898497-694096-694097,Waitrose Waffle Ice Cream Cones,10s,£1.55,15.5p each,,Frozen
426611,Alesis Filo Spinach Twist Pie,G,false,93,https://ecom-su-static-prod.wtrecom.com/images/products/3/LN_426611_BP_3.jpg,https://www.waitrose.com/ecom/products/alesis-filo-spinach-twist-pie/426611-664737-664738,Alesis Filo Spinach Twist Pie,400g,£3.60,£9/kg,,Frozen
847171,Birds Eye Garden Peas,G,false,94,https://ecom-su-static-prod.wtrecom.com/images/products/3/LN_847171_BP_3.jpg,https://www.waitrose.com/ecom/products/birds-eye-garden-peas/847171-239689-239690,Birds Eye Garden Peas,375g,£1.85,£4.94/kg,,Frozen
694565,Essential Frozen Cooked and Peeled Prawns,G,false,95,https://ecom-su-static-prod.wtrecom.com/images/products/3/LN_694565_BP_3.jpg,https://www.waitrose.com/ecom/products/essential-frozen-cooked-and-peeled-prawns/694565-653353-653354,Essential Frozen Cooked and Peeled Prawns,300g,£5.00,£16.67/kg,,Frozen
694992,Waitrose Frozen 12 Yorkshire Puddings,G,false,96,https://ecom-su-static-prod.wtrecom.com/images/products/3/LN_694992_BP_3.jpg,https://www.waitrose.com/ecom/products/waitrose-frozen-12-yorkshire-puddings/694992-98677-98678,Waitrose Frozen 12 Yorkshire Puddings,230g,£1.40,£6.09/kg,,Frozen
854309,McCain Triple Cooked Gastro Chips,G,false,97,https://ecom-su-static-prod.wtrecom.com/images/products/3/LN_854309_BP_3.jpg,https://www.waitrose.com/ecom/products/mccain-triple-cooked-gastro-chips/854309-661442-661443,McCain Triple Cooked Gastro Chips,700g,£3.90,£5.58/kg,,Frozen
090788,Duchy Organic Frozen Sweetcorn,G,false,98,https://ecom-su-static-prod.wtrecom.com/images/products/3/LN_090788_BP_3.jpg,https://www.waitrose.com/ecom/products/duchy-organic-frozen-sweetcorn/090788-46761-46762,Duchy Organic Frozen Sweetcorn,500g,£2.00,£4/kg,,Frozen
049009,Essential Vanilla Soft Scoop Ice Cream,G,false,99,https://ecom-su-static-prod.wtrecom.com/images/products/3/LN_049009_BP_3.jpg,https://www.waitrose.com/ecom/products/essential-vanilla-soft-scoop-ice-cream/049009-24420-24421,Essential Vanilla Soft Scoop Ice Cream,2litre,£2.20,11p/100ml,,Frozen
717622,Duchy Organic Frozen Berry Mix,G,false,100,https://ecom-su-static-prod.wtrecom.com/images/products/3/LN_717622_BP_3.jpg,https://www.waitrose.com/ecom/products/duchy-organic-frozen-berry-mix/717622-101973-101974,Duchy Organic Frozen Berry Mix,300g,£3.80,£12.67/kg,,Frozen
091661,Waitrose 6 Frozen Breaded Cod Fingers,G,false,101,https://ecom-su-static-prod.wtrecom.com/images/products/3/LN_091661_BP_3.jpg,https://www.waitrose.com/ecom/products/waitrose-6-frozen-breaded-cod-fingers/091661-47200-47201,Waitrose 6 Frozen Breaded Cod Fingers,330g,£3.80,£11.52/kg,,Frozen
054790,Waitrose Frozen Southern Fried Chicken Mini Fillets,G,false,102,https://ecom-su-static-prod.wtrecom.com/images/products/3/LN_054790_BP_3.jpg,https://www.waitrose.com/ecom/products/waitrose-frozen-southern-fried-chicken-mini-fillets/054790-27535-27536,Waitrose Frozen Southern Fried Chicken Mini Fillets,380g,£4.00,£10.53/kg,,Frozen
823228,Cooks' Ingredients Frozen Sliced British Bramley Apples,G,false,103,https://ecom-su-static-prod.wtrecom.com/images/products/3/LN_823228_BP_3.jpg,https://www.waitrose.com/ecom/products/cooks-ingredients-frozen-sliced-british-bramley-apples/823228-673435-673436,Cooks' Ingredients Frozen Sliced British Bramley Apples,350g,£2.20,£6.29/kg,,Frozen
533904,McCain Skin On Fries,G,false,104,https://ecom-su-static-prod.wtrecom.com/images/products/3/LN_533904_BP_3.jpg,https://www.waitrose.com/ecom/products/mccain-skin-on-fries/533904-653349-653350,McCain Skin On Fries,800g,£3.90,£4.88/kg,,Frozen
473256,Cooks' Ingredients Frozen Chopped ginger,G,true,105,https://ecom-su-static-prod.wtrecom.com/images/products/3/LN_473256_BP_3.jpg,https://www.waitrose.com/ecom/products/cooks-ingredients-frozen-chopped-ginger/473256-66752-66753,Cooks' Ingredients Frozen Chopped ginger,75g,£1.85,24.7p/10g,Add 2 for £3,Frozen
468390,No.1 Frozen Triple Cooked Chips,G,true,106,https://ecom-su-static-prod.wtrecom.com/images/products/3/LN_468390_BP_3.jpg,https://www.waitrose.com/ecom/products/no1-frozen-triple-cooked-chips/468390-810671-810672,No.1 Frozen Triple Cooked Chips,750g,£3.25,£4.34/kg,Buyers Choice,Frozen
872632,Magnum Intense Dark Chocolate Ice Cream Sticks,G,true,107,https://ecom-su-static-prod.wtrecom.com/images/products/3/LN_872632_BP_3.jpg,https://www.waitrose.com/ecom/products/magnum-intense-dark-chocolate-ice-cream-sticks/872632-802204-802205,Magnum Intense Dark Chocolate Ice Cream Sticks,3x100ml,£4.20,£1.40/100ml,Add 2 for £6,Frozen
657468,Albert Bartlett Croquettes,G,false,108,https://ecom-su-static-prod.wtrecom.com/images/products/3/LN_657468_BP_3.jpg,https://www.waitrose.com/ecom/products/albert-bartlett-croquettes/657468-807893-807894,Albert Bartlett Croquettes,500g,£3.00,£6/kg,,Frozen
770192,Albert Bartlett Deep Crinkle Cut Chips,G,true,109,https://ecom-su-static-prod.wtrecom.com/images/products/3/LN_770192_BP_3.jpg,https://www.waitrose.com/ecom/products/albert-bartlett-deep-crinkle-cut-chips/770192-824399-824400,Albert Bartlett Deep Crinkle Cut Chips,900g,£2.50,£2.78/kg,save 70p. Was £3.20,Frozen
407344,Magnum White Chocolate Ice Cream Stick,G,true,110,https://ecom-su-static-prod.wtrecom.com/images/products/3/LN_407344_BP_3.jpg,https://www.waitrose.com/ecom/products/magnum-white-chocolate-ice-cream-stick/407344-409138-409139,Magnum White Chocolate Ice Cream Stick,3x100ml,£3.50,£1.17/100ml,Add 2 for £5,Frozen
049053,Häagen-Dazs Belgian Chocolate Ice Cream,G,false,111,https://ecom-su-static-prod.wtrecom.com/images/products/3/LN_049053_BP_3.jpg,https://www.waitrose.com/ecom/products/haagen-dazs-belgian-chocolate-ice-cream/049053-24444-24445,Häagen-Dazs Belgian Chocolate Ice Cream,460ml,£5.65,£1.23/100ml,,Frozen
832230,Waitrose Frozen Fine Cut Vegetable Steamers,G,false,112,https://ecom-su-static-prod.wtrecom.com/images/products/3/LN_832230_BP_3.jpg,https://www.waitrose.com/ecom/products/waitrose-frozen-fine-cut-vegetable-steamers/832230-581574-581575,Waitrose Frozen Fine Cut Vegetable Steamers,4x160g,£2.75,£4.30/kg,,Frozen
099050,Cooks' Ingredients Frozen Butternut Vine Squash Chunks,G,false,113,https://ecom-su-static-prod.wtrecom.com/images/products/3/LN_099050_BP_3.jpg,https://www.waitrose.com/ecom/products/cooks-ingredients-frozen-butternut-vine-squash-chunks/099050-50487-50488,Cooks' Ingredients Frozen Butternut Vine Squash Chunks,500g,£1.90,£3.80/kg,,Frozen
406516,No.1 Santo Domingo Chocolate Ice Cream,G,true,114,https://ecom-su-static-prod.wtrecom.com/images/products/3/LN_406516_BP_3.jpg,https://www.waitrose.com/ecom/products/no1-santo-domingo-chocolate-ice-cream/406516-336017-336018,No.1 Santo Domingo Chocolate Ice Cream,480ml,£3.00,62.5p/100ml,25% Off. Was £4.40,Frozen
081118,Swedish Glace Dairy Free Vegan Vanilla Ice Cream Tub,G,false,115,https://ecom-su-static-prod.wtrecom.com/images/products/3/LN_081118_BP_3.jpg,https://www.waitrose.com/ecom/products/swedish-glace-dairy-free-vegan-vanilla-ice-cream-tub/081118-41277-41278,Swedish Glace Dairy Free Vegan Vanilla Ice Cream Tub,750ml,£3.15,42p/100ml,,Frozen
784812,Waitrose Frozen Sweet Potato Oven Chips,G,false,116,https://ecom-su-static-prod.wtrecom.com/images/products/3/LN_784812_BP_3.jpg,https://www.waitrose.com/ecom/products/waitrose-frozen-sweet-potato-oven-chips/784812-159646-159647,Waitrose Frozen Sweet Potato Oven Chips,500g,£3.20,£6.40/kg,,Frozen
409892,TruFru Raspberries White & Dark Chocolate,G,false,117,https://ecom-su-static-prod.wtrecom.com/images/products/3/LN_409892_BP_3.jpg,https://www.waitrose.com/ecom/products/trufru-raspberries-white-dark-chocolate/409892-824333-824334,TruFru Raspberries White & Dark Chocolate,227g,£5.00,£22.03/kg,,Frozen
812415,Claudi & Fin Greek Style Frozen Yoghurt Lollies 8 Minis,G,false,118,https://ecom-su-static-prod.wtrecom.com/images/products/3/LN_812415_BP_3.jpg,https://www.waitrose.com/ecom/products/claudi-fin-greek-style-frozen-yoghurt-lollies-8-minis/812415-575810-575810,Claudi & Fin Greek Style Frozen Yoghurt Lollies 8 Minis,8x30ml,£3.50,£1.46/100ml,,Frozen
880866,Essential Frozen Pineapple Chunks,G,false,119,https://ecom-su-static-prod.wtrecom.com/images/products/3/LN_880866_BP_3.jpg,https://www.waitrose.com/ecom/products/essential-frozen-pineapple-chunks/880866-679299-679300,Essential Frozen Pineapple Chunks,500g,£2.35,47p/100g,,Frozen
028780,No.1 Canadian Maple Syrup No1 Medium,G,false,120,https://ecom-su-static-prod.wtrecom.com/images/products/3/LN_028780_BP_3.jpg,https://www.waitrose.com/ecom/products/no1-canadian-maple-syrup-no1-medium/028780-14028-14029,No.1 Canadian Maple Syrup No1 Medium,330g,£5.60,£1.70/100g,,Frozen
424550,Nuii Caramel & Macadamia,G,true,121,https://ecom-su-static-prod.wtrecom.com/images/products/3/LN_424550_BP_3.jpg,https://www.waitrose.com/ecom/products/nuii-caramel-macadamia/424550-801742-801743,Nuii Caramel & Macadamia,3x90ml,£4.20,£1.56/100ml,Add 2 for £5,Frozen
893403,Northern Dough Co. Original Pizza Dough,G,true,122,https://ecom-su-static-prod.wtrecom.com/images/products/3/LN_893403_BP_3.jpg,https://www.waitrose.com/ecom/products/northern-dough-co-original-pizza-dough/893403-307494-307495,Northern Dough Co. Original Pizza Dough,2x220g,£2.25,£5.12/kg,save 55p. Was £2.80,Frozen
540870,Waitrose Frozen Mashed Potato,G,false,123,https://ecom-su-static-prod.wtrecom.com/images/products/3/LN_540870_BP_3.jpg,https://www.waitrose.com/ecom/products/waitrose-frozen-mashed-potato/540870-230839-230840,Waitrose Frozen Mashed Potato,700g,£1.85,£2.65/kg,,Frozen
590020,Bannisters Farm Frozen Ready Baked Potatoes,G,false,124,https://ecom-su-static-prod.wtrecom.com/images/products/3/LN_590020_BP_3.jpg,https://www.waitrose.com/ecom/products/bannisters-farm-frozen-ready-baked-potatoes/590020-344220-344221,Bannisters Farm Frozen Ready Baked Potatoes,800g,£3.50,£4.38/kg,,Frozen
008764,Aunt Bessie's Crispy & Fluffy Roast Potatoes,G,false,125,https://ecom-su-static-prod.wtrecom.com/images/products/3/LN_008764_BP_3.jpg,https://www.waitrose.com/ecom/products/aunt-bessies-crispy-fluffy-roast-potatoes/008764-4171-4172,Aunt Bessie's Crispy & Fluffy Roast Potatoes,720g,£2.50,£3.48/kg,,Frozen
029707,Essential 2 Frozen Cod & Parsley Fish Cakes,G,false,126,https://ecom-su-static-prod.wtrecom.com/images/products/3/LN_029707_BP_3.jpg,https://www.waitrose.com/ecom/products/essential-2-frozen-cod-parsley-fish-cakes/029707-14511-14512,Essential 2 Frozen Cod & Parsley Fish Cakes,170g,£1.60,£9.42/kg,,Frozen
066572,Waitrose Frozen Breaded Chicken Breast Mini Fillets,G,false,127,https://ecom-su-static-prod.wtrecom.com/images/products/3/LN_066572_BP_3.jpg,https://www.waitrose.com/ecom/products/waitrose-frozen-breaded-chicken-breast-mini-fillets/066572-33711-33712,Waitrose Frozen Breaded Chicken Breast Mini Fillets,380g,£4.30,£11.32/kg,,Frozen
054233,Essential Frozen British Cauliflower Florets,G,false,128,https://ecom-su-static-prod.wtrecom.com/images/products/3/LN_054233_BP_3.jpg,https://www.waitrose.com/ecom/products/essential-frozen-british-cauliflower-florets/054233-27219-27220,Essential Frozen British Cauliflower Florets,750g,£1.30,£1.74/kg,,Frozen
737574,Aunt Bessie's 10 Golden Yorkshires,G,false,129,https://ecom-su-static-prod.wtrecom.com/images/products/3/LN_737574_BP_3.jpg,https://www.waitrose.com/ecom/products/aunt-bessies-10-golden-yorkshires/737574-271434-271435,Aunt Bessie's 10 Golden Yorkshires,190g,£2.65,£13.95/kg,,Frozen
707570,Rowntree's Watermelon,G,true,130,https://ecom-su-static-prod.wtrecom.com/images/products/3/LN_707570_BP_3.jpg,https://www.waitrose.com/ecom/products/rowntrees-watermelon/707570-657003-657004,Rowntree's Watermelon,4x73ml,£2.60,89p/100ml,Add 2 for £4,Frozen
834154,Essential Frozen Cheese & Tomato Pizza,G,false,131,https://ecom-su-static-prod.wtrecom.com/images/products/3/LN_834154_BP_3.jpg,https://www.waitrose.com/ecom/products/essential-frozen-cheese-tomato-pizza/834154-380404-380405,Essential Frozen Cheese & Tomato Pizza,230g,£1.40,£6.09/kg,,Frozen
815491,Viennetta Vanilla Ice Cream Dessert,G,false,132,https://ecom-su-static-prod.wtrecom.com/images/products/3/LN_815491_BP_3.jpg,https://www.waitrose.com/ecom/products/viennetta-vanilla-ice-cream-dessert/815491-786342-786343,Viennetta Vanilla Ice Cream Dessert,650ml,£2.10,32.3p/100ml,,Frozen
501123,Essential 2 Frozen Garlic Chicken Kyivs,G,false,133,https://ecom-su-static-prod.wtrecom.com/images/products/3/LN_501123_BP_3.jpg,https://www.waitrose.com/ecom/products/essential-2-frozen-garlic-chicken-kyivs/501123-70809-70810,Essential 2 Frozen Garlic Chicken Kyivs,284g,£2.25,£7.93/kg,,Frozen
899533,itsu Chicken Gyoza 12s,G,true,134,https://ecom-su-static-prod.wtrecom.com/images/products/3/LN_899533_BP_3.jpg,https://www.waitrose.com/ecom/products/itsu-chicken-gyoza-12s/899533-657066-657067,itsu Chicken Gyoza 12s,240g,£3.55,£14.80/kg,20% Off. Was £4.45,Frozen
481899,Essential Frozen Chicken Goujons,G,false,135,https://ecom-su-static-prod.wtrecom.com/images/products/3/LN_481899_BP_3.jpg,https://www.waitrose.com/ecom/products/essential-frozen-chicken-goujons/481899-725140-725141,Essential Frozen Chicken Goujons,625g,£3.80,£6.08/kg,,Frozen
561448,Magnum Mini Classic Almond White Chocolate,G,false,136,https://ecom-su-static-prod.wtrecom.com/images/products/3/LN_561448_BP_3.jpg,https://www.waitrose.com/ecom/products/magnum-mini-classic-almond-white-chocolate/561448-823400-823401,Magnum Mini Classic Almond White Chocolate,6x55ml,£4.75,£1.44/100ml,,Frozen
464323,Snickers Ice Cream,G,false,137,https://ecom-su-static-prod.wtrecom.com/images/products/3/LN_464323_BP_3.jpg,https://www.waitrose.com/ecom/products/snickers-ice-cream/464323-824345-824346,Snickers Ice Cream,4x45.6g,£2.90,,,Frozen
806916,Cornetto Mint Ice Cream Cones,G,true,138,https://ecom-su-static-prod.wtrecom.com/images/products/3/LN_806916_BP_3.jpg,https://www.waitrose.com/ecom/products/cornetto-mint-ice-cream-cones/806916-802108-802109,Cornetto Mint Ice Cream Cones,6x90ml,£3.95,73.1p/100ml,Add 2 for £5,Frozen
061364,Waitrose Frozen 2 Smoked Haddock Fish Cakes,G,false,139,https://ecom-su-static-prod.wtrecom.com/images/products/3/LN_061364_BP_3.jpg,https://www.waitrose.com/ecom/products/waitrose-frozen-2-smoked-haddock-fish-cakes/061364-31062-31063,Waitrose Frozen 2 Smoked Haddock Fish Cakes,230g,£3.50,£15.22/kg,,Frozen
604719,Lotus Biscoff White Chocolate Ice Cream Sticks,G,false,140,https://ecom-su-static-prod.wtrecom.com/images/products/3/LN_604719_BP_3.jpg,https://www.waitrose.com/ecom/products/lotus-biscoff-white-chocolate-ice-cream-sticks/604719-752983-752984,Lotus Biscoff White Chocolate Ice Cream Sticks,3x90ml,£4.10,£1.52/100ml,,Frozen
640620,Waitrose Frozen Grilled Vegetable Mix,G,false,141,https://ecom-su-static-prod.wtrecom.com/images/products/3/LN_640620_BP_3.jpg,https://www.waitrose.com/ecom/products/waitrose-frozen-grilled-vegetable-mix/640620-823062-823063,Waitrose Frozen Grilled Vegetable Mix,500g,£2.95,£5.90/kg,,Frozen
746882,Little Jude's Milk Lollies,G,true,142,https://ecom-su-static-prod.wtrecom.com/images/products/3/LN_746882_BP_3.jpg,https://www.waitrose.com/ecom/products/little-judes-milk-lollies/746882-657011-657011,Little Jude's Milk Lollies,8x35ml,£2.75,98.2p/100ml,save 35p. Was £3.10,Frozen
522286,Waitrose Frozen Pea And Bean Mix,G,false,143,https://ecom-su-static-prod.wtrecom.com/images/products/3/LN_522286_BP_3.jpg,https://www.waitrose.com/ecom/products/waitrose-frozen-pea-and-bean-mix/522286-823046-823047,Waitrose Frozen Pea And Bean Mix,750g,£1.75,£2.34/kg,,Frozen
618561,Birds Eye 10 Cod Fish Fingers,G,false,144,https://ecom-su-static-prod.wtrecom.com/images/products/3/LN_618561_BP_3.jpg,https://www.waitrose.com/ecom/products/birds-eye-10-cod-fish-fingers/618561-130834-130835,Birds Eye 10 Cod Fish Fingers,280g,£4.20,£15/kg,,Frozen
524052,Duchy Organic Vanilla Ice Cream,G,true,145,https://ecom-su-static-prod.wtrecom.com/images/products/3/LN_524052_BP_3.jpg,https://www.waitrose.com/ecom/products/duchy-organic-vanilla-ice-cream/524052-752937-752938,Duchy Organic Vanilla Ice Cream,480ml,£3.00,62.5p/100ml,save 50p. Was £3.50,Frozen
874187,Little Moons Passionfruit & Mango Mochi,G,false,146,https://ecom-su-static-prod.wtrecom.com/images/products/3/LN_874187_BP_3.jpg,https://www.waitrose.com/ecom/products/little-moons-passionfruit-mango-mochi/874187-725996-725997,Little Moons Passionfruit & Mango Mochi,6x32g,£5.00,£2.61/100g,,Frozen
067082,Duchy Organic Frozen Vegetable Mix,G,false,147,https://ecom-su-static-prod.wtrecom.com/images/products/3/LN_067082_BP_3.jpg,https://www.waitrose.com/ecom/products/duchy-organic-frozen-vegetable-mix/067082-33976-33977,Duchy Organic Frozen Vegetable Mix,750g,£2.75,£3.67/kg,,Frozen
894497,Linda McCartney's Vegan Red Onion & Rosemary Sausages,G,false,148,https://ecom-su-static-prod.wtrecom.com/images/products/3/LN_894497_BP_3.jpg,https://www.waitrose.com/ecom/products/linda-mccartneys-vegan-red-onion-rosemary-sausages/894497-344750-344751,Linda McCartney's Vegan Red Onion & Rosemary Sausages,270g,£2.60,£9.63/kg,,Frozen
505945,Oreo Ice Cream Mini Sandwich,G,true,149,https://ecom-su-static-prod.wtrecom.com/images/products/3/LN_505945_BP_3.jpg,https://www.waitrose.com/ecom/products/oreo-ice-cream-mini-sandwich/505945-824357-824358,Oreo Ice Cream Mini Sandwich,6x55ml,£3.50,£1.07/100ml,Add 2 for £5,Frozen
883794,Moving Mountains 2 Plant-Based 1/4lb Burgers,G,true,150,https://ecom-su-static-prod.wtrecom.com/images/products/3/LN_883794_BP_3.jpg,https://www.waitrose.com/ecom/products/moving-mountains-2-plant-based-1-4lb-burgers/883794-731188-731189,Moving Mountains 2 Plant-Based 1/4lb Burgers,227g,£3.50,£15.42/kg,Add 2 for £5,Frozen
701063,Waitrose 4 Frozen White Rustic Baguettes,G,false,151,https://ecom-su-static-prod.wtrecom.com/images/products/3/LN_701063_BP_3.jpg,https://www.waitrose.com/ecom/products/waitrose-4-frozen-white-rustic-baguettes/701063-99492-99493,Waitrose 4 Frozen White Rustic Baguettes,520g,£2.90,55.8p/100g,,Frozen
819143,Waitrose 2 Frozen French Apple Tarts,G,true,152,https://ecom-su-static-prod.wtrecom.com/images/products/3/LN_819143_BP_3.jpg,https://www.waitrose.com/ecom/products/waitrose-2-frozen-french-apple-tarts/819143-288094-288095,Waitrose 2 Frozen French Apple Tarts,2x77.5g,£4.00,£2.59/100g,Add 2 for £6,Frozen
623047,Lotus Biscoff Milk Chocolate Ice Cream Sticks,G,true,153,https://ecom-su-static-prod.wtrecom.com/images/products/3/LN_623047_BP_3.jpg,https://www.waitrose.com/ecom/products/lotus-biscoff-milk-chocolate-ice-cream-sticks/623047-752993-752994,Lotus Biscoff Milk Chocolate Ice Cream Sticks,6x60ml,£2.40,66.7p/100ml,Half Price. Was £4.85,Frozen
009004,Waitrose Frozen 2 Salmon & Dill Fish Cakes,G,false,154,https://ecom-su-static-prod.wtrecom.com/images/products/3/LN_009004_BP_3.jpg,https://www.waitrose.com/ecom/products/waitrose-frozen-2-salmon-dill-fish-cakes/009004-4301-4302,Waitrose Frozen 2 Salmon & Dill Fish Cakes,230g,£3.50,£15.22/kg,,Frozen
639203,Kelly's Cornish Parlour Honeycomb Crunch,G,false,155,https://ecom-su-static-prod.wtrecom.com/images/products/3/LN_639203_BP_3.jpg,https://www.waitrose.com/ecom/products/kellys-cornish-parlour-honeycomb-crunch/639203-493076-493077,Kelly's Cornish Parlour Honeycomb Crunch,950ml,£4.20,44.2p/100ml,,Frozen
609890,Magnum Almond Ice Cream Sticks,G,false,156,https://ecom-su-static-prod.wtrecom.com/images/products/3/LN_609890_BP_3.jpg,https://www.waitrose.com/ecom/products/magnum-almond-ice-cream-sticks/609890-824373-824374,Magnum Almond Ice Cream Sticks,6x100ml,£6.15,£1.03/100ml,,Frozen
803347,Strong Roots Crispy Skinny Fries,G,false,157,https://ecom-su-static-prod.wtrecom.com/images/products/3/LN_803347_BP_3.jpg,https://www.waitrose.com/ecom/products/strong-roots-crispy-skinny-fries/803347-784568-784569,Strong Roots Crispy Skinny Fries,750g,£3.95,£5.27/kg,,Frozen
528092,"Magnum Double Sunlover Coconut, Mango and Passionfruit Ice Cream Sticks",G,true,158,https://ecom-su-static-prod.wtrecom.com/images/products/3/LN_528092_BP_3.jpg,https://www.waitrose.com/ecom/products/magnum-double-sunlover-coconut-mango-and-passionfruit-ice-cream-sticks/528092-801820-801821,"Magnum Double Sunlover Coconut, Mango and Passionfruit Ice Cream Sticks",3x85ml,£4.20,£1.65/100ml,Add 2 for £6,Frozen
528856,Waitrose Frozen Garden Vegetable Steamers,G,false,159,https://ecom-su-static-prod.wtrecom.com/images/products/3/LN_528856_BP_3.jpg,https://www.waitrose.com/ecom/products/waitrose-frozen-garden-vegetable-steamers/528856-581244-581245,Waitrose Frozen Garden Vegetable Steamers,4x160g,£2.75,£4.30/kg,,Frozen
624240,Birds Eye 38 Chicken Dippers,G,true,160,https://ecom-su-static-prod.wtrecom.com/images/products/3/LN_624240_BP_3.jpg,https://www.waitrose.com/ecom/products/birds-eye-38-chicken-dippers/624240-380359-380360,Birds Eye 38 Chicken Dippers,697g,£4.50,£6.46/kg,save £1.00. Was £5.50,Frozen
837173,Waitrose Frozen 15 Cocktail Sausage Rolls,G,true,161,https://ecom-su-static-prod.wtrecom.com/images/products/3/LN_837173_BP_3.jpg,https://www.waitrose.com/ecom/products/waitrose-frozen-15-cocktail-sausage-rolls/837173-380406-380407,Waitrose Frozen 15 Cocktail Sausage Rolls,285g,£3.00,£10.53/kg,Add 4 for the price of 3,Frozen
787883,Waitrose 2 Frozen Raspberry Tarts,G,true,162,https://ecom-su-static-prod.wtrecom.com/images/products/3/LN_787883_BP_3.jpg,https://www.waitrose.com/ecom/products/waitrose-2-frozen-raspberry-tarts/787883-288060-288061,Waitrose 2 Frozen Raspberry Tarts,2x72.5g,£4.00,£2.76/100g,Add 2 for £6,Frozen
618600,Cooks' Ingredients Mini Eton Mess Meringues,G,true,163,https://ecom-su-static-prod.wtrecom.com/images/products/3/LN_618600_BP_3.jpg,https://www.waitrose.com/ecom/products/cooks-ingredients-mini-eton-mess-meringues/618600-756384-756385,Cooks' Ingredients Mini Eton Mess Meringues,12s,£1.55,12.9p each,25% Off. Was £2.10,Frozen
790653,Waitrose Vanilla Dairy Ice Cream,G,false,164,https://ecom-su-static-prod.wtrecom.com/images/products/3/LN_790653_BP_3.jpg,https://www.waitrose.com/ecom/products/waitrose-vanilla-dairy-ice-cream/790653-112493-112494,Waitrose Vanilla Dairy Ice Cream,1litre,£3.50,35p/100ml,,Frozen
651165,Remeo Blackcurrant Ice Lollies,G,false,165,https://ecom-su-static-prod.wtrecom.com/images/products/3/LN_651165_BP_3.jpg,https://www.waitrose.com/ecom/products/remeo-blackcurrant-ice-lollies/651165-753016-753017,Remeo Blackcurrant Ice Lollies,3x70g,£4.50,£2.15/100g,,Frozen
850932,Birds Eye 2 Chicken Quarter Pounders,G,false,166,https://ecom-su-static-prod.wtrecom.com/images/products/3/LN_850932_BP_3.jpg,https://www.waitrose.com/ecom/products/birds-eye-2-chicken-quarter-pounders/850932-174769-174770,Birds Eye 2 Chicken Quarter Pounders,227g,£2.65,£11.68/kg,,Frozen
690617,Linda McCartney's 2 Vegan 1/4lb Burgers,G,false,167,https://ecom-su-static-prod.wtrecom.com/images/products/3/LN_690617_BP_3.jpg,https://www.waitrose.com/ecom/products/linda-mccartneys-2-vegan-1-4lb-burgers/690617-493130-493131,Linda McCartney's 2 Vegan 1/4lb Burgers,227g,£2.60,£11.46/kg,,Frozen
858415,Essential Fruit Finger Lollies,G,false,168,https://ecom-su-static-prod.wtrecom.com/images/products/3/LN_858415_BP_3.jpg,https://www.waitrose.com/ecom/products/essential-fruit-finger-lollies/858415-802185-802185,Essential Fruit Finger Lollies,8x35ml,£1.30,46.4p/100ml,,Frozen
565135,Frozen Breaded Scampi,G,false,169,https://ecom-su-static-prod.wtrecom.com/images/products/3/LN_565135_BP_3.jpg,https://www.waitrose.com/ecom/products/frozen-breaded-scampi/565135-803518-803519,Frozen Breaded Scampi,300g,£5.00,£16.67/kg,,Frozen
544902,Waitrose Frozen 10 Tempura King Prawns,G,true,170,https://ecom-su-static-prod.wtrecom.com/images/products/3/LN_544902_BP_3.jpg,https://www.waitrose.com/ecom/products/waitrose-frozen-10-tempura-king-prawns/544902-459679-459680,Waitrose Frozen 10 Tempura King Prawns,120g,£3.00,£25/kg,Add 4 for the price of 3,Frozen
560946,Waitrose 12 Frozen Mini French Butter Pastries,G,false,171,https://ecom-su-static-prod.wtrecom.com/images/products/3/LN_560946_BP_3.jpg,https://www.waitrose.com/ecom/products/waitrose-12-frozen-mini-french-butter-pastries/560946-380333-380333,Waitrose 12 Frozen Mini French Butter Pastries,340g,£3.30,97.1p/100g,,Frozen
837774,Waitrose Frozen Seasoned Potato Wedges,G,false,172,https://ecom-su-static-prod.wtrecom.com/images/products/3/LN_837774_BP_3.jpg,https://www.waitrose.com/ecom/products/waitrose-frozen-seasoned-potato-wedges/837774-807925-807926,Waitrose Frozen Seasoned Potato Wedges,800g,£1.95,24.4p/100g,,Frozen
461200,Quorn Vegetarian Mince,G,false,173,https://ecom-su-static-prod.wtrecom.com/images/products/3/LN_461200_BP_3.jpg,https://www.waitrose.com/ecom/products/quorn-vegetarian-mince/461200-794912-794913,Quorn Vegetarian Mince,300g,£2.65,£8.84/kg,,Frozen
509662,Essential Frozen Pepperoni Pizza,G,false,174,https://ecom-su-static-prod.wtrecom.com/images/products/3/LN_509662_BP_3.jpg,https://www.waitrose.com/ecom/products/essential-frozen-pepperoni-pizza/509662-380326-380327,Essential Frozen Pepperoni Pizza,235g,£1.40,£5.96/kg,,Frozen
564193,Häagen-Dazs Strawberries & Cream Ice Cream,G,false,175,https://ecom-su-static-prod.wtrecom.com/images/products/3/LN_564193_BP_3.jpg,https://www.waitrose.com/ecom/products/haagen-dazs-strawberries-cream-ice-cream/564193-538694-538695,Häagen-Dazs Strawberries & Cream Ice Cream,460ml,£5.65,£1.23/100ml,,Frozen
872061,Waitrose 12 Frozen Mini French Croissants,G,false,176,https://ecom-su-static-prod.wtrecom.com/images/products/3/LN_872061_BP_3.jpg,https://www.waitrose.com/ecom/products/waitrose-12-frozen-mini-french-croissants/872061-380426-380427,Waitrose 12 Frozen Mini French Croissants,300g,£3.30,£1.10/100g,,Frozen
737983,Waitrose Frozen Corn Ribs,G,true,177,https://ecom-su-static-prod.wtrecom.com/images/products/3/LN_737983_BP_3.jpg,https://www.waitrose.com/ecom/products/waitrose-frozen-corn-ribs/737983-823072-823073,Waitrose Frozen Corn Ribs,500g,£2.50,£5/kg,Buyers Choice,Frozen
447127,Cornetto Soft Strawberry Ice Cream Cone,G,false,178,https://ecom-su-static-prod.wtrecom.com/images/products/3/LN_447127_BP_3.jpg,https://www.waitrose.com/ecom/products/cornetto-soft-strawberry-ice-cream-cone/447127-752861-752862,Cornetto Soft Strawberry Ice Cream Cone,4x140ml,£3.95,70.5p/100ml,,Frozen
410992,Young's Gastro 2 Lemon & Parsley Cod Fillets,G,false,179,https://ecom-su-static-prod.wtrecom.com/images/products/3/LN_410992_BP_3.jpg,https://www.waitrose.com/ecom/products/youngs-gastro-2-lemon-parsley-cod-fillets/410992-629126-629127,Young's Gastro 2 Lemon & Parsley Cod Fillets,270g,£5.25,£19.45/kg,,Frozen
820944,Waitrose 6 Frozen Pains aux Raisins,G,false,180,https://ecom-su-static-prod.wtrecom.com/images/products/3/LN_820944_BP_3.jpg,https://www.waitrose.com/ecom/products/waitrose-6-frozen-pains-aux-raisins/820944-198098-198099,Waitrose 6 Frozen Pains aux Raisins,576g,£3.80,66p/100g,,Frozen
669492,Waitrose 2 Frozen Garlic Chicken Kyivs,G,false,181,https://ecom-su-static-prod.wtrecom.com/images/products/3/LN_669492_BP_3.jpg,https://www.waitrose.com/ecom/products/waitrose-2-frozen-garlic-chicken-kyivs/669492-95027-95028,Waitrose 2 Frozen Garlic Chicken Kyivs,320g,£4.00,£12.50/kg,,Frozen
711167,Remeo Mango Ice Lollies,G,false,182,https://ecom-su-static-prod.wtrecom.com/images/products/3/LN_711167_BP_3.jpg,https://www.waitrose.com/ecom/products/remeo-mango-ice-lollies/711167-753058-753059,Remeo Mango Ice Lollies,3x70g,£4.50,£2.15/100g,,Frozen
060629,No.1 Canadian Maple Syrup No2 Amber,G,false,183,https://ecom-su-static-prod.wtrecom.com/images/products/3/LN_060629_BP_3.jpg,https://www.waitrose.com/ecom/products/no1-canadian-maple-syrup-no2-amber/060629-30656-30657,No.1 Canadian Maple Syrup No2 Amber,330g,£5.60,£1.70/100g,,Frozen
545008,The Ice Co Ice Crush,G,false,184,https://ecom-su-static-prod.wtrecom.com/images/products/3/LN_545008_BP_3.jpg,https://www.waitrose.com/ecom/products/the-ice-co-ice-crush/545008-143704-143705,The Ice Co Ice Crush,2Kg,£1.30,65p/kg,,Frozen
721325,Jude's Vanilla Clotted Cream Ice Cream,G,false,185,https://ecom-su-static-prod.wtrecom.com/images/products/3/LN_721325_BP_3.jpg,https://www.waitrose.com/ecom/products/judes-vanilla-clotted-cream-ice-cream/721325-657005-657006,Jude's Vanilla Clotted Cream Ice Cream,460ml,£5.25,£1.15/100ml,,Frozen
500603,Waitrose Frozen Forest Fruit Mix,G,false,186,https://ecom-su-static-prod.wtrecom.com/images/products/3/LN_500603_BP_3.jpg,https://www.waitrose.com/ecom/products/waitrose-frozen-forest-fruit-mix/500603-70743-70744,Waitrose Frozen Forest Fruit Mix,450g,£2.35,52.2p/100g,,Frozen
829266,Cadbury Flake 99,G,true,187,https://ecom-su-static-prod.wtrecom.com/images/products/3/LN_829266_BP_3.jpg,https://www.waitrose.com/ecom/products/cadbury-flake-99/829266-802138-802139,Cadbury Flake 99,4x125ml,£3.50,70p/100ml,save £1.00. Was £4.50,Frozen
897491,Yutaka Edamame Soybeans with Pod,G,false,188,https://ecom-su-static-prod.wtrecom.com/images/products/3/LN_897491_BP_3.jpg,https://www.waitrose.com/ecom/products/yutaka-edamame-soybeans-with-pod/897491-231403-231404,Yutaka Edamame Soybeans with Pod,500g,£3.25,£6.50/kg,,Frozen
542268,Birds Eye 32 Omega 3 Fish Fingers,G,true,189,https://ecom-su-static-prod.wtrecom.com/images/products/3/LN_542268_BP_3.jpg,https://www.waitrose.com/ecom/products/birds-eye-32-omega-3-fish-fingers/542268-76646-76647,Birds Eye 32 Omega 3 Fish Fingers,896g,£4.75,53p/100g,save £1.25. Was £6.00,Frozen
754843,No.1 Cornish Sea Salted Caramel Brittle Ice Cream,G,true,190,https://ecom-su-static-prod.wtrecom.com/images/products/3/LN_754843_BP_3.jpg,https://www.waitrose.com/ecom/products/no1-cornish-sea-salted-caramel-brittle-ice-cream/754843-826534-826535,No.1 Cornish Sea Salted Caramel Brittle Ice Cream,480ml,£3.00,62.5p/100ml,25% Off. Was £4.00,Frozen
734889,Magnum Vegan Almond Ice Cream Stick,G,true,191,https://ecom-su-static-prod.wtrecom.com/images/products/3/LN_734889_BP_3.jpg,https://www.waitrose.com/ecom/products/magnum-vegan-almond-ice-cream-stick/734889-683188-683189,Magnum Vegan Almond Ice Cream Stick,3x90ml,£4.20,£1.56/100ml,Add 2 for £6,Frozen
586408,Waitrose 2 Frozen Breaded Plaice Fillets,G,false,192,https://ecom-su-static-prod.wtrecom.com/images/products/3/LN_586408_BP_3.jpg,https://www.waitrose.com/ecom/products/waitrose-2-frozen-breaded-plaice-fillets/586408-239419-239420,Waitrose 2 Frozen Breaded Plaice Fillets,280g,£4.30,£15.36/kg,,Frozen
863906,Magnum Minis Vegan Vanilla and Almond Ice Cream Sticks,G,false,193,https://ecom-su-static-prod.wtrecom.com/images/products/3/LN_863906_BP_3.jpg,https://www.waitrose.com/ecom/products/magnum-minis-vegan-vanilla-and-almond-ice-cream-sticks/863906-777229-777229,Magnum Minis Vegan Vanilla and Almond Ice Cream Sticks,6x55ml,£4.75,£1.44/100ml,,Frozen
540939,Schär Gluten Free Pizza Margherita,G,true,194,https://ecom-su-static-prod.wtrecom.com/images/products/3/LN_540939_BP_3.jpg,https://www.waitrose.com/ecom/products/schar-gluten-free-pizza-margherita/540939-336879-336880,Schär Gluten Free Pizza Margherita,300g,£3.65,£12.17/kg,Add 2 for £5.50,Frozen
688707,Little Jude's Fruit & Veg Rockets,G,false,195,https://ecom-su-static-prod.wtrecom.com/images/products/3/LN_688707_BP_3.jpg,https://www.waitrose.com/ecom/products/little-judes-fruit-veg-rockets/688707-777169-777170,Little Jude's Fruit & Veg Rockets,6x55ml,£3.75,£1.14/100ml,,Frozen
759648,Magnum Mini Classic & Mint,G,false,196,https://ecom-su-static-prod.wtrecom.com/images/products/3/LN_759648_BP_3.jpg,https://www.waitrose.com/ecom/products/magnum-mini-classic-mint/759648-823414-823415,Magnum Mini Classic & Mint,6x55ml,£4.75,£1.44/100ml,,Frozen
067050,Kelly's Cornish Vanilla Ice Cream,G,false,197,https://ecom-su-static-prod.wtrecom.com/images/products/3/LN_067050_BP_3.jpg,https://www.waitrose.com/ecom/products/kellys-cornish-vanilla-ice-cream/067050-33960-33961,Kelly's Cornish Vanilla Ice Cream,2litre,£5.25,26.3p/100ml,,Frozen
716598,Essential Frozen Cooked King Prawns,G,false,198,https://ecom-su-static-prod.wtrecom.com/images/products/3/LN_716598_BP_3.jpg,https://www.waitrose.com/ecom/products/essential-frozen-cooked-king-prawns/716598-236290-236291,Essential Frozen Cooked King Prawns,250g,£5.00,£20/kg,,Frozen
569261,Waitrose Frozen 2 Thai Prawn Fish Cakes,G,false,199,https://ecom-su-static-prod.wtrecom.com/images/products/3/LN_569261_BP_3.jpg,https://www.waitrose.com/ecom/products/waitrose-frozen-2-thai-prawn-fish-cakes/569261-239409-239410,Waitrose Frozen 2 Thai Prawn Fish Cakes,230g,£3.40,£14.79/kg,,Frozen
568900,LoveLife Frozen Strawberry & Banana Smoothie Mix,G,false,200,https://ecom-su-static-prod.wtrecom.com/images/products/3/LN_568900_BP_3.jpg,https://www.waitrose.com/ecom/products/lovelife-frozen-strawberry-banana-smoothie-mix/568900-138033-138034,LoveLife Frozen Strawberry & Banana Smoothie Mix,480g,£2.65,55.2p/100g,,Frozen
706608,Nonna Malfi Pizza Pepperoni,G,false,201,https://ecom-su-static-prod.wtrecom.com/images/products/3/LN_706608_BP_3.jpg,https://www.waitrose.com/ecom/products/nonna-malfi-pizza-pepperoni/706608-810770-810771,Nonna Malfi Pizza Pepperoni,292g,£3.25,£11.14/kg,,Frozen
847760,Waitrose Frozen Line Caught Cod Fillets MSC,G,true,202,https://ecom-su-static-prod.wtrecom.com/images/products/3/LN_847760_BP_3.jpg,https://www.waitrose.com/ecom/products/waitrose-frozen-line-caught-cod-fillets-msc/847760-725906-725907,Waitrose Frozen Line Caught Cod Fillets MSC,475g,£7.50,£15.79/kg,save £1.00. Was £8.50,Frozen
790933,Magnum Mini Double Caramel Gold,G,false,203,https://ecom-su-static-prod.wtrecom.com/images/products/3/LN_790933_BP_3.jpg,https://www.waitrose.com/ecom/products/magnum-mini-double-caramel-gold/790933-794982-794983,Magnum Mini Double Caramel Gold,6x55ml,£4.75,£1.44/100ml,,Frozen
679197,Calippo Cola Ice Lollies,G,true,204,https://ecom-su-static-prod.wtrecom.com/images/products/3/LN_679197_BP_3.jpg,https://www.waitrose.com/ecom/products/calippo-cola-ice-lollies/679197-801982-801983,Calippo Cola Ice Lollies,5x80ml,£2.70,67.5p/100ml,Add 2 for £4,Frozen
621582,McCain Crinkle Cook Chips Big Bag,G,false,205,https://ecom-su-static-prod.wtrecom.com/images/products/3/LN_621582_BP_3.jpg,https://www.waitrose.com/ecom/products/mccain-crinkle-cook-chips-big-bag/621582-807889-807890,McCain Crinkle Cook Chips Big Bag,1.6Kg,£4.30,£2.69/kg,,Frozen
853652,Little Moons Pistachio Mochi,G,false,206,https://ecom-su-static-prod.wtrecom.com/images/products/3/LN_853652_BP_3.jpg,https://www.waitrose.com/ecom/products/little-moons-pistachio-mochi/853652-725930-725931,Little Moons Pistachio Mochi,6x32g,£5.00,£2.61/100g,,Frozen
055339,Waitrose Frozen British Raspberries,G,false,207,https://ecom-su-static-prod.wtrecom.com/images/products/3/LN_055339_BP_3.jpg,https://www.waitrose.com/ecom/products/waitrose-frozen-british-raspberries/055339-27779-27780,Waitrose Frozen British Raspberries,300g,£3.40,£1.14/100g,,Frozen
491574,Rowntree's Fruit Blaster,G,true,208,https://ecom-su-static-prod.wtrecom.com/images/products/3/LN_491574_BP_3.jpg,https://www.waitrose.com/ecom/products/rowntrees-fruit-blaster/491574-801788-801789,Rowntree's Fruit Blaster,6x58ml,£2.65,76.1p/100ml,Add 2 for £4,Frozen
372972,Linda McCartney's 2 Frozen Vegetarian Mozzarella 1/4lb Burgers,G,true,209,https://ecom-su-static-prod.wtrecom.com/images/products/3/LN_372972_BP_3.jpg,https://www.waitrose.com/ecom/products/linda-mccartneys-2-frozen-vegetarian-mozzarella-1-4lb-burgers/372972-271324-271325,Linda McCartney's 2 Frozen Vegetarian Mozzarella 1/4lb Burgers,227g,£1.95,£8.60/kg,25% Off. Was £2.65,Frozen
448796,Waitrose Frozen Vegetable Lasagne For 2,G,false,210,https://ecom-su-static-prod.wtrecom.com/images/products/3/LN_448796_BP_3.jpg,https://www.waitrose.com/ecom/products/waitrose-frozen-vegetable-lasagne-for-2/448796-761798-761799,Waitrose Frozen Vegetable Lasagne For 2,700g,£4.65,£6.65/kg,,Frozen
705748,Waitrose MSC 2 Battered Cod,G,false,211,https://ecom-su-static-prod.wtrecom.com/images/products/3/LN_705748_BP_3.jpg,https://www.waitrose.com/ecom/products/waitrose-msc-2-battered-cod/705748-762466-762467,Waitrose MSC 2 Battered Cod,300g,£4.20,£14/kg,,Frozen
785628,Albert Bartlett Chunky Chips,G,false,212,https://ecom-su-static-prod.wtrecom.com/images/products/3/LN_785628_BP_3.jpg,https://www.waitrose.com/ecom/products/albert-bartlett-chunky-chips/785628-824406-824407,Albert Bartlett Chunky Chips,900g,£3.20,£3.56/kg,,Frozen
736027,Dr. Oetker Mozzarella Ristorante Pizza,G,true,213,https://ecom-su-static-prod.wtrecom.com/images/products/3/LN_736027_BP_3.jpg,https://www.waitrose.com/ecom/products/dr-oetker-mozzarella-ristorante-pizza/736027-104630-104631,Dr. Oetker Mozzarella Ristorante Pizza,335g,£2.00,£5.98/kg,save £1.40. Was £3.40,Frozen
831390,Dr. Oetker Ristorante Pizza Pepperoni-Salame,G,true,214,https://ecom-su-static-prod.wtrecom.com/images/products/3/LN_831390_BP_3.jpg,https://www.waitrose.com/ecom/products/dr-oetker-ristorante-pizza-pepperoni-salame/831390-198118-198119,Dr. Oetker Ristorante Pizza Pepperoni-Salame,320g,£2.00,£6.25/kg,save £1.40. Was £3.40,Frozen
831219,Waitrose Frozen Slow-Cooked Beef & Ale Pie For 2,G,false,215,https://ecom-su-static-prod.wtrecom.com/images/products/3/LN_831219_BP_3.jpg,https://www.waitrose.com/ecom/products/waitrose-frozen-slow-cooked-beef-ale-pie-for-2/831219-693982-693983,Waitrose Frozen Slow-Cooked Beef & Ale Pie For 2,400g,£5.60,£14/kg,,Frozen
828394,Carte D'Or Salted Caramel Ice Cream Tub Dessert,G,false,216,https://ecom-su-static-prod.wtrecom.com/images/products/3/LN_828394_BP_3.jpg,https://www.waitrose.com/ecom/products/carte-dor-salted-caramel-ice-cream-tub-dessert/828394-657040-657041,Carte D'Or Salted Caramel Ice Cream Tub Dessert,900ml,£3.95,43.9p/100ml,,Frozen
047538,Linda McCartney's Frozen Vegan Sausages,G,true,217,https://ecom-su-static-prod.wtrecom.com/images/products/3/LN_047538_BP_3.jpg,https://www.waitrose.com/ecom/products/linda-mccartneys-frozen-vegan-sausages/047538-23470-23471,Linda McCartney's Frozen Vegan Sausages,270g,£1.95,£7.23/kg,25% Off. Was £2.65,Frozen
429853,Häagen-Dazs Caramel Ice Cream Minicups,G,true,218,https://ecom-su-static-prod.wtrecom.com/images/products/3/LN_429853_BP_3.jpg,https://www.waitrose.com/ecom/products/haagen-dazs-caramel-ice-cream-minicups/429853-656971-656971,Häagen-Dazs Caramel Ice Cream Minicups,4x95ml,£3.75,98.7p/100ml,save £1.90. Was £5.65,Frozen
850376,Cornetto Soft Cookie And Chocolate Ice Cream Cones,G,false,219,https://ecom-su-static-prod.wtrecom.com/images/products/3/LN_850376_BP_3.jpg,https://www.waitrose.com/ecom/products/cornetto-soft-cookie-and-chocolate-ice-cream-cones/850376-777218-777219,Cornetto Soft Cookie And Chocolate Ice Cream Cones,560ml,£3.95,70.5p/100ml,,Frozen
738840,"Waitrose Frozen Chicken, Ham Hock & Leek Pie For 2",G,false,220,https://ecom-su-static-prod.wtrecom.com/images/products/3/LN_738840_BP_3.jpg,https://www.waitrose.com/ecom/products/waitrose-frozen-chicken-ham-hock-leek-pie-for-2/738840-693862-693863,"Waitrose Frozen Chicken, Ham Hock & Leek Pie For 2",400g,£5.00,£12.50/kg,,Frozen
446455,Waitrose Frozen Mediterranean Style Vegetables,G,false,221,https://ecom-su-static-prod.wtrecom.com/images/products/3/LN_446455_BP_3.jpg,https://www.waitrose.com/ecom/products/waitrose-frozen-mediterranean-style-vegetables/446455-704731-704732,Waitrose Frozen Mediterranean Style Vegetables,650g,£3.25,£5/kg,,Frozen
737277,Birds Eye Gluten Free Fish Fingers,G,false,222,https://ecom-su-static-prod.wtrecom.com/images/products/3/LN_737277_BP_3.jpg,https://www.waitrose.com/ecom/products/birds-eye-gluten-free-fish-fingers/737277-697052-697053,Birds Eye Gluten Free Fish Fingers,360g,£3.50,£9.73/kg,,Frozen
805049,Waitrose Frozen Pea & Asparagus Risotto for 2,G,false,223,https://ecom-su-static-prod.wtrecom.com/images/products/3/LN_805049_BP_3.jpg,https://www.waitrose.com/ecom/products/waitrose-frozen-pea-asparagus-risotto-for-2/805049-693924-693925,Waitrose Frozen Pea & Asparagus Risotto for 2,800g,£4.80,£6/kg,,Frozen
838664,Crosta & Mollica 2 Frozen Stromboli Sourdough Pizzas,G,true,224,https://ecom-su-static-prod.wtrecom.com/images/products/3/LN_838664_BP_3.jpg,https://www.waitrose.com/ecom/products/crosta-mollica-2-frozen-stromboli-sourdough-pizzas/838664-762574-762575,Crosta & Mollica 2 Frozen Stromboli Sourdough Pizzas,434g,£4.20,£9.68/kg,20% Off. Was £5.25,Frozen
844337,Waitrose Frozen 2 Mild & Delicate Dusted Cod,G,false,225,https://ecom-su-static-prod.wtrecom.com/images/products/3/LN_844337_BP_3.jpg,https://www.waitrose.com/ecom/products/waitrose-frozen-2-mild-delicate-dusted-cod/844337-443910-443911,Waitrose Frozen 2 Mild & Delicate Dusted Cod,230g,£4.00,£17.40/kg,,Frozen
472675,No.1 Mango & Passion Fruit Ice Cream,G,true,226,https://ecom-su-static-prod.wtrecom.com/images/products/3/LN_472675_BP_3.jpg,https://www.waitrose.com/ecom/products/no1-mango-passion-fruit-ice-cream/472675-752807-752808,No.1 Mango & Passion Fruit Ice Cream,500ml,£3.00,60p/100ml,25% Off. Was £4.40,Frozen
020652,Aunt Bessie's Frozen Toad in the Hole,G,false,227,https://ecom-su-static-prod.wtrecom.com/images/products/3/LN_020652_BP_3.jpg,https://www.waitrose.com/ecom/products/aunt-bessies-frozen-toad-in-the-hole/020652-10061-10062,Aunt Bessie's Frozen Toad in the Hole,190g,£1.60,£8.43/kg,,Frozen
590462,Magnum Mini Intense Dark Chocolate Ice Cream Sticks,G,false,228,https://ecom-su-static-prod.wtrecom.com/images/products/3/LN_590462_BP_3.jpg,https://www.waitrose.com/ecom/products/magnum-mini-intense-dark-chocolate-ice-cream-sticks/590462-824371-824372,Magnum Mini Intense Dark Chocolate Ice Cream Sticks,6x55ml,£4.75,£1.44/100ml,,Frozen
868974,Waitrose Wafer Ice Cream Cones,G,false,229,https://ecom-su-static-prod.wtrecom.com/images/products/3/LN_868974_BP_3.jpg,https://www.waitrose.com/ecom/products/waitrose-wafer-ice-cream-cones/868974-694042-694043,Waitrose Wafer Ice Cream Cones,10s,80p,8p each,,Frozen
512337,Waitrose Frozen British Blackberries,G,false,230,https://ecom-su-static-prod.wtrecom.com/images/products/3/LN_512337_BP_3.jpg,https://www.waitrose.com/ecom/products/waitrose-frozen-british-blackberries/512337-72411-72412,Waitrose Frozen British Blackberries,300g,£3.20,£10.67/kg,,Frozen
820713,Häagen-Dazs Fruit Ice Cream,G,true,231,https://ecom-su-static-prod.wtrecom.com/images/products/3/LN_820713_BP_3.jpg,https://www.waitrose.com/ecom/products/haagen-dazs-fruit-ice-cream/820713-722539-722539,Häagen-Dazs Fruit Ice Cream,4x95ml,£3.75,98.7p/100ml,save £1.90. Was £5.65,Frozen
852889,Magnum Mini Cookie Mix Ice Cream Sticks,G,false,232,https://ecom-su-static-prod.wtrecom.com/images/products/3/LN_852889_BP_3.jpg,https://www.waitrose.com/ecom/products/magnum-mini-cookie-mix-ice-cream-sticks/852889-823422-823423,Magnum Mini Cookie Mix Ice Cream Sticks,6x55ml,£4.75,£1.44/100ml,,Frozen
415273,Quorn Vegetarian Crispy Nuggets 300g,G,false,233,https://ecom-su-static-prod.wtrecom.com/images/products/3/LN_415273_BP_3.jpg,https://www.waitrose.com/ecom/products/quorn-vegetarian-crispy-nuggets-300g/415273-343972-343973,Quorn Vegetarian Crispy Nuggets 300g,300g,£2.65,£8.84/kg,,Frozen
589164,Beyond Meat Beyond Burger Plant-Based Burger,G,false,234,https://ecom-su-static-prod.wtrecom.com/images/products/3/LN_589164_BP_3.jpg,https://www.waitrose.com/ecom/products/beyond-meat-beyond-burger-plant-based-burger/589164-794944-794945,Beyond Meat Beyond Burger Plant-Based Burger,226g,£4.50,£2/100g,,Frozen
019922,No.1 Coconut & Lime Ice Cream,G,true,235,https://ecom-su-static-prod.wtrecom.com/images/products/3/LN_019922_BP_3.jpg,https://www.waitrose.com/ecom/products/no1-coconut-lime-ice-cream/019922-9702-9703,No.1 Coconut & Lime Ice Cream,500ml,£3.00,60p/100ml,25% Off. Was £4.40,Frozen
441467,Quorn Vegetarian Pieces,G,false,236,https://ecom-su-static-prod.wtrecom.com/images/products/3/LN_441467_BP_3.jpg,https://www.waitrose.com/ecom/products/quorn-vegetarian-pieces/441467-794906-794907,Quorn Vegetarian Pieces,300g,£2.65,£8.84/kg,,Frozen
478886,Häagen-Dazs Salted Caramel Ice Cream Stick Bars,G,false,237,https://ecom-su-static-prod.wtrecom.com/images/products/3/LN_478886_BP_3.jpg,https://www.waitrose.com/ecom/products/haagen-dazs-salted-caramel-ice-cream-stick-bars/478886-721895-721896,Häagen-Dazs Salted Caramel Ice Cream Stick Bars,3x80ml,£4.45,£1.86/100ml,,Frozen
577155,Cadbury Dairy Milk Buttons Ice Cream Cones,G,true,238,https://ecom-su-static-prod.wtrecom.com/images/products/3/LN_577155_BP_3.jpg,https://www.waitrose.com/ecom/products/cadbury-dairy-milk-buttons-ice-cream-cones/577155-824367-824368,Cadbury Dairy Milk Buttons Ice Cream Cones,4x100ml,£3.15,78.8p/100ml,Add 2 for £5,Frozen
482389,Birds Eye 32 Cod Fish Fingers,G,false,239,https://ecom-su-static-prod.wtrecom.com/images/products/3/LN_482389_BP_3.jpg,https://www.waitrose.com/ecom/products/birds-eye-32-cod-fish-fingers/482389-68079-68080,Birds Eye 32 Cod Fish Fingers,896g,£8.40,93.8p/100g,,Frozen
812977,Waitrose Milk Chocolate Stick,G,false,240,https://ecom-su-static-prod.wtrecom.com/images/products/3/LN_812977_BP_3.jpg,https://www.waitrose.com/ecom/products/waitrose-milk-chocolate-stick/812977-802118-802119,Waitrose Milk Chocolate Stick,3x100ml,£1.75,58.3p/100ml,,Frozen
054141,Essential Frozen British Brussels Sprouts,G,false,241,https://ecom-su-static-prod.wtrecom.com/images/products/3/LN_054141_BP_3.jpg,https://www.waitrose.com/ecom/products/essential-frozen-british-brussels-sprouts/054141-27167-27168,Essential Frozen British Brussels Sprouts,500g,70p,£1.40/kg,,Frozen
603301,GoodLife Frozen Vegan Spicy Bean Burgers,G,true,242,https://ecom-su-static-prod.wtrecom.com/images/products/3/LN_603301_BP_3.jpg,https://www.waitrose.com/ecom/products/goodlife-frozen-vegan-spicy-bean-burgers/603301-380355-380356,GoodLife Frozen Vegan Spicy Bean Burgers,454g,£2.80,£6.17/kg,save 50p. Was £3.30,Frozen
798296,Cadbury Crunchie Blast Ice Cream,G,true,243,https://ecom-su-static-prod.wtrecom.com/images/products/3/LN_798296_BP_3.jpg,https://www.waitrose.com/ecom/products/cadbury-crunchie-blast-ice-cream/798296-824408-824409,Cadbury Crunchie Blast Ice Cream,4x90ml,£3.70,£1.03/100ml,Add 2 for £5,Frozen
468922,Waitrose Alphonso Mango Sorbet,G,true,244,https://ecom-su-static-prod.wtrecom.com/images/products/3/LN_468922_BP_3.jpg,https://www.waitrose.com/ecom/products/waitrose-alphonso-mango-sorbet/468922-336060-336061,Waitrose Alphonso Mango Sorbet,500ml,£2.30,46p/100ml,save 50p. Was £2.80,Frozen
049303,No.1 White Chocolate Ice Cream,G,true,245,https://ecom-su-static-prod.wtrecom.com/images/products/3/LN_049303_BP_3.jpg,https://www.waitrose.com/ecom/products/no1-white-chocolate-ice-cream/049303-24564-24565,No.1 White Chocolate Ice Cream,500ml,£3.00,60p/100ml,25% Off. Was £4.40,Frozen
515426,Cooks' Ingredients Frozen Chopped Coriander,G,true,246,https://ecom-su-static-prod.wtrecom.com/images/products/3/LN_515426_BP_3.jpg,https://www.waitrose.com/ecom/products/cooks-ingredients-frozen-chopped-coriander/515426-72849-72850,Cooks' Ingredients Frozen Chopped Coriander,75g,£1.85,24.7p/10g,Add 2 for £3,Frozen
078037,Waitrose Chocolate Chip Dairy Ice Cream,G,false,247,https://ecom-su-static-prod.wtrecom.com/images/products/3/LN_078037_BP_3.jpg,https://www.waitrose.com/ecom/products/waitrose-chocolate-chip-dairy-ice-cream/078037-39709-39710,Waitrose Chocolate Chip Dairy Ice Cream,1litre,£3.50,35p/100ml,,Frozen
791651,Waitrose MSC 2 Seeded Haddock Fillets 260g,G,false,248,https://ecom-su-static-prod.wtrecom.com/images/products/3/LN_791651_BP_3.jpg,https://www.waitrose.com/ecom/products/waitrose-msc-2-seeded-haddock-fillets-260g/791651-762522-762523,Waitrose MSC 2 Seeded Haddock Fillets 260g,260g,£4.20,£16.16/kg,,Frozen
454331,Cooks' Ingredients Mediterranean Style Vegetables,G,true,249,https://ecom-su-static-prod.wtrecom.com/images/products/3/LN_454331_BP_3.jpg,https://www.waitrose.com/ecom/products/cooks-ingredients-mediterranean-style-vegetables/454331-823032-823033,Cooks' Ingredients Mediterranean Style Vegetables,500g,£1.25,£2.50/kg,save 25p. Was £1.50,Frozen
500757,Nuii Caramelised Salted Almond & New Zealand Honey,G,true,250,https://ecom-su-static-prod.wtrecom.com/images/products/3/LN_500757_BP_3.jpg,https://www.waitrose.com/ecom/products/nuii-caramelised-salted-almond-new-zealand-honey/500757-824353-824354,Nuii Caramelised Salted Almond & New Zealand Honey,3x90ml,£4.20,£1.56/100ml,Add 2 for £5,Frozen
685824,Cooks' Ingredients Frozen Chopped Parsley,G,true,251,https://ecom-su-static-prod.wtrecom.com/images/products/3/LN_685824_BP_3.jpg,https://www.waitrose.com/ecom/products/cooks-ingredients-frozen-chopped-parsley/685824-97399-97400,Cooks' Ingredients Frozen Chopped Parsley,75g,£1.85,24.7p/10g,Add 2 for £3,Frozen
419289,McCain Naked Oven Chips Straight,G,false,252,https://ecom-su-static-prod.wtrecom.com/images/products/3/LN_419289_BP_3.jpg,https://www.waitrose.com/ecom/products/mccain-naked-oven-chips-straight/419289-804070-804071,McCain Naked Oven Chips Straight,900g,£2.00,22.2p/100g,,Frozen
827557,Waitrose Frozen Raspberry Meringue Roulade,G,false,253,https://ecom-su-static-prod.wtrecom.com/images/products/3/LN_827557_BP_3.jpg,https://www.waitrose.com/ecom/products/waitrose-frozen-raspberry-meringue-roulade/827557-288106-288107,Waitrose Frozen Raspberry Meringue Roulade,450g,£5.65,£1.26/100g,,Frozen
692276,Hackney Gelato Pistachio,G,false,254,https://ecom-su-static-prod.wtrecom.com/images/products/3/LN_692276_BP_3.jpg,https://www.waitrose.com/ecom/products/hackney-gelato-pistachio/692276-824389-824390,Hackney Gelato Pistachio,420ml,£5.50,£1.31/100ml,,Frozen
503404,Magnum Euphoria Pink Lemonade Ice Cream Sticks,G,true,255,https://ecom-su-static-prod.wtrecom.com/images/products/3/LN_503404_BP_3.jpg,https://www.waitrose.com/ecom/products/magnum-euphoria-pink-lemonade-ice-cream-sticks/503404-824355-824356,Magnum Euphoria Pink Lemonade Ice Cream Sticks,3x90ml,£4.20,£1.56/100ml,Add 2 for £6,Frozen
812680,Richmond Meat Free Tasty Sausages,G,false,256,https://ecom-su-static-prod.wtrecom.com/images/products/3/LN_812680_BP_3.jpg,https://www.waitrose.com/ecom/products/richmond-meat-free-tasty-sausages/812680-817000-817001,Richmond Meat Free Tasty Sausages,304g,£2.25,£7.41/kg,,Frozen
613293,Waitrose Strawberries & Cream Ice Cream,G,true,257,https://ecom-su-static-prod.wtrecom.com/images/products/3/LN_613293_BP_3.jpg,https://www.waitrose.com/ecom/products/waitrose-strawberries-cream-ice-cream/613293-824375-824376,Waitrose Strawberries & Cream Ice Cream,480ml,£3.40,70.8p/100ml,myWaitrose Save 20% Ice Cream,Frozen
546288,itsu Vegetable Fusion Gyoza 20s,G,true,258,https://ecom-su-static-prod.wtrecom.com/images/products/3/LN_546288_BP_3.jpg,https://www.waitrose.com/ecom/products/itsu-vegetable-fusion-gyoza-20s/546288-575550-575551,itsu Vegetable Fusion Gyoza 20s,270g,£3.55,£13.15/kg,20% Off. Was £4.45,Frozen
684381,Linda McCartney's Vegan Lincolnshire Sausages,G,false,259,https://ecom-su-static-prod.wtrecom.com/images/products/3/LN_684381_BP_3.jpg,https://www.waitrose.com/ecom/products/linda-mccartneys-vegan-lincolnshire-sausages/684381-693824-693825,Linda McCartney's Vegan Lincolnshire Sausages,270g,£2.65,£9.82/kg,,Frozen
724638,Waitrose Lemon Sorbet,G,true,260,https://ecom-su-static-prod.wtrecom.com/images/products/3/LN_724638_BP_3.jpg,https://www.waitrose.com/ecom/products/waitrose-lemon-sorbet/724638-336236-336237,Waitrose Lemon Sorbet,500ml,£2.30,46p/100ml,save 50p. Was £2.80,Frozen
497568,Waitrose Cornish Clotted Cream Ice Cream,G,false,261,https://ecom-su-static-prod.wtrecom.com/images/products/3/LN_497568_BP_3.jpg,https://www.waitrose.com/ecom/products/waitrose-cornish-clotted-cream-ice-cream/497568-767494-767495,Waitrose Cornish Clotted Cream Ice Cream,1litre,£3.50,£3.50/litre,,Frozen
824541,Waitrose Frozen Apricot and Almond Tart,G,true,262,https://ecom-su-static-prod.wtrecom.com/images/products/3/LN_824541_BP_3.jpg,https://www.waitrose.com/ecom/products/waitrose-frozen-apricot-and-almond-tart/824541-288098-288099,Waitrose Frozen Apricot and Almond Tart,490g,£4.50,91.8p/100g,save £1.00. Was £5.50,Frozen
764484,Waitrose LoveLife Frozen Berry Smoothie Mix,G,false,263,https://ecom-su-static-prod.wtrecom.com/images/products/3/LN_764484_BP_3.jpg,https://www.waitrose.com/ecom/products/waitrose-lovelife-frozen-berry-smoothie-mix/764484-138151-138152,Waitrose LoveLife Frozen Berry Smoothie Mix,480g,£2.65,55.2p/100g,,Frozen
796531,Waitrose Calorie Controlled Belgian chocolate Frozen Yogurt,G,true,264,https://ecom-su-static-prod.wtrecom.com/images/products/3/LN_796531_BP_3.jpg,https://www.waitrose.com/ecom/products/waitrose-calorie-controlled-belgian-chocolate-frozen-yogurt/796531-168692-168693,Waitrose Calorie Controlled Belgian chocolate Frozen Yogurt,500ml,£3.00,60p/100ml,save 50p. Was £3.50,Frozen
554196,Waitrose Frozen Roast Potatoes in Beef Fat,G,false,265,https://ecom-su-static-prod.wtrecom.com/images/products/3/LN_554196_BP_3.jpg,https://www.waitrose.com/ecom/products/waitrose-frozen-roast-potatoes-in-beef-fat/554196-770333-770334,Waitrose Frozen Roast Potatoes in Beef Fat,800g,£2.75,£3.44/kg,,Frozen
756858,Magnum Vegan Classic Ice Cream Stick,G,true,266,https://ecom-su-static-prod.wtrecom.com/images/products/3/LN_756858_BP_3.jpg,https://www.waitrose.com/ecom/products/magnum-vegan-classic-ice-cream-stick/756858-683216-683217,Magnum Vegan Classic Ice Cream Stick,3x90ml,£4.20,£1.56/100ml,Add 2 for £6,Frozen
834952,Birds Eye 18 Cod Fish Fingers,G,false,267,https://ecom-su-static-prod.wtrecom.com/images/products/3/LN_834952_BP_3.jpg,https://www.waitrose.com/ecom/products/birds-eye-18-cod-fish-fingers/834952-493272-493273,Birds Eye 18 Cod Fish Fingers,504g,£6.30,£12.50/kg,,Frozen
858014,Nuii Dark Choc & Berry,G,true,268,https://ecom-su-static-prod.wtrecom.com/images/products/3/LN_858014_BP_3.jpg,https://www.waitrose.com/ecom/products/nuii-dark-choc-berry/858014-802182-802183,Nuii Dark Choc & Berry,3x90ml,£4.20,£1.56/100ml,Add 2 for £5,Frozen
434235,Yeo Valley Organic Strawb Kefir Frozen Yogurt,G,false,269,https://ecom-su-static-prod.wtrecom.com/images/products/3/LN_434235_BP_3.jpg,https://www.waitrose.com/ecom/products/yeo-valley-organic-strawb-kefir-frozen-yogurt/434235-731034-731035,Yeo Valley Organic Strawb Kefir Frozen Yogurt,480ml,£4.00,83.3p/100ml,,Frozen
662219,Bannisters Farm 4 Cheese & Bacon Potato Skins,G,false,270,https://ecom-su-static-prod.wtrecom.com/images/products/3/LN_662219_BP_3.jpg,https://www.waitrose.com/ecom/products/bannisters-farm-4-cheese-bacon-potato-skins/662219-127699-127700,Bannisters Farm 4 Cheese & Bacon Potato Skins,260g,£2.00,£7.70/kg,,Frozen
599705,Twister Fruit Zinger Ice Lollies,G,true,271,https://ecom-su-static-prod.wtrecom.com/images/products/3/LN_599705_BP_3.jpg,https://www.waitrose.com/ecom/products/twister-fruit-zinger-ice-lollies/599705-801920-801921,Twister Fruit Zinger Ice Lollies,4x70ml,£2.70,96.4p/100ml,Add 2 for £4,Frozen
695017,Waitrose Frozen 4 Large Yorkshire Puddings,G,false,272,https://ecom-su-static-prod.wtrecom.com/images/products/3/LN_695017_BP_3.jpg,https://www.waitrose.com/ecom/products/waitrose-frozen-4-large-yorkshire-puddings/695017-98685-98686,Waitrose Frozen 4 Large Yorkshire Puddings,180g,£1.90,£10.56/kg,,Frozen
632397,Häagen-Dazs Favourites Ice Cream Collection,G,true,273,https://ecom-su-static-prod.wtrecom.com/images/products/3/LN_632397_BP_3.jpg,https://www.waitrose.com/ecom/products/haagen-dazs-favourites-ice-cream-collection/632397-752997-752997,Häagen-Dazs Favourites Ice Cream Collection,4x95ml,£3.75,98.7p/100ml,save £1.90. Was £5.65,Frozen
012173,McCain Lightly Spiced Wedges,G,true,274,https://ecom-su-static-prod.wtrecom.com/images/products/3/LN_012173_BP_3.jpg,https://www.waitrose.com/ecom/products/mccain-lightly-spiced-wedges/012173-6002-6003,McCain Lightly Spiced Wedges,650g,£2.00,£3.08/kg,save 75p. Was £2.75,Frozen
816092,Quorn Vegetarian 8 Sausages 336g,G,true,275,https://ecom-su-static-prod.wtrecom.com/images/products/3/LN_816092_BP_3.jpg,https://www.waitrose.com/ecom/products/quorn-vegetarian-8-sausages-336g/816092-677103-677104,Quorn Vegetarian 8 Sausages 336g,336g,£2.10,£6.25/kg,20% Off. Was £2.65,Frozen
585215,Kelly's Cornish Parlour Raspberry Ripple,G,false,276,https://ecom-su-static-prod.wtrecom.com/images/products/3/LN_585215_BP_3.jpg,https://www.waitrose.com/ecom/products/kellys-cornish-parlour-raspberry-ripple/585215-752719-752720,Kelly's Cornish Parlour Raspberry Ripple,950ml,£4.20,44.2p/100ml,,Frozen
878216,"Magnum Double Star Chaser Popcorn, Caramel and Chocolate Ice Cream Sticks",G,true,277,https://ecom-su-static-prod.wtrecom.com/images/products/3/LN_878216_BP_3.jpg,https://www.waitrose.com/ecom/products/magnum-double-star-chaser-popcorn-caramel-and-chocolate-ice-cream-sticks/878216-802210-802211,"Magnum Double Star Chaser Popcorn, Caramel and Chocolate Ice Cream Sticks",3x85ml,£4.20,£1.65/100ml,Add 2 for £6,Frozen
622162,Essential Frozen Cheesecake Blackcurrant,G,false,278,https://ecom-su-static-prod.wtrecom.com/images/products/3/LN_622162_BP_3.jpg,https://www.waitrose.com/ecom/products/essential-frozen-cheesecake-blackcurrant/622162-88253-88254,Essential Frozen Cheesecake Blackcurrant,500g,£3.50,70p/100g,,Frozen
898594,Strong Roots Cauliflower Hash Browns,G,false,279,https://ecom-su-static-prod.wtrecom.com/images/products/3/LN_898594_BP_3.jpg,https://www.waitrose.com/ecom/products/strong-roots-cauliflower-hash-browns/898594-688790-688791,Strong Roots Cauliflower Hash Browns,375g,£3.50,£9.34/kg,,Frozen
625998,Magnum Mini Euphoria Pink Lemonade Ice Cream Sticks,G,false,280,https://ecom-su-static-prod.wtrecom.com/images/products/3/LN_625998_BP_3.jpg,https://www.waitrose.com/ecom/products/magnum-mini-euphoria-pink-lemonade-ice-cream-sticks/625998-824377-824378,Magnum Mini Euphoria Pink Lemonade Ice Cream Sticks,6x55ml,£4.75,£1.44/100ml,,Frozen
597027,True Tide Frozen White Clams,G,false,281,https://ecom-su-static-prod.wtrecom.com/images/products/3/LN_597027_BP_3.jpg,https://www.waitrose.com/ecom/products/true-tide-frozen-white-clams/597027-806675-806676,True Tide Frozen White Clams,500g,£4.50,£9/kg,,Frozen
716058,Waitrose MSC 2 Battered Haddock,G,true,282,https://ecom-su-static-prod.wtrecom.com/images/products/3/LN_716058_BP_3.jpg,https://www.waitrose.com/ecom/products/waitrose-msc-2-battered-haddock/716058-762474-762475,Waitrose MSC 2 Battered Haddock,300g,£3.00,£10/kg,save £1.20. Was £4.20,Frozen
493945,Waitrose Tiramisu Ice Cream,G,false,283,https://ecom-su-static-prod.wtrecom.com/images/products/3/LN_493945_BP_3.jpg,https://www.waitrose.com/ecom/products/waitrose-tiramisu-ice-cream/493945-824351-824352,Waitrose Tiramisu Ice Cream,480ml,£3.40,70.8p/100ml,,Frozen
522272,Nonna Malfi Pizza Margherita,G,false,284,https://ecom-su-static-prod.wtrecom.com/images/products/3/LN_522272_BP_3.jpg,https://www.waitrose.com/ecom/products/nonna-malfi-pizza-margherita/522272-810691-810692,Nonna Malfi Pizza Margherita,302g,£3.25,£10.77/kg,,Frozen
599951,Essential Frozen Chicken Livers,G,false,285,https://ecom-su-static-prod.wtrecom.com/images/products/3/LN_599951_BP_3.jpg,https://www.waitrose.com/ecom/products/essential-frozen-chicken-livers/599951-85053-85054,Essential Frozen Chicken Livers,250g,80p,£3.20/kg,,Frozen
685111,Birds Eye Battered Cod 4 Large Fillets,G,false,286,https://ecom-su-static-prod.wtrecom.com/images/products/3/LN_685111_BP_3.jpg,https://www.waitrose.com/ecom/products/birds-eye-battered-cod-4-large-fillets/685111-784534-784535,Birds Eye Battered Cod 4 Large Fillets,440g,£6.85,£15.57/kg,,Frozen
449823,Waitrose Frozen Chicken & King Prawn Paella for 2,G,false,287,https://ecom-su-static-prod.wtrecom.com/images/products/3/LN_449823_BP_3.jpg,https://www.waitrose.com/ecom/products/waitrose-frozen-chicken-king-prawn-paella-for-2/449823-693637-693638,Waitrose Frozen Chicken & King Prawn Paella for 2,800g,£4.80,£6/kg,,Frozen
410428,McCain Smiles,G,false,288,https://ecom-su-static-prod.wtrecom.com/images/products/3/LN_410428_BP_3.jpg,https://www.waitrose.com/ecom/products/mccain-smiles/410428-177174-177175,McCain Smiles,454g,£2.65,£5.84/kg,,Frozen
426371,Cooks' Ingredients Frozen Wild Garlic,G,true,289,https://ecom-su-static-prod.wtrecom.com/images/products/3/LN_426371_BP_3.jpg,https://www.waitrose.com/ecom/products/cooks-ingredients-frozen-wild-garlic/426371-784466-784467,Cooks' Ingredients Frozen Wild Garlic,75g,£1.85,£2.47/100g,Add 2 for £3,Frozen
597007,Essential Frozen British Chicken Breast Fillets,G,false,290,https://ecom-su-static-prod.wtrecom.com/images/products/3/LN_597007_BP_3.jpg,https://www.waitrose.com/ecom/products/essential-frozen-british-chicken-breast-fillets/597007-767595-767596,Essential Frozen British Chicken Breast Fillets,1.5Kg,£12.00,£8/kg,,Frozen
792811,Aunt Bessie's Honey Glazed Roast Parsnips,G,false,291,https://ecom-su-static-prod.wtrecom.com/images/products/3/LN_792811_BP_3.jpg,https://www.waitrose.com/ecom/products/aunt-bessies-honey-glazed-roast-parsnips/792811-112785-112786,Aunt Bessie's Honey Glazed Roast Parsnips,500g,£3.50,£7/kg,,Frozen
801748,Jude's Salted Caramel Ice Cream,G,false,292,https://ecom-su-static-prod.wtrecom.com/images/products/3/LN_801748_BP_3.jpg,https://www.waitrose.com/ecom/products/judes-salted-caramel-ice-cream/801748-216811-216812,Jude's Salted Caramel Ice Cream,460ml,£5.25,£1.15/100ml,,Frozen
539556,Cooks' Ingredients Frozen Chopped Basil,G,true,293,https://ecom-su-static-prod.wtrecom.com/images/products/3/LN_539556_BP_3.jpg,https://www.waitrose.com/ecom/products/cooks-ingredients-frozen-chopped-basil/539556-76296-76297,Cooks' Ingredients Frozen Chopped Basil,75g,£1.85,24.7p/10g,Add 2 for £3,Frozen
886292,Waitrose Calorie Controlled Raspberry & Blackcurrant Frozen Yogurt,G,true,294,https://ecom-su-static-prod.wtrecom.com/images/products/3/LN_886292_BP_3.jpg,https://www.waitrose.com/ecom/products/waitrose-calorie-controlled-raspberry-blackcurrant-frozen-yogurt/886292-168847-168848,Waitrose Calorie Controlled Raspberry & Blackcurrant Frozen Yogurt,500ml,£3.00,60p/100ml,save 50p. Was £3.50,Frozen
834295,Waitrose Chocolate & Almond Sticks,G,false,295,https://ecom-su-static-prod.wtrecom.com/images/products/3/LN_834295_BP_3.jpg,https://www.waitrose.com/ecom/products/waitrose-chocolate-almond-sticks/834295-802142-802143,Waitrose Chocolate & Almond Sticks,3x100ml,£1.75,58.3p/100ml,,Frozen
766668,Little Jude's Watermelon Rockets,G,false,296,https://ecom-su-static-prod.wtrecom.com/images/products/3/LN_766668_BP_3.jpg,https://www.waitrose.com/ecom/products/little-judes-watermelon-rockets/766668-748490-748491,Little Jude's Watermelon Rockets,6x55ml,£3.75,£1.14/100ml,,Frozen
733377,Magnum Mini White Chocolate Almond,G,false,297,https://ecom-su-static-prod.wtrecom.com/images/products/3/LN_733377_BP_3.jpg,https://www.waitrose.com/ecom/products/magnum-mini-white-chocolate-almond/733377-823413-823413,Magnum Mini White Chocolate Almond,6x55ml,£4.75,£1.44/100ml,,Frozen
422145,PlantLiving: Frozen Mushroom & Chestnut Burgers,G,false,298,https://ecom-su-static-prod.wtrecom.com/images/products/3/LN_422145_BP_3.jpg,https://www.waitrose.com/ecom/products/plantliving-frozen-mushroom-chestnut-burgers/422145-762266-762267,PlantLiving: Frozen Mushroom & Chestnut Burgers,227g,£3.00,£1.33/100g,,Frozen
682577,Jude's Ice Cream For Dogs,G,false,299,https://ecom-su-static-prod.wtrecom.com/images/products/3/LN_682577_BP_3.jpg,https://www.waitrose.com/ecom/products/judes-ice-cream-for-dogs/682577-824387-824388,Jude's Ice Cream For Dogs,4x90ml,£5.00,£1.39/100ml,,Frozen
504424,Waitrose Frozen Sliced Leeks,G,false,300,https://ecom-su-static-prod.wtrecom.com/images/products/3/LN_504424_BP_3.jpg,https://www.waitrose.com/ecom/products/waitrose-frozen-sliced-leeks/504424-823040-823041,Waitrose Frozen Sliced Leeks,500g,£1.20,£2.40/kg,,Frozen
449594,Nonna Malfi Pizza Quattro Formaggi,G,false,301,https://ecom-su-static-prod.wtrecom.com/images/products/3/LN_449594_BP_3.jpg,https://www.waitrose.com/ecom/products/nonna-malfi-pizza-quattro-formaggi/449594-810665-810666,Nonna Malfi Pizza Quattro Formaggi,278g,£3.25,£11.70/kg,,Frozen
039548,Coppenrath & Wiese Apple Strudel,G,false,302,https://ecom-su-static-prod.wtrecom.com/images/products/3/LN_039548_BP_3.jpg,https://www.waitrose.com/ecom/products/coppenrath-wiese-apple-strudel/039548-19597-19598,Coppenrath & Wiese Apple Strudel,600g,£2.55,£4.25/kg,,Frozen
741387,Essential Roasted Vegetable Pizza,G,false,303,https://ecom-su-static-prod.wtrecom.com/images/products/3/LN_741387_BP_3.jpg,https://www.waitrose.com/ecom/products/essential-roasted-vegetable-pizza/741387-824395-824396,Essential Roasted Vegetable Pizza,280g,£1.40,£5/kg,,Frozen
786959,Little Moons Chocolate Hazelnut Mochi,G,false,304,https://ecom-su-static-prod.wtrecom.com/images/products/3/LN_786959_BP_3.jpg,https://www.waitrose.com/ecom/products/little-moons-chocolate-hazelnut-mochi/786959-777190-777191,Little Moons Chocolate Hazelnut Mochi,6x32g,£5.00,£2.61/100g,,Frozen
834212,Unearthed 6 Pastel De Nata,G,true,305,https://ecom-su-static-prod.wtrecom.com/images/products/3/LN_834212_BP_3.jpg,https://www.waitrose.com/ecom/products/unearthed-6-pastel-de-nata/834212-731158-731159,Unearthed 6 Pastel De Nata,6x60g,£3.40,94.4p/100g,25% Off. Was £4.55,Frozen
666330,Waitrose Frozen Mackerel Fillets,G,false,306,https://ecom-su-static-prod.wtrecom.com/images/products/3/LN_666330_BP_3.jpg,https://www.waitrose.com/ecom/products/waitrose-frozen-mackerel-fillets/666330-725510-725511,Waitrose Frozen Mackerel Fillets,380g,£5.70,£15/kg,,Frozen
611803,Duchy Organic Frozen Raspberries,G,false,307,https://ecom-su-static-prod.wtrecom.com/images/products/3/LN_611803_BP_3.jpg,https://www.waitrose.com/ecom/products/duchy-organic-frozen-raspberries/611803-86803-86804,Duchy Organic Frozen Raspberries,200g,£3.80,£19/kg,,Frozen
824148,Jude's Cherries & Cream Ice Cream,G,false,308,https://ecom-su-static-prod.wtrecom.com/images/products/3/LN_824148_BP_3.jpg,https://www.waitrose.com/ecom/products/judes-cherries-cream-ice-cream/824148-824412-824413,Jude's Cherries & Cream Ice Cream,460ml,£5.00,£1.09/100ml,,Frozen
833506,Waitrose Mozzarella Sticks,G,true,309,https://ecom-su-static-prod.wtrecom.com/images/products/3/LN_833506_BP_3.jpg,https://www.waitrose.com/ecom/products/waitrose-mozzarella-sticks/833506-810814-810815,Waitrose Mozzarella Sticks,180g,£3.00,£16.67/kg,Add 4 for the price of 3,Frozen
491960,Magnum Chill Blueberry Cookie Vegan Ice Cream Sticks,G,true,310,https://ecom-su-static-prod.wtrecom.com/images/products/3/LN_491960_BP_3.jpg,https://www.waitrose.com/ecom/products/magnum-chill-blueberry-cookie-vegan-ice-cream-sticks/491960-824349-824350,Magnum Chill Blueberry Cookie Vegan Ice Cream Sticks,3x90ml,£4.20,£1.56/100ml,Add 2 for £6,Frozen
471344,itsu Classic Prawn Gyoza 12s,G,true,311,https://ecom-su-static-prod.wtrecom.com/images/products/3/LN_471344_BP_3.jpg,https://www.waitrose.com/ecom/products/itsu-classic-prawn-gyoza-12s/471344-810673-810674,itsu Classic Prawn Gyoza 12s,240g,£3.55,£14.80/kg,20% Off. Was £4.45,Frozen
521371,Alesis Mini Filo Spinach Bites,G,false,312,https://ecom-su-static-prod.wtrecom.com/images/products/3/LN_521371_BP_3.jpg,https://www.waitrose.com/ecom/products/alesis-mini-filo-spinach-bites/521371-664749-664750,Alesis Mini Filo Spinach Bites,320g,£3.60,£11.25/kg,,Frozen
010464,Waitrose Frozen British Summer Fruits,G,false,313,https://ecom-su-static-prod.wtrecom.com/images/products/3/LN_010464_BP_3.jpg,https://www.waitrose.com/ecom/products/waitrose-frozen-british-summer-fruits/010464-5228-5229,Waitrose Frozen British Summer Fruits,300g,£3.40,£11.34/kg,,Frozen
538787,Häagen-Dazs Vanilla Ice Cream Minicups,G,true,314,https://ecom-su-static-prod.wtrecom.com/images/products/3/LN_538787_BP_3.jpg,https://www.waitrose.com/ecom/products/haagen-dazs-vanilla-ice-cream-minicups/538787-656986-656986,Häagen-Dazs Vanilla Ice Cream Minicups,4x95ml,£3.75,98.7p/100ml,save £1.90. Was £5.65,Frozen
897350,Essential Raspberry Ripple Soft Ice Cream,G,false,315,https://ecom-su-static-prod.wtrecom.com/images/products/3/LN_897350_BP_3.jpg,https://www.waitrose.com/ecom/products/essential-raspberry-ripple-soft-ice-cream/897350-726078-726079,Essential Raspberry Ripple Soft Ice Cream,2litre,£2.20,11p/100ml,,Frozen
435050,Rowntree's Fruit Stack Ice Lollies,G,true,316,https://ecom-su-static-prod.wtrecom.com/images/products/3/LN_435050_BP_3.jpg,https://www.waitrose.com/ecom/products/rowntrees-fruit-stack-ice-lollies/435050-824337-824338,Rowntree's Fruit Stack Ice Lollies,4x70ml,£2.65,94.6p/100ml,Add 2 for £4,Frozen
041634,Swedish Glace Dairy Free Raspberry Ice Cream Tub,G,false,317,https://ecom-su-static-prod.wtrecom.com/images/products/3/LN_041634_BP_3.jpg,https://www.waitrose.com/ecom/products/swedish-glace-dairy-free-raspberry-ice-cream-tub/041634-20626-20627,Swedish Glace Dairy Free Raspberry Ice Cream Tub,750ml,£3.15,42p/100ml,,Frozen
687579,Yeo Valley Organic Blueberry Kefir Yogurt,G,false,318,https://ecom-su-static-prod.wtrecom.com/images/products/3/LN_687579_BP_3.jpg,https://www.waitrose.com/ecom/products/yeo-valley-organic-blueberry-kefir-yogurt/687579-731100-731101,Yeo Valley Organic Blueberry Kefir Yogurt,480ml,£4.00,83.3p/100ml,,Frozen
842402,Waitrose Frozen British Hake Fillet Portions,G,false,319,https://ecom-su-static-prod.wtrecom.com/images/products/3/LN_842402_BP_3.jpg,https://www.waitrose.com/ecom/products/waitrose-frozen-british-hake-fillet-portions/842402-679285-679286,Waitrose Frozen British Hake Fillet Portions,280g,£6.00,£21.43/kg,,Frozen
584524,Booja-Booja Vegan Choc Salted Caramel Ice Cream,G,false,320,https://ecom-su-static-prod.wtrecom.com/images/products/3/LN_584524_BP_3.jpg,https://www.waitrose.com/ecom/products/booja-booja-vegan-choc-salted-caramel-ice-cream/584524-801898-801899,Booja-Booja Vegan Choc Salted Caramel Ice Cream,465ml,£5.75,£1.24/100ml,,Frozen
694366,Moving Mountains Plant-Based No Fish Fingers,G,true,321,https://ecom-su-static-prod.wtrecom.com/images/products/3/LN_694366_BP_3.jpg,https://www.waitrose.com/ecom/products/moving-mountains-plant-based-no-fish-fingers/694366-745780-745781,Moving Mountains Plant-Based No Fish Fingers,300g,£3.20,£10.67/kg,Add 2 for £5,Frozen
527068,Guuud Greek Style Yoghurt Ice Cream Passion Fruit,G,false,322,https://ecom-su-static-prod.wtrecom.com/images/products/3/LN_527068_BP_3.jpg,https://www.waitrose.com/ecom/products/guuud-greek-style-yoghurt-ice-cream-passion-fruit/527068-824361-824362,Guuud Greek Style Yoghurt Ice Cream Passion Fruit,210ml,£3.00,£1.43/100ml,,Frozen
576608,Booja-Booja Vegan Caramel Pecan Ice Cream,G,false,323,https://ecom-su-static-prod.wtrecom.com/images/products/3/LN_576608_BP_3.jpg,https://www.waitrose.com/ecom/products/booja-booja-vegan-caramel-pecan-ice-cream/576608-801888-801889,Booja-Booja Vegan Caramel Pecan Ice Cream,465ml,£5.75,£1.24/100ml,,Frozen
452902,Magnum Salted Caramel Ice Cream Sticks,G,true,324,https://ecom-su-static-prod.wtrecom.com/images/products/3/LN_452902_BP_3.jpg,https://www.waitrose.com/ecom/products/magnum-salted-caramel-ice-cream-sticks/452902-806659-806660,Magnum Salted Caramel Ice Cream Sticks,3x100ml,£3.50,£1.17/100ml,Add 2 for £5,Frozen
863709,Zizzi Frozen Chorizo Carbonara for 1,G,false,325,https://ecom-su-static-prod.wtrecom.com/images/products/3/LN_863709_BP_3.jpg,https://www.waitrose.com/ecom/products/zizzi-frozen-chorizo-carbonara-for-1/863709-810830-810831,Zizzi Frozen Chorizo Carbonara for 1,400g,£3.75,£9.38/kg,,Frozen
599225,Birds Eye 2 Gluten Free Southern Chicken,G,false,326,https://ecom-su-static-prod.wtrecom.com/images/products/3/LN_599225_BP_3.jpg,https://www.waitrose.com/ecom/products/birds-eye-2-gluten-free-southern-chicken/599225-699430-699431,Birds Eye 2 Gluten Free Southern Chicken,180g,£2.90,£16.12/kg,,Frozen
800521,Pip Organic Rainbow Fruity Lollies,G,true,327,https://ecom-su-static-prod.wtrecom.com/images/products/3/LN_800521_BP_3.jpg,https://www.waitrose.com/ecom/products/pip-organic-rainbow-fruity-lollies/800521-688696-688697,Pip Organic Rainbow Fruity Lollies,6x40ml,£3.20,£1.34/100ml,20% Off. Was £4.00,Frozen
372268,Dr. Oetker Hawaii Ristorante Pizza,G,true,328,https://ecom-su-static-prod.wtrecom.com/images/products/3/LN_372268_BP_3.jpg,https://www.waitrose.com/ecom/products/dr-oetker-hawaii-ristorante-pizza/372268-52322-52323,Dr. Oetker Hawaii Ristorante Pizza,355g,£2.00,£5.64/kg,save £1.40. Was £3.40,Frozen
486422,Strong Roots Garlic Roasted Sweet Potato,G,false,329,https://ecom-su-static-prod.wtrecom.com/images/products/3/LN_486422_BP_3.jpg,https://www.waitrose.com/ecom/products/strong-roots-garlic-roasted-sweet-potato/486422-762330-762331,Strong Roots Garlic Roasted Sweet Potato,500g,£3.65,£7.30/kg,,Frozen
468352,Crosta & Mollica Pistachio & Almond Tartufi,G,false,330,https://ecom-su-static-prod.wtrecom.com/images/products/3/LN_468352_BP_3.jpg,https://www.waitrose.com/ecom/products/crosta-mollica-pistachio-almond-tartufi/468352-767540-767541,Crosta & Mollica Pistachio & Almond Tartufi,208g,£5.00,£2.41/100g,,Frozen
585763,Ferrero Rocher Classic Ice Cream,G,false,331,https://ecom-su-static-prod.wtrecom.com/images/products/3/LN_585763_BP_3.jpg,https://www.waitrose.com/ecom/products/ferrero-rocher-classic-ice-cream/585763-824369-824370,Ferrero Rocher Classic Ice Cream,4x70ml,£4.75,£1.70/100ml,,Frozen
739401,Linda McCartney's Vegan Vegemince,G,false,332,https://ecom-su-static-prod.wtrecom.com/images/products/3/LN_739401_BP_3.jpg,https://www.waitrose.com/ecom/products/linda-mccartneys-vegan-vegemince/739401-745351-745352,Linda McCartney's Vegan Vegemince,500g,£3.45,£6.90/kg,,Frozen
403684,Chicago Town Pepperoni Sauce Stuffed Crust,G,true,333,https://ecom-su-static-prod.wtrecom.com/images/products/3/LN_403684_BP_3.jpg,https://www.waitrose.com/ecom/products/chicago-town-pepperoni-sauce-stuffed-crust/403684-56827-56828,Chicago Town Pepperoni Sauce Stuffed Crust,645g,£5.25,£8.14/kg,Add 2 for £8,Frozen
565019,Young's Gastro 2 Lemon & Herb Basa Fillets,G,false,334,https://ecom-su-static-prod.wtrecom.com/images/products/3/LN_565019_BP_3.jpg,https://www.waitrose.com/ecom/products/youngs-gastro-2-lemon-herb-basa-fillets/565019-80038-80039,Young's Gastro 2 Lemon & Herb Basa Fillets,310g,£5.00,£16.13/kg,,Frozen
710294,Häagen-Dazs Chocolate Drizzle Gelato Ice Cream,G,true,335,https://ecom-su-static-prod.wtrecom.com/images/products/3/LN_710294_BP_3.jpg,https://www.waitrose.com/ecom/products/haagen-dazs-chocolate-drizzle-gelato-ice-cream/710294-741913-741914,Häagen-Dazs Chocolate Drizzle Gelato Ice Cream,4x95ml,£3.75,98.7p/100ml,save £1.90. Was £5.65,Frozen
838387,Duchy Organic 2 Frozen Scottish Salmon Fillets,G,false,336,https://ecom-su-static-prod.wtrecom.com/images/products/3/LN_838387_BP_3.jpg,https://www.waitrose.com/ecom/products/duchy-organic-2-frozen-scottish-salmon-fillets/838387-755593-755594,Duchy Organic 2 Frozen Scottish Salmon Fillets,280g,£9.00,£32.15/kg,,Frozen
897838,Waitrose Banoffee Pie Ice Cream,G,false,337,https://ecom-su-static-prod.wtrecom.com/images/products/3/LN_897838_BP_3.jpg,https://www.waitrose.com/ecom/products/waitrose-banoffee-pie-ice-cream/897838-753224-753225,Waitrose Banoffee Pie Ice Cream,500ml,£3.40,68p/100ml,,Frozen
411864,Waitrose Frozen Breaded Atlantic Lemon Sole Goujons,G,false,338,https://ecom-su-static-prod.wtrecom.com/images/products/3/LN_411864_BP_3.jpg,https://www.waitrose.com/ecom/products/waitrose-frozen-breaded-atlantic-lemon-sole-goujons/411864-57972-57973,Waitrose Frozen Breaded Atlantic Lemon Sole Goujons,220g,£4.50,£20.46/kg,,Frozen
626899,Nonna Malfi Pizza Hawaii,G,false,339,https://ecom-su-static-prod.wtrecom.com/images/products/3/LN_626899_BP_3.jpg,https://www.waitrose.com/ecom/products/nonna-malfi-pizza-hawaii/626899-810739-810740,Nonna Malfi Pizza Hawaii,318g,£3.25,£10.23/kg,,Frozen
401061,Magnum Mini Classic Almond White,G,false,340,https://ecom-su-static-prod.wtrecom.com/images/products/3/LN_401061_BP_3.jpg,https://www.waitrose.com/ecom/products/magnum-mini-classic-almond-white/401061-824332-824332,Magnum Mini Classic Almond White,10x55ml,£6.50,£1.19/100ml,,Frozen
811084,PlantLiving: 4 Frozen Bean Burgers,G,false,341,https://ecom-su-static-prod.wtrecom.com/images/products/3/LN_811084_BP_3.jpg,https://www.waitrose.com/ecom/products/plantliving-4-frozen-bean-burgers/811084-762534-762535,PlantLiving: 4 Frozen Bean Burgers,454g,£2.40,£5.29/kg,,Frozen
486033,Waitrose Frozen Raspberry Tart,G,true,342,https://ecom-su-static-prod.wtrecom.com/images/products/3/LN_486033_BP_3.jpg,https://www.waitrose.com/ecom/products/waitrose-frozen-raspberry-tart/486033-287930-287931,Waitrose Frozen Raspberry Tart,470g,£4.50,95.7p/100g,save £1.00. Was £5.50,Frozen
428026,Crosta & Mollica Gelato Cherry,G,true,343,https://ecom-su-static-prod.wtrecom.com/images/products/3/LN_428026_BP_3.jpg,https://www.waitrose.com/ecom/products/crosta-mollica-gelato-cherry/428026-782757-782758,Crosta & Mollica Gelato Cherry,450ml,£4.60,£1.03/100ml,20% Off. Was £5.75,Frozen
660094,Twister Berry-licious Fruit Ice Lollies,G,true,344,https://ecom-su-static-prod.wtrecom.com/images/products/3/LN_660094_BP_3.jpg,https://www.waitrose.com/ecom/products/twister-berry-licious-fruit-ice-lollies/660094-824383-824384,Twister Berry-licious Fruit Ice Lollies,4x70ml,£2.75,98.2p/100ml,Add 2 for £4,Frozen
747783,Waitrose Cauliflower Cheese,G,true,345,https://ecom-su-static-prod.wtrecom.com/images/products/3/LN_747783_BP_3.jpg,https://www.waitrose.com/ecom/products/waitrose-cauliflower-cheese/747783-823078-823079,Waitrose Cauliflower Cheese,500g,£2.00,,save 50p. Was £2.50,Frozen
756881,Waitrose Frozen Fish Pie Mix,G,false,346,https://ecom-su-static-prod.wtrecom.com/images/products/3/LN_756881_BP_3.jpg,https://www.waitrose.com/ecom/products/waitrose-frozen-fish-pie-mix/756881-725678-725679,Waitrose Frozen Fish Pie Mix,400g,£7.50,£18.75/kg,,Frozen
616809,No.1 Frozen Tarte aux Fruits,G,false,347,https://ecom-su-static-prod.wtrecom.com/images/products/3/LN_616809_BP_3.jpg,https://www.waitrose.com/ecom/products/no1-frozen-tarte-aux-fruits/616809-287988-287989,No.1 Frozen Tarte aux Fruits,665g,£6.50,97.7p/100g,,Frozen
094489,Dr. Oetker Quattro Formaggi Ristorante Pizza,G,true,348,https://ecom-su-static-prod.wtrecom.com/images/products/3/LN_094489_BP_3.jpg,https://www.waitrose.com/ecom/products/dr-oetker-quattro-formaggi-ristorante-pizza/094489-48470-48471,Dr. Oetker Quattro Formaggi Ristorante Pizza,340g,£2.00,£5.89/kg,save £1.40. Was £3.40,Frozen
673284,Whole Creations Gluten Free Garlic Bread Baguette,G,false,349,https://ecom-su-static-prod.wtrecom.com/images/products/3/LN_673284_BP_3.jpg,https://www.waitrose.com/ecom/products/whole-creations-gluten-free-garlic-bread-baguette/673284-753250-753251,Whole Creations Gluten Free Garlic Bread Baguette,190g,£2.75,£14.48/kg,,Frozen
649161,Linda McCartney's 2 Frozen Deep Dish Country Pies,G,false,350,https://ecom-su-static-prod.wtrecom.com/images/products/3/LN_649161_BP_3.jpg,https://www.waitrose.com/ecom/products/linda-mccartneys-2-frozen-deep-dish-country-pies/649161-459780-459781,Linda McCartney's 2 Frozen Deep Dish Country Pies,380g,£2.80,£7.37/kg,,Frozen
514119,Waitrose 4 British Beef Quarter Pounders With Onions,G,false,351,https://ecom-su-static-prod.wtrecom.com/images/products/3/LN_514119_BP_3.jpg,https://www.waitrose.com/ecom/products/waitrose-4-british-beef-quarter-pounders-with-onions/514119-823042-823043,Waitrose 4 British Beef Quarter Pounders With Onions,0.454Kg,£3.75,£8.26/kg,,Frozen
559320,Cooks' Ingredients Frozen Chopped Chillies,G,true,352,https://ecom-su-static-prod.wtrecom.com/images/products/3/LN_559320_BP_3.jpg,https://www.waitrose.com/ecom/products/cooks-ingredients-frozen-chopped-chillies/559320-784498-784499,Cooks' Ingredients Frozen Chopped Chillies,75g,£1.85,£2.47/100g,Add 2 for £3,Frozen
541029,Waitrose Dipped Waffle Ice Cream Cones,G,false,353,https://ecom-su-static-prod.wtrecom.com/images/products/3/LN_541029_BP_3.jpg,https://www.waitrose.com/ecom/products/waitrose-dipped-waffle-ice-cream-cones/541029-693697-693698,Waitrose Dipped Waffle Ice Cream Cones,6s,£1.80,30p each,,Frozen
561015,Waitrose Lemon Drizzle Cake Ice Cream,G,false,354,https://ecom-su-static-prod.wtrecom.com/images/products/3/LN_561015_BP_3.jpg,https://www.waitrose.com/ecom/products/waitrose-lemon-drizzle-cake-ice-cream/561015-824365-824366,Waitrose Lemon Drizzle Cake Ice Cream,480ml,£3.40,70.8p/100ml,,Frozen
862959,PlantLiving: 4 Frozen Crunchy Vegetable Crispbakes,G,false,355,https://ecom-su-static-prod.wtrecom.com/images/products/3/LN_862959_BP_3.jpg,https://www.waitrose.com/ecom/products/plantliving-4-frozen-crunchy-vegetable-crispbakes/862959-762596-762597,PlantLiving: 4 Frozen Crunchy Vegetable Crispbakes,454g,£2.50,£5.51/kg,,Frozen
569945,Yeo Vanilla Ice Cream,G,false,356,https://ecom-su-static-prod.wtrecom.com/images/products/3/LN_569945_BP_3.jpg,https://www.waitrose.com/ecom/products/yeo-vanilla-ice-cream/569945-575574-575575,Yeo Vanilla Ice Cream,500ml,£4.75,95p/100ml,,Frozen
534606,Aunt Bessie's Mini Homestyle Roasties,G,false,357,https://ecom-su-static-prod.wtrecom.com/images/products/3/LN_534606_BP_3.jpg,https://www.waitrose.com/ecom/products/aunt-bessies-mini-homestyle-roasties/534606-75593-75594,Aunt Bessie's Mini Homestyle Roasties,700g,£3.30,£4.72/kg,,Frozen
498013,No.1 Frozen Halibut Fillets,G,false,358,https://ecom-su-static-prod.wtrecom.com/images/products/3/LN_498013_BP_3.jpg,https://www.waitrose.com/ecom/products/no1-frozen-halibut-fillets/498013-679259-679260,No.1 Frozen Halibut Fillets,280g,£10.60,£37.86/kg,,Frozen
510185,Lazy Vegan Frozen Italian Vegan Risotto for 1,G,false,359,https://ecom-su-static-prod.wtrecom.com/images/products/3/LN_510185_BP_3.jpg,https://www.waitrose.com/ecom/products/lazy-vegan-frozen-italian-vegan-risotto-for-1/510185-762342-762343,Lazy Vegan Frozen Italian Vegan Risotto for 1,400g,£3.80,95p/100g,,Frozen
822296,Häagen-Dazs Mango & Raspberry Ice Cream Stick Bars,G,false,360,https://ecom-su-static-prod.wtrecom.com/images/products/3/LN_822296_BP_3.jpg,https://www.waitrose.com/ecom/products/haagen-dazs-mango-raspberry-ice-cream-stick-bars/822296-722546-722547,Häagen-Dazs Mango & Raspberry Ice Cream Stick Bars,3x80ml,£4.45,£1.86/100ml,,Frozen
628336,Waitrose Frozen French Lemon Tart,G,false,361,https://ecom-su-static-prod.wtrecom.com/images/products/3/LN_628336_BP_3.jpg,https://www.waitrose.com/ecom/products/waitrose-frozen-french-lemon-tart/628336-287994-287995,Waitrose Frozen French Lemon Tart,435g,£5.50,£1.27/100g,,Frozen
008564,Young's Gastro Wholetail Scampi,G,true,362,https://ecom-su-static-prod.wtrecom.com/images/products/3/LN_008564_BP_3.jpg,https://www.waitrose.com/ecom/products/youngs-gastro-wholetail-scampi/008564-4079-4080,Young's Gastro Wholetail Scampi,220g,£4.00,£18.19/kg,save £3.50. Was £7.50,Frozen
709850,Crosta & Mollica Choc Hazelnut Tartufi Gelato,G,false,363,https://ecom-su-static-prod.wtrecom.com/images/products/3/LN_709850_BP_3.jpg,https://www.waitrose.com/ecom/products/crosta-mollica-choc-hazelnut-tartufi-gelato/709850-767647-767648,Crosta & Mollica Choc Hazelnut Tartufi Gelato,208g,£5.00,£2.41/100g,,Frozen
577471,Zizzi Garlic Bread,G,true,364,https://ecom-su-static-prod.wtrecom.com/images/products/3/LN_577471_BP_3.jpg,https://www.waitrose.com/ecom/products/zizzi-garlic-bread/577471-810715-810716,Zizzi Garlic Bread,250g,£2.25,£9/kg,save 50p. Was £2.75,Frozen
503919,Waitrose Frozen 2 Smoked Haddock Fillets MSC,G,false,365,https://ecom-su-static-prod.wtrecom.com/images/products/3/LN_503919_BP_3.jpg,https://www.waitrose.com/ecom/products/waitrose-frozen-2-smoked-haddock-fillets-msc/503919-725190-725191,Waitrose Frozen 2 Smoked Haddock Fillets MSC,280g,£6.50,£23.22/kg,,Frozen
418029,Little Moons Iced Latte Coffee,G,false,366,https://ecom-su-static-prod.wtrecom.com/images/products/3/LN_418029_BP_3.jpg,https://www.waitrose.com/ecom/products/little-moons-iced-latte-coffee/418029-801730-801731,Little Moons Iced Latte Coffee,192g,£5.00,£2.61/100g,,Frozen
090818,Walls Soft Scoop Vanilla Light Ice Cream Dessert,G,false,367,https://ecom-su-static-prod.wtrecom.com/images/products/3/LN_090818_BP_3.jpg,https://www.waitrose.com/ecom/products/walls-soft-scoop-vanilla-light-ice-cream-dessert/090818-46779-46780,Walls Soft Scoop Vanilla Light Ice Cream Dessert,1.8L,£3.00,16.7p/100ml,,Frozen
716726,Ben & Jerry's Dulce De-lish Sundae Caramel Ice Cream Tub,G,false,368,https://ecom-su-static-prod.wtrecom.com/images/products/3/LN_716726_BP_3.jpg,https://www.waitrose.com/ecom/products/ben-jerrys-dulce-de-lish-sundae-caramel-ice-cream-tub/716726-802026-802027,Ben & Jerry's Dulce De-lish Sundae Caramel Ice Cream Tub,427ml,£5.80,£1.36/100ml,,Frozen
596893,Canadian Whole Cooked Lobster,G,false,369,https://ecom-su-static-prod.wtrecom.com/images/products/3/LN_596893_BP_3.jpg,https://www.waitrose.com/ecom/products/canadian-whole-cooked-lobster/596893-312313-312314,Canadian Whole Cooked Lobster,350g,£11.00,£31.43/kg,,Frozen
878650,Linda McCartney's 6 Vegetarian Sausage Rolls,G,false,370,https://ecom-su-static-prod.wtrecom.com/images/products/3/LN_878650_BP_3.jpg,https://www.waitrose.com/ecom/products/linda-mccartneys-6-vegetarian-sausage-rolls/878650-460107-460108,Linda McCartney's 6 Vegetarian Sausage Rolls,342g,£2.95,£8.63/kg,,Frozen
886608,PlantLiving: 2 Frozen Crisp-Crumbed Seitan Slices,G,false,371,https://ecom-su-static-prod.wtrecom.com/images/products/3/LN_886608_BP_3.jpg,https://www.waitrose.com/ecom/products/plantliving-2-frozen-crisp-crumbed-seitan-slices/886608-714913-714914,PlantLiving: 2 Frozen Crisp-Crumbed Seitan Slices,200g,£3.30,£16.50/kg,,Frozen
821034,Young's Gastro Sea Salt & Pepper Basa Fillets,G,false,372,https://ecom-su-static-prod.wtrecom.com/images/products/3/LN_821034_BP_3.jpg,https://www.waitrose.com/ecom/products/youngs-gastro-sea-salt-pepper-basa-fillets/821034-255939-255940,Young's Gastro Sea Salt & Pepper Basa Fillets,310g,£5.00,£16.13/kg,,Frozen
746114,Birds Eye 44 Chicken Nuggets,G,true,373,https://ecom-su-static-prod.wtrecom.com/images/products/3/LN_746114_BP_3.jpg,https://www.waitrose.com/ecom/products/birds-eye-44-chicken-nuggets/746114-261280-261281,Birds Eye 44 Chicken Nuggets,695g,£4.50,£6.48/kg,save 75p. Was £5.25,Frozen
608791,Essential 6 Frozen Coley Portions MSC,G,true,374,https://ecom-su-static-prod.wtrecom.com/images/products/3/LN_608791_BP_3.jpg,https://www.waitrose.com/ecom/products/essential-6-frozen-coley-portions-msc/608791-725404-725405,Essential 6 Frozen Coley Portions MSC,552g,£5.50,£9.97/kg,save £1.00. Was £6.50,Frozen
869077,Schär Gluten Free Bontà d'Italia Pizza Salame,G,true,375,https://ecom-su-static-prod.wtrecom.com/images/products/3/LN_869077_BP_3.jpg,https://www.waitrose.com/ecom/products/schar-gluten-free-bonta-ditalia-pizza-salame/869077-337404-337405,Schär Gluten Free Bontà d'Italia Pizza Salame,330g,£3.65,£11.07/kg,Add 2 for £5.50,Frozen
851773,Hackney Gelato Chocolate & Hazelnut,G,false,376,https://ecom-su-static-prod.wtrecom.com/images/products/3/LN_851773_BP_3.jpg,https://www.waitrose.com/ecom/products/hackney-gelato-chocolate-hazelnut/851773-786402-786403,Hackney Gelato Chocolate & Hazelnut,460ml,£5.50,£1.20/100ml,,Frozen
404254,Yeo Valley Mint Choc Chip Ice Cream,G,false,377,https://ecom-su-static-prod.wtrecom.com/images/products/3/LN_404254_BP_3.jpg,https://www.waitrose.com/ecom/products/yeo-valley-mint-choc-chip-ice-cream/404254-676995-676996,Yeo Valley Mint Choc Chip Ice Cream,500ml,£4.75,95p/100ml,,Frozen
843201,Häagen-Dazs Cookies & Cream Ice Cream,G,false,378,https://ecom-su-static-prod.wtrecom.com/images/products/3/LN_843201_BP_3.jpg,https://www.waitrose.com/ecom/products/haagen-dazs-cookies-cream-ice-cream/843201-705792-705793,Häagen-Dazs Cookies & Cream Ice Cream,460ml,£5.65,£1.23/100ml,,Frozen
628472,Magnum Almond Ice Cream Sticks,G,true,379,https://ecom-su-static-prod.wtrecom.com/images/products/3/LN_628472_BP_3.jpg,https://www.waitrose.com/ecom/products/magnum-almond-ice-cream-sticks/628472-823404-823405,Magnum Almond Ice Cream Sticks,3x100ml,£3.50,£1.17/100ml,Add 2 for £5,Frozen
820901,Remeo Malfy Gin Spritz Lollies,G,false,380,https://ecom-su-static-prod.wtrecom.com/images/products/3/LN_820901_BP_3.jpg,https://www.waitrose.com/ecom/products/remeo-malfy-gin-spritz-lollies/820901-824410-824411,Remeo Malfy Gin Spritz Lollies,210ml,£5.00,,,Frozen
773832,Plants By Deliciously Ella Frozen Warming Cauliflower & Lentil Dhal for 1,G,false,381,https://ecom-su-static-prod.wtrecom.com/images/products/3/LN_773832_BP_3.jpg,https://www.waitrose.com/ecom/products/plants-by-deliciously-ella-frozen-warming-cauliflower-lentil-dhal-for-1/773832-807625-807626,Plants By Deliciously Ella Frozen Warming Cauliflower & Lentil Dhal for 1,300g,£3.75,£1.25/100g,,Frozen
480825,Waitrose Frozen 2 Plaice Fillets Msc,G,false,382,https://ecom-su-static-prod.wtrecom.com/images/products/3/LN_480825_BP_3.jpg,https://www.waitrose.com/ecom/products/waitrose-frozen-2-plaice-fillets-msc/480825-725138-725139,Waitrose Frozen 2 Plaice Fillets Msc,280g,£5.75,£20.54/kg,,Frozen
809150,Essential Frozen British 2 Lamb Shanks,G,false,383,https://ecom-su-static-prod.wtrecom.com/images/products/3/LN_809150_BP_3.jpg,https://www.waitrose.com/ecom/products/essential-frozen-british-2-lamb-shanks/809150-731150-731151,Essential Frozen British 2 Lamb Shanks,800g,£10.00,£12.50/kg,,Frozen
560356,Strong Roots Frozen Kale & Quinoa Burgers,G,false,384,https://ecom-su-static-prod.wtrecom.com/images/products/3/LN_560356_BP_3.jpg,https://www.waitrose.com/ecom/products/strong-roots-frozen-kale-quinoa-burgers/560356-575568-575569,Strong Roots Frozen Kale & Quinoa Burgers,300g,£3.45,£11.50/kg,,Frozen
003283,Ben & Jerry's Phish Food Chocolate Ice Cream Tub,G,true,385,https://ecom-su-static-prod.wtrecom.com/images/products/3/LN_003283_BP_3.jpg,https://www.waitrose.com/ecom/products/ben-jerrys-phish-food-chocolate-ice-cream-tub/003283-1251-1252,Ben & Jerry's Phish Food Chocolate Ice Cream Tub,465ml,£3.75,80.6p/100ml,Save £1.75. Was £5.50,Frozen
834819,Waitrose Frozen 2 Haddock Fillets MSC,G,false,386,https://ecom-su-static-prod.wtrecom.com/images/products/3/LN_834819_BP_3.jpg,https://www.waitrose.com/ecom/products/waitrose-frozen-2-haddock-fillets-msc/834819-725876-725877,Waitrose Frozen 2 Haddock Fillets MSC,280g,£6.50,£23.22/kg,,Frozen
851889,Jus Rol Frozen Puff Pastry Sheets,G,false,387,https://ecom-su-static-prod.wtrecom.com/images/products/3/LN_851889_BP_3.jpg,https://www.waitrose.com/ecom/products/jus-rol-frozen-puff-pastry-sheets/851889-793180-793181,Jus Rol Frozen Puff Pastry Sheets,640g,£2.90,45.3p/100g,,Frozen
748899,Beyond Meat Plant-Based Sausage,G,true,388,https://ecom-su-static-prod.wtrecom.com/images/products/3/LN_748899_BP_3.jpg,https://www.waitrose.com/ecom/products/beyond-meat-plant-based-sausage/748899-794970-794971,Beyond Meat Plant-Based Sausage,200g,£3.15,£1.58/100g,25% Off. Was £4.20,Frozen
734933,Essential Frozen Chicken Thighs,G,false,389,https://ecom-su-static-prod.wtrecom.com/images/products/3/LN_734933_BP_3.jpg,https://www.waitrose.com/ecom/products/essential-frozen-chicken-thighs/734933-104449-104450,Essential Frozen Chicken Thighs,1.25Kg,£5.65,£4.52/kg,,Frozen
466361,Cooks' Ingredients Frozen Miso Butter,G,false,390,https://ecom-su-static-prod.wtrecom.com/images/products/3/LN_466361_BP_3.jpg,https://www.waitrose.com/ecom/products/cooks-ingredients-frozen-miso-butter/466361-784472-784473,Cooks' Ingredients Frozen Miso Butter,200g,£3.50,£1.75/100g,,Frozen
431505,Cadbury Flake 99 Ice Cream Tub,G,true,391,https://ecom-su-static-prod.wtrecom.com/images/products/3/LN_431505_BP_3.jpg,https://www.waitrose.com/ecom/products/cadbury-flake-99-ice-cream-tub/431505-824335-824336,Cadbury Flake 99 Ice Cream Tub,480ml,£3.65,76p/100ml,Add 2 for £5,Frozen
852729,Waitrose Double Fan Wafer 12s,G,false,392,https://ecom-su-static-prod.wtrecom.com/images/products/3/LN_852729_BP_3.jpg,https://www.waitrose.com/ecom/products/waitrose-double-fan-wafer-12s/852729-824207-824208,Waitrose Double Fan Wafer 12s,12Each,£1.80,,,Frozen
711085,Essential Frozen Coley Fillets MSC,G,false,393,https://ecom-su-static-prod.wtrecom.com/images/products/3/LN_711085_BP_3.jpg,https://www.waitrose.com/ecom/products/essential-frozen-coley-fillets-msc/711085-725596-725597,Essential Frozen Coley Fillets MSC,400g,£5.50,£13.75/kg,,Frozen
571899,Waitrose Salted Butterscotch Dairy Ice Cream,G,false,394,https://ecom-su-static-prod.wtrecom.com/images/products/3/LN_571899_BP_3.jpg,https://www.waitrose.com/ecom/products/waitrose-salted-butterscotch-dairy-ice-cream/571899-575576-575577,Waitrose Salted Butterscotch Dairy Ice Cream,1litre,£3.50,35p/100ml,,Frozen
655329,Cornetto Soft Stracciatella & Caramel Ice Cream Cones,G,false,395,https://ecom-su-static-prod.wtrecom.com/images/products/3/LN_655329_BP_3.jpg,https://www.waitrose.com/ecom/products/cornetto-soft-stracciatella-caramel-ice-cream-cones/655329-824379-824380,Cornetto Soft Stracciatella & Caramel Ice Cream Cones,4x140ml,£4.00,71.4p/100ml,,Frozen
599048,Waitrose 8 Nacho Cheese Triangles,G,true,396,https://ecom-su-static-prod.wtrecom.com/images/products/3/LN_599048_BP_3.jpg,https://www.waitrose.com/ecom/products/waitrose-8-nacho-cheese-triangles/599048-810725-810726,Waitrose 8 Nacho Cheese Triangles,160g,£3.00,£18.75/kg,Add 4 for the price of 3,Frozen
502018,Waitrose 8 British Beef Burgers,G,false,397,https://ecom-su-static-prod.wtrecom.com/images/products/3/LN_502018_BP_3.jpg,https://www.waitrose.com/ecom/products/waitrose-8-british-beef-burgers/502018-823036-823037,Waitrose 8 British Beef Burgers,0.454Kg,£3.75,£8.26/kg,,Frozen
782822,Chicago Town Four Cheese Melt Stuffed Crust,G,true,398,https://ecom-su-static-prod.wtrecom.com/images/products/3/LN_782822_BP_3.jpg,https://www.waitrose.com/ecom/products/chicago-town-four-cheese-melt-stuffed-crust/782822-111400-111401,Chicago Town Four Cheese Melt Stuffed Crust,630g,£5.25,£8.34/kg,Add 2 for £8,Frozen
695269,Häagen-Dazs Dulce De Leche Ice Cream,G,false,399,https://ecom-su-static-prod.wtrecom.com/images/products/3/LN_695269_BP_3.jpg,https://www.waitrose.com/ecom/products/haagen-dazs-dulce-de-leche-ice-cream/695269-824393-824394,Häagen-Dazs Dulce De Leche Ice Cream,460ml,£5.60,£1.22/100ml,,Frozen
728118,itsu Frozen Hoisin Duck 6 Bao'Buns,G,true,400,https://ecom-su-static-prod.wtrecom.com/images/products/3/LN_728118_BP_3.jpg,https://www.waitrose.com/ecom/products/itsu-frozen-hoisin-duck-6-baobuns/728118-720279-720280,itsu Frozen Hoisin Duck 6 Bao'Buns,270g,£3.55,£13.15/kg,20% Off. Was £4.45,Frozen
446355,Häagen-Dazs Mango & Raspberry Ice Cream,G,false,401,https://ecom-su-static-prod.wtrecom.com/images/products/3/LN_446355_BP_3.jpg,https://www.waitrose.com/ecom/products/haagen-dazs-mango-raspberry-ice-cream/446355-824343-824344,Häagen-Dazs Mango & Raspberry Ice Cream,460ml,£5.60,£1.22/100ml,,Frozen
858642,Young's Gastro Tempura Battered Fish Fillets,G,false,402,https://ecom-su-static-prod.wtrecom.com/images/products/3/LN_858642_BP_3.jpg,https://www.waitrose.com/ecom/products/youngs-gastro-tempura-battered-fish-fillets/858642-697276-697277,Young's Gastro Tempura Battered Fish Fillets,270g,£5.00,£18.52/kg,,Frozen
524594,Strong Roots Frozen Pumpkin & Spinach Burger,G,true,403,https://ecom-su-static-prod.wtrecom.com/images/products/3/LN_524594_BP_3.jpg,https://www.waitrose.com/ecom/products/strong-roots-frozen-pumpkin-spinach-burger/524594-727161-727162,Strong Roots Frozen Pumpkin & Spinach Burger,300g,£2.55,£8.50/kg,25% Off. Was £3.45,Frozen
363619,LoveLife Frozen Tropical Smoothie Mix,G,false,404,https://ecom-su-static-prod.wtrecom.com/images/products/3/LN_363619_BP_3.jpg,https://www.waitrose.com/ecom/products/lovelife-frozen-tropical-smoothie-mix/363619-137891-137892,LoveLife Frozen Tropical Smoothie Mix,480g,£2.65,£5.53/kg,,Frozen
772810,Ben & Jerry's & Tony's Non-Dairy Chocolatey Love A-Fair,G,false,405,https://ecom-su-static-prod.wtrecom.com/images/products/3/LN_772810_BP_3.jpg,https://www.waitrose.com/ecom/products/ben-jerrys-tonys-non-dairy-chocolatey-love-a-fair/772810-823416-823417,Ben & Jerry's & Tony's Non-Dairy Chocolatey Love A-Fair,465ml,£5.80,£1.25/100ml,,Frozen
651485,No.1 Frozen Tarte Tatin,G,false,406,https://ecom-su-static-prod.wtrecom.com/images/products/3/LN_651485_BP_3.jpg,https://www.waitrose.com/ecom/products/no1-frozen-tarte-tatin/651485-459786-459787,No.1 Frozen Tarte Tatin,545g,£6.50,£1.20/100g,,Frozen
742528,itsu Korean BBQ Beef Gyoza 12s,G,true,407,https://ecom-su-static-prod.wtrecom.com/images/products/3/LN_742528_BP_3.jpg,https://www.waitrose.com/ecom/products/itsu-korean-bbq-beef-gyoza-12s/742528-771237-771238,itsu Korean BBQ Beef Gyoza 12s,240g,£3.55,£14.80/kg,20% Off. Was £4.45,Frozen
096512,Carte D'Or Light Vanilla Ice Cream Tub Dessert,G,false,408,https://ecom-su-static-prod.wtrecom.com/images/products/3/LN_096512_BP_3.jpg,https://www.waitrose.com/ecom/products/carte-dor-light-vanilla-ice-cream-tub-dessert/096512-49366-49367,Carte D'Or Light Vanilla Ice Cream Tub Dessert,900ml,£3.95,43.9p/100ml,,Frozen
705203,McCain Hasslebacks,G,false,409,https://ecom-su-static-prod.wtrecom.com/images/products/3/LN_705203_BP_3.jpg,https://www.waitrose.com/ecom/products/mccain-hasslebacks/705203-807903-807904,McCain Hasslebacks,653g,£3.70,56.7p/100g,,Frozen
687504,No.1 Salted Caramel Sauce,G,false,410,https://ecom-su-static-prod.wtrecom.com/images/products/3/LN_687504_BP_3.jpg,https://www.waitrose.com/ecom/products/no1-salted-caramel-sauce/687504-442964-442965,No.1 Salted Caramel Sauce,250g,£3.20,£1.28/100g,,Frozen
014651,Mackie's Honeycomb Ice Cream,G,true,411,https://ecom-su-static-prod.wtrecom.com/images/products/3/LN_014651_BP_3.jpg,https://www.waitrose.com/ecom/products/mackies-honeycomb-ice-cream/014651-7028-7029,Mackie's Honeycomb Ice Cream,1litre,£2.30,23p/100ml,save £1.05. Was £3.35,Frozen
664714,Jude's Caramel & Choc Tubs,G,false,412,https://ecom-su-static-prod.wtrecom.com/images/products/3/LN_664714_BP_3.jpg,https://www.waitrose.com/ecom/products/judes-caramel-choc-tubs/664714-782803-782803,Jude's Caramel & Choc Tubs,4x85ml,£5.25,£1.55/100ml,,Frozen
496540,Essential Frozen Alaskan Pollock Fillets,G,false,413,https://ecom-su-static-prod.wtrecom.com/images/products/3/LN_496540_BP_3.jpg,https://www.waitrose.com/ecom/products/essential-frozen-alaskan-pollock-fillets/496540-759656-759657,Essential Frozen Alaskan Pollock Fillets,1Kg,£7.35,£7.35/kg,,Frozen
479376,Young's Formed Scampi,G,false,414,https://ecom-su-static-prod.wtrecom.com/images/products/3/LN_479376_BP_3.jpg,https://www.waitrose.com/ecom/products/youngs-formed-scampi/479376-154493-154494,Young's Formed Scampi,220g,£4.25,£19.32/kg,,Frozen
859483,Ben & Jerry's Sundae Marshmallow & S'more! Ice Cream Tub,G,false,415,https://ecom-su-static-prod.wtrecom.com/images/products/3/LN_859483_BP_3.jpg,https://www.waitrose.com/ecom/products/ben-jerrys-sundae-marshmallow-smore-ice-cream-tub/859483-824418-824419,Ben & Jerry's Sundae Marshmallow & S'more! Ice Cream Tub,427ml,£5.80,£1.36/100ml,,Frozen
405389,GoodLife 2 Frozen Vegetarian Mushroom & Spinach Kyivs,G,true,416,https://ecom-su-static-prod.wtrecom.com/images/products/3/LN_405389_BP_3.jpg,https://www.waitrose.com/ecom/products/goodlife-2-frozen-vegetarian-mushroom-spinach-kyivs/405389-459522-459523,GoodLife 2 Frozen Vegetarian Mushroom & Spinach Kyivs,250g,£2.85,£11.40/kg,save 50p. Was £3.35,Frozen
475893,Crosta & Mollica 2 Frozen Vegana Sourdough Pizzas,G,true,417,https://ecom-su-static-prod.wtrecom.com/images/products/3/LN_475893_BP_3.jpg,https://www.waitrose.com/ecom/products/crosta-mollica-2-frozen-vegana-sourdough-pizzas/475893-782761-782762,Crosta & Mollica 2 Frozen Vegana Sourdough Pizzas,502g,£4.20,£8.37/kg,20% Off. Was £5.25,Frozen
460125,Higgidy Two Chicken & Creamy Leek Pies,G,false,418,https://ecom-su-static-prod.wtrecom.com/images/products/3/LN_460125_BP_3.jpg,https://www.waitrose.com/ecom/products/higgidy-two-chicken-creamy-leek-pies/460125-810614-810615,Higgidy Two Chicken & Creamy Leek Pies,400g,£5.95,£1.49/100g,,Frozen
506786,Lazy Vegan Frozen Vegan Tikka Masala Ready Meal for 1,G,false,419,https://ecom-su-static-prod.wtrecom.com/images/products/3/LN_506786_BP_3.jpg,https://www.waitrose.com/ecom/products/lazy-vegan-frozen-vegan-tikka-masala-ready-meal-for-1/506786-762336-762337,Lazy Vegan Frozen Vegan Tikka Masala Ready Meal for 1,400g,£3.80,£9.50/kg,,Frozen
661522,Zizzi Frozen Casareccia Pollo Piccante Pasta for 1,G,false,420,https://ecom-su-static-prod.wtrecom.com/images/products/3/LN_661522_BP_3.jpg,https://www.waitrose.com/ecom/products/zizzi-frozen-casareccia-pollo-piccante-pasta-for-1/661522-810753-810754,Zizzi Frozen Casareccia Pollo Piccante Pasta for 1,375g,£3.75,£10/kg,,Frozen
697666,Strong Roots Frozen Spinach Bites,G,false,421,https://ecom-su-static-prod.wtrecom.com/images/products/3/LN_697666_BP_3.jpg,https://www.waitrose.com/ecom/products/strong-roots-frozen-spinach-bites/697666-664763-664764,Strong Roots Frozen Spinach Bites,308g,£3.45,£11.21/kg,,Frozen
767639,No.1 Whole Shell Tiger Prawn,G,false,422,https://ecom-su-static-prod.wtrecom.com/images/products/3/LN_767639_BP_3.jpg,https://www.waitrose.com/ecom/products/no1-whole-shell-tiger-prawn/767639-806691-806692,No.1 Whole Shell Tiger Prawn,215g,£8.00,£37.21/kg,,Frozen
849236,Little Moons Popcorn Mochi,G,false,423,https://ecom-su-static-prod.wtrecom.com/images/products/3/LN_849236_BP_3.jpg,https://www.waitrose.com/ecom/products/little-moons-popcorn-mochi/849236-812573-812574,Little Moons Popcorn Mochi,6x32g,£5.00,£2.61/100g,,Frozen
552879,Jude's Salted Caramel,G,false,424,https://ecom-su-static-prod.wtrecom.com/images/products/3/LN_552879_BP_3.jpg,https://www.waitrose.com/ecom/products/judes-salted-caramel/552879-801866-801867,Jude's Salted Caramel,6x50ml,£4.75,£1.59/100ml,,Frozen
828109,Waitrose Milk Chocolate Dessert Sauce,G,false,425,https://ecom-su-static-prod.wtrecom.com/images/products/3/LN_828109_BP_3.jpg,https://www.waitrose.com/ecom/products/waitrose-milk-chocolate-dessert-sauce/828109-693974-693975,Waitrose Milk Chocolate Dessert Sauce,300g,£2.25,75p/100g,,Frozen
744381,Young's Gastro 2 Lemon & Pepper Fish Fillets,G,false,426,https://ecom-su-static-prod.wtrecom.com/images/products/3/LN_744381_BP_3.jpg,https://www.waitrose.com/ecom/products/youngs-gastro-2-lemon-pepper-fish-fillets/744381-697064-697065,Young's Gastro 2 Lemon & Pepper Fish Fillets,270g,£5.00,£18.52/kg,,Frozen
542748,Crosta & Mollica 2 Frozen Ortolana Sourdough Pizzas,G,true,427,https://ecom-su-static-prod.wtrecom.com/images/products/3/LN_542748_BP_3.jpg,https://www.waitrose.com/ecom/products/crosta-mollica-2-frozen-ortolana-sourdough-pizzas/542748-762366-762367,Crosta & Mollica 2 Frozen Ortolana Sourdough Pizzas,552g,£4.20,£7.61/kg,20% Off. Was £5.25,Frozen
490970,Quorn Vegan 2 Takeaway Crunchy Fillet Burgers,G,false,428,https://ecom-su-static-prod.wtrecom.com/images/products/3/LN_490970_BP_3.jpg,https://www.waitrose.com/ecom/products/quorn-vegan-2-takeaway-crunchy-fillet-burgers/490970-770476-770477,Quorn Vegan 2 Takeaway Crunchy Fillet Burgers,190g,£3.15,£16.58/kg,,Frozen
842716,Essential 4 Frozen Breaded Pollock Fillets,G,false,429,https://ecom-su-static-prod.wtrecom.com/images/products/3/LN_842716_BP_3.jpg,https://www.waitrose.com/ecom/products/essential-4-frozen-breaded-pollock-fillets/842716-295836-295837,Essential 4 Frozen Breaded Pollock Fillets,500g,£4.30,£8.60/kg,,Frozen
605550,Jude's Vegan Plant Madagascan Vanilla,G,true,430,https://ecom-su-static-prod.wtrecom.com/images/products/3/LN_605550_BP_3.jpg,https://www.waitrose.com/ecom/products/judes-vegan-plant-madagascan-vanilla/605550-806677-806678,Jude's Vegan Plant Madagascan Vanilla,460ml,£3.00,65.2p/100ml,save £1.80. Was £4.80,Frozen
561211,Waitrose Frozen Bramley apple Pie,G,false,431,https://ecom-su-static-prod.wtrecom.com/images/products/3/LN_561211_BP_3.jpg,https://www.waitrose.com/ecom/products/waitrose-frozen-bramley-apple-pie/561211-287962-287963,Waitrose Frozen Bramley apple Pie,740g,£4.00,54.1p/100g,,Frozen
827583,Crosta & Mollica Caffè Latte Tartufi Gelato,G,false,432,https://ecom-su-static-prod.wtrecom.com/images/products/3/LN_827583_BP_3.jpg,https://www.waitrose.com/ecom/products/crosta-mollica-caffe-latte-tartufi-gelato/827583-767703-767704,Crosta & Mollica Caffè Latte Tartufi Gelato,208g,£5.00,£2.41/100g,,Frozen
