data-product-id,data-product-name,data-product-type,data-product-on-offer,data-product-index,image-url,product-page,product-name,product-size,item-price,price-per-unit,offer-description,category
638635,Febreze Bathroom Air Freshener Cotton,G,true,1,https://ecom-su-static-prod.wtrecom.com/images/products/3/LN_638635_BP_3.jpg,https://www.waitrose.com/ecom/products/febreze-bathroom-air-freshener-cotton/638635-736055-736056,Febreze Bathroom Air Freshener Cotton,7.5ml,£3.50,£46.67/100ml,Add 2 for £5,Home
440894,Febreze Air Mist Cotton Fresh,G,true,2,https://ecom-su-static-prod.wtrecom.com/images/products/3/LN_440894_BP_3.jpg,https://www.waitrose.com/ecom/products/febreze-air-mist-cotton-fresh/440894-818293-818294,Febreze Air Mist Cotton Fresh,185ml,£3.50,£1.90/100ml,Add 2 for £5,Home
566895,Febreze 3Volution Air Freshener Starter Kit Cotton,G,false,770,https://ecom-su-static-prod.wtrecom.com/images/products/3/LN_566895_BP_3.jpg,https://www.waitrose.com/ecom/products/febreze-3volution-air-freshener-starter-kit-cotton/566895-519947-519948,Febreze 3Volution Air Freshener Starter Kit Cotton,20ml,£9.00,£45/100ml,,Home
503159,Waitrose Lulu Guinness Chess Bag,G,false,4,https://ecom-su-static-prod.wtrecom.com/images/products/3/LN_503159_BP_3.jpg,https://www.waitrose.com/ecom/products/waitrose-lulu-guinness-chess-bag/503159-827312-827313,Waitrose Lulu Guinness Chess Bag,1Each,£12.00,£12 each,,Home
065244,Waitrose Food,G,true,5,https://ecom-su-static-prod.wtrecom.com/images/products/3/LN_065244_BP_3.jpg,https://www.waitrose.com/ecom/products/waitrose-food/065244-33064-33065,Waitrose Food,Each,£3.75,,Free Food Magazine. Was £3.75,Home
442067,Essential Napkins 33cm x 33cm,G,false,6,https://ecom-su-static-prod.wtrecom.com/images/products/3/LN_442067_BP_3.jpg,https://www.waitrose.com/ecom/products/essential-napkins-33cm-x-33cm/442067-217700-217701,Essential Napkins 33cm x 33cm,50s,£2.00,4p each,,Home
949851,Sodastream TERRA Starter Kit - Black,G,true,7,https://ecom-su-static-prod.wtrecom.com/images/products/3/LN_949851_BP_3.jpg,https://www.waitrose.com/ecom/products/sodastream-terra-starter-kit-black/949851-823913-823914,Sodastream TERRA Starter Kit - Black,each,£59.99,£59.99 each,save £50.00. Was £109.99,Home
801834,John Lewis Portable BBQ,G,false,8,https://ecom-su-static-prod.wtrecom.com/images/products/3/LN_801834_BP_3.jpg,https://www.waitrose.com/ecom/products/john-lewis-portable-bbq/801834-794764-794765,John Lewis Portable BBQ,each,£29.99,£29.99 each,,Home
032390,Big K Instant Lighting Charcoal,G,false,9,https://ecom-su-static-prod.wtrecom.com/images/products/3/LN_032390_BP_3.jpg,https://www.waitrose.com/ecom/products/big-k-instant-lighting-charcoal/032390-15795-15796,Big K Instant Lighting Charcoal,4x1kg,£9.00,£2.25/kg,,Home
713646,JL Classic Check Rug XL Green,G,false,10,https://ecom-su-static-prod.wtrecom.com/images/products/3/LN_713646_BP_3.jpg,https://www.waitrose.com/ecom/products/jl-classic-check-rug-xl-green/713646-821819-821820,JL Classic Check Rug XL Green,each,£30.00,£30 each,,Home
713353,John Lewis Lisbon Triangle Personal Cooler 5 Litre,G,false,11,https://ecom-su-static-prod.wtrecom.com/images/products/3/LN_713353_BP_3.jpg,https://www.waitrose.com/ecom/products/john-lewis-lisbon-triangle-personal-cooler-5-litre/713353-823997-823998,John Lewis Lisbon Triangle Personal Cooler 5 Litre,each,£15.00,£15 each,,Home
827244,Waitrose Drinks Magazine,G,true,12,https://ecom-su-static-prod.wtrecom.com/images/products/3/LN_827244_BP_3.jpg,https://www.waitrose.com/ecom/products/waitrose-drinks-magazine/827244-590419-590420,Waitrose Drinks Magazine,Each,£3.75,,Free Drinks Magazine. Was £3.75,Home
404353,Royal Mail 2nd Class Stamps,G,false,13,https://ecom-su-static-prod.wtrecom.com/images/products/3/LN_404353_BP_3.jpg,https://www.waitrose.com/ecom/products/royal-mail-2nd-class-stamps/404353-780305-780306,Royal Mail 2nd Class Stamps,8s,£6.80,,,Home
084564,Royal Mail 1st Class Stamps,G,false,14,https://ecom-su-static-prod.wtrecom.com/images/products/3/LN_084564_BP_3.jpg,https://www.waitrose.com/ecom/products/royal-mail-1st-class-stamps/084564-42921-42922,Royal Mail 1st Class Stamps,4s,£5.40,,,Home
878135,Sistema Microwave Oatmeal/Porridge Bowl,G,false,15,https://ecom-su-static-prod.wtrecom.com/images/products/3/LN_878135_BP_3.jpg,https://www.waitrose.com/ecom/products/sistema-microwave-oatmeal-porridge-bowl/878135-378601-378602,Sistema Microwave Oatmeal/Porridge Bowl,each,£7.99,£7.99 each,,Home
866140,Tefal Titanium Excellence 28cm Wok,G,false,16,https://ecom-su-static-prod.wtrecom.com/images/products/3/LN_866140_BP_3.jpg,https://www.waitrose.com/ecom/products/tefal-titanium-excellence-28cm-wok/866140-812349-812350,Tefal Titanium Excellence 28cm Wok,each,£29.00,£29 each,,Home
855897,John Lewis The Pan Frypan 28cm,G,true,17,https://ecom-su-static-prod.wtrecom.com/images/products/3/LN_855897_BP_3.jpg,https://www.waitrose.com/ecom/products/john-lewis-the-pan-frypan-28cm/855897-765636-765637,John Lewis The Pan Frypan 28cm,each,£27.20,£27.20 each,20% Off. Was £34.00,Home
854837,John Lewis The Pan Omelette Pan,G,true,18,https://ecom-su-static-prod.wtrecom.com/images/products/3/LN_854837_BP_3.jpg,https://www.waitrose.com/ecom/products/john-lewis-the-pan-omelette-pan/854837-765622-765623,John Lewis The Pan Omelette Pan,each,£15.20,£15.20 each,20% Off. Was £19.00,Home
890991,Skye Side Plate Light Blue,G,false,19,https://ecom-su-static-prod.wtrecom.com/images/products/3/LN_890991_BP_3.jpg,https://www.waitrose.com/ecom/products/skye-side-plate-light-blue/890991-810012-810013,Skye Side Plate Light Blue,each,£6.00,£6 each,,Home
883212,John Lewis Anyday 16cm Low Cereal Bowl,G,false,20,https://ecom-su-static-prod.wtrecom.com/images/products/3/LN_883212_BP_3.jpg,https://www.waitrose.com/ecom/products/john-lewis-anyday-16cm-low-cereal-bowl/883212-689892-689893,John Lewis Anyday 16cm Low Cereal Bowl,each,£5.00,£5 each,,Home
883159,Lisbon Tapas Plates Set Of 4,G,false,21,https://ecom-su-static-prod.wtrecom.com/images/products/3/LN_883159_BP_3.jpg,https://www.waitrose.com/ecom/products/lisbon-tapas-plates-set-of-4/883159-816410-816411,Lisbon Tapas Plates Set Of 4,each,£12.00,£3 each,,Home
894096,Chesapeake Bay Large Balance & Harmony (Waterlily Pear),G,false,22,https://ecom-su-static-prod.wtrecom.com/images/products/3/LN_894096_BP_3.jpg,https://www.waitrose.com/ecom/products/chesapeake-bay-large-balance-harmony-waterlily-pear/894096-820564-820565,Chesapeake Bay Large Balance & Harmony (Waterlily Pear),355g,£20.00,,,Home
872432,Chesapeake Bay Large Reflection & Clarity (Sea Salt Sage),G,false,23,https://ecom-su-static-prod.wtrecom.com/images/products/3/LN_872432_BP_3.jpg,https://www.waitrose.com/ecom/products/chesapeake-bay-large-reflection-clarity-sea-salt-sage/872432-820560-820561,Chesapeake Bay Large Reflection & Clarity (Sea Salt Sage),355g,£20.00,,,Home
802772,Chesapeake Bay Large Love & Passion (Grapefruit Mango),G,false,24,https://ecom-su-static-prod.wtrecom.com/images/products/3/LN_802772_BP_3.jpg,https://www.waitrose.com/ecom/products/chesapeake-bay-large-love-passion-grapefruit-mango/802772-820550-820551,Chesapeake Bay Large Love & Passion (Grapefruit Mango),355g,£20.00,,,Home
885127,AD Glass Hurricane Large each,G,false,25,https://ecom-su-static-prod.wtrecom.com/images/products/3/LN_885127_BP_3.jpg,https://www.waitrose.com/ecom/products/ad-glass-hurricane-large-each/885127-606946-606947,AD Glass Hurricane Large each,each,£15.00,£15 each,,Home
854574,Diagonal Check Cushion 50x50cm,G,true,26,https://ecom-su-static-prod.wtrecom.com/images/products/3/LN_854574_BP_3.jpg,https://www.waitrose.com/ecom/products/diagonal-check-cushion-50x50cm/854574-823949-823950,Diagonal Check Cushion 50x50cm,each,£10.00,£10 each,Save 1/3. Was £15.00,Home
854147,JL Daya Frame No Mount 4x6 inch,G,true,27,https://ecom-su-static-prod.wtrecom.com/images/products/3/LN_854147_BP_3.jpg,https://www.waitrose.com/ecom/products/jl-daya-frame-no-mount-4x6-inch/854147-712367-712368,JL Daya Frame No Mount 4x6 inch,each,£9.00,£9 each,25% Off. Was £12.00,Home
840273,JL Small Succulent in Ceramic Pot,G,false,28,https://ecom-su-static-prod.wtrecom.com/images/products/3/LN_840273_BP_3.jpg,https://www.waitrose.com/ecom/products/jl-small-succulent-in-ceramic-pot/840273-809912-809913,JL Small Succulent in Ceramic Pot,each,£12.00,£12 each,,Home
587616,TV Choice,G,false,29,https://ecom-su-static-prod.wtrecom.com/images/products/3/LN_587616_BP_3.jpg,https://www.waitrose.com/ecom/products/tv-choice/587616-450911-450912,TV Choice,Each,79p,,,Home
070427,Bryant & May Matches Extra Long,G,false,30,https://ecom-su-static-prod.wtrecom.com/images/products/3/LN_070427_BP_3.jpg,https://www.waitrose.com/ecom/products/bryant-may-matches-extra-long/070427-35668-35669,Bryant & May Matches Extra Long,each,£1.10,£1.10 each,,Home
033025,The Times,G,false,31,https://ecom-su-static-prod.wtrecom.com/images/products/3/LN_033025_BP_3.jpg,https://www.waitrose.com/ecom/products/the-times/033025-16197-16198,The Times,each,£2.80,,,Home
033201,Radio Times,G,false,32,https://ecom-su-static-prod.wtrecom.com/images/products/3/LN_033201_BP_3.jpg,https://www.waitrose.com/ecom/products/radio-times/033201-16423-16424,Radio Times,Each,£4.50,,,Home
089115,Waitrose Foundation Spray Carnations Mix,G,false,33,https://ecom-su-static-prod.wtrecom.com/images/products/3/LN_089115_BP_3.jpg,https://www.waitrose.com/ecom/products/waitrose-foundation-spray-carnations-mix/089115-45828-45829,Waitrose Foundation Spray Carnations Mix,1Each,£4.00,,,Home
089135,Waitrose Freesia Posy,G,false,34,https://ecom-su-static-prod.wtrecom.com/images/products/3/LN_089135_BP_3.jpg,https://www.waitrose.com/ecom/products/waitrose-freesia-posy/089135-45858-45859,Waitrose Freesia Posy,Each,£5.00,,,Home
765907,Whats On Tv England,G,false,35,https://ecom-su-static-prod.wtrecom.com/images/products/3/LN_765907_BP_3.jpg,https://www.waitrose.com/ecom/products/whats-on-tv-england/765907-810633-810634,Whats On Tv England,1 each,82p,,,Home
018543,Waitrose Dozen Fdn Roses Yellow or White,G,false,36,https://ecom-su-static-prod.wtrecom.com/images/products/3/LN_018543_BP_3.jpg,https://www.waitrose.com/ecom/products/waitrose-dozen-fdn-roses-yellow-or-white/018543-8961-8962,Waitrose Dozen Fdn Roses Yellow or White,bunch,£5.00,,,Home
033028,Saturday Daily Telegraph,G,false,37,https://ecom-su-static-prod.wtrecom.com/images/products/3/LN_033028_BP_3.jpg,https://www.waitrose.com/ecom/products/saturday-daily-telegraph/033028-16201-16202,Saturday Daily Telegraph,Each,£4.50,,,Home
053765,Saturday Times,G,false,38,https://ecom-su-static-prod.wtrecom.com/images/products/3/LN_053765_BP_3.jpg,https://www.waitrose.com/ecom/products/saturday-times/053765-26956-26957,Saturday Times,Each,£3.50,,,Home
651568,WR Essential White Paper Plates 24,G,false,39,https://ecom-su-static-prod.wtrecom.com/images/products/3/LN_651568_BP_3.jpg,https://www.waitrose.com/ecom/products/wr-essential-white-paper-plates-24/651568-722213-722214,WR Essential White Paper Plates 24,24s,£2.30,9.6p each,,Home
033027,Daily Telegraph,G,false,40,https://ecom-su-static-prod.wtrecom.com/images/products/3/LN_033027_BP_3.jpg,https://www.waitrose.com/ecom/products/daily-telegraph/033027-16199-16200,Daily Telegraph,Each,£3.50,,,Home
092469,Glade Lavender Gel,G,true,41,https://ecom-su-static-prod.wtrecom.com/images/products/3/LN_092469_BP_3.jpg,https://www.waitrose.com/ecom/products/glade-lavender-gel/092469-47563-47564,Glade Lavender Gel,150g,£1.60,£1.07/100g,Add 2 for £2.50,Home
033843,Saturday Daily Mail,G,false,42,https://ecom-su-static-prod.wtrecom.com/images/products/3/LN_033843_BP_3.jpg,https://www.waitrose.com/ecom/products/saturday-daily-mail/033843-16945-16946,Saturday Daily Mail,Each,£1.50,,,Home
031621,Glade Gel Lily of The Valley,G,true,43,https://ecom-su-static-prod.wtrecom.com/images/products/3/LN_031621_BP_3.jpg,https://www.waitrose.com/ecom/products/glade-gel-lily-of-the-valley/031621-15407-15408,Glade Gel Lily of The Valley,150g,£1.60,£1.07/100g,Add 2 for £2.50,Home
703449,John Lewis White Napkins 33cm,G,false,44,https://ecom-su-static-prod.wtrecom.com/images/products/3/LN_703449_BP_3.jpg,https://www.waitrose.com/ecom/products/john-lewis-white-napkins-33cm/703449-308614-308615,John Lewis White Napkins 33cm,20s,£2.00,10p each,,Home
559520,33cm Floral Oasis Napkins 20s,G,true,45,https://ecom-su-static-prod.wtrecom.com/images/products/3/LN_559520_BP_3.jpg,https://www.waitrose.com/ecom/products/33cm-floral-oasis-napkins-20s/559520-822569-822570,33cm Floral Oasis Napkins 20s,20Sheet,£1.50,,25% Off. Was £2.00,Home
669666,Febreze Bathroom Air Freshener Blossom Breeze,G,true,46,https://ecom-su-static-prod.wtrecom.com/images/products/3/LN_669666_BP_3.jpg,https://www.waitrose.com/ecom/products/febreze-bathroom-air-freshener-blossom-breeze/669666-736067-736068,Febreze Bathroom Air Freshener Blossom Breeze,7.5ml,£3.50,£46.67/100ml,Add 2 for £5,Home
026526,Sunday Times,G,false,47,https://ecom-su-static-prod.wtrecom.com/images/products/3/LN_026526_BP_3.jpg,https://www.waitrose.com/ecom/products/sunday-times/026526-12919-12920,Sunday Times,Each,£4.00,,,Home
098819,Daily Mail,G,false,48,https://ecom-su-static-prod.wtrecom.com/images/products/3/LN_098819_BP_3.jpg,https://www.waitrose.com/ecom/products/daily-mail/098819-50385-50386,Daily Mail,Each,£1.10,,,Home
722909,John Lewis Bumble Bee Napkin 33cm,G,true,,https://ecom-su-static-prod.wtrecom.com/images/products/3/LN_722909_BP_3.jpg,https://www.waitrose.com/ecom/products/john-lewis-bumble-bee-napkin-33cm/722909-794962-794963,,,,,25% Off. Was £2.00,Home
624080,Cocktail Sticks Pot 150pk,G,false,,https://ecom-su-static-prod.wtrecom.com/images/products/3/LN_624080_BP_3.jpg,https://www.waitrose.com/ecom/products/cocktail-sticks-pot-150pk/624080-308360-308361,,,,,,Home
033034,Guardian,G,false,49,https://ecom-su-static-prod.wtrecom.com/images/products/3/LN_033034_BP_3.jpg,https://www.waitrose.com/ecom/products/guardian/033034-16211-16212,Guardian,each,£3.00,,,Home
074683,Royal Mail 1st Class Stamps,G,false,50,https://ecom-su-static-prod.wtrecom.com/images/products/3/LN_074683_BP_3.jpg,https://www.waitrose.com/ecom/products/royal-mail-1st-class-stamps/074683-37898-37899,Royal Mail 1st Class Stamps,8s,£10.80,,,Home
813502,33cm Coral Blue Pattern Napkin,G,true,51,https://ecom-su-static-prod.wtrecom.com/images/products/3/LN_813502_BP_3.jpg,https://www.waitrose.com/ecom/products/33cm-coral-blue-pattern-napkin/813502-822603-822604,33cm Coral Blue Pattern Napkin,20Sheet,£1.50,,25% Off. Was £2.00,Home
070489,Neutradol Room Deodorizer,G,false,52,https://ecom-su-static-prod.wtrecom.com/images/products/3/LN_070489_BP_3.jpg,https://www.waitrose.com/ecom/products/neutradol-room-deodorizer/070489-35713-35714,Neutradol Room Deodorizer,Each,£2.10,£2.10 each,,Home
042317,Waitrose Rose Bouquet,G,false,53,https://ecom-su-static-prod.wtrecom.com/images/products/3/LN_042317_BP_3.jpg,https://www.waitrose.com/ecom/products/waitrose-rose-bouquet/042317-20950-20951,Waitrose Rose Bouquet,Each,£10.00,,,Home
085850,The Original Cook's Matches,G,false,54,https://ecom-su-static-prod.wtrecom.com/images/products/3/LN_085850_BP_3.jpg,https://www.waitrose.com/ecom/products/the-original-cooks-matches/085850-43798-43799,The Original Cook's Matches,Each,£1.15,£1.15 each,,Home
660036,40cm White Napkins,G,false,55,https://ecom-su-static-prod.wtrecom.com/images/products/3/LN_660036_BP_3.jpg,https://www.waitrose.com/ecom/products/40cm-white-napkins/660036-308472-308473,40cm White Napkins,1,£3.00,25p each,,Home
634175,Benson & Hedges Blue TT 20s,G,false,56,https://ecom-su-static-prod.wtrecom.com/images/products/3/LN_634175_BP_3.jpg,https://www.waitrose.com/ecom/products/benson-hedges-blue-tt-20s/634175-696959-696960,Benson & Hedges Blue TT 20s,20s,£13.00,65p each,,Home
513723,Febreze Fabric Freshener Cotton Fresh,G,true,57,https://ecom-su-static-prod.wtrecom.com/images/products/3/LN_513723_BP_3.jpg,https://www.waitrose.com/ecom/products/febreze-fabric-freshener-cotton-fresh/513723-519899-519900,Febreze Fabric Freshener Cotton Fresh,375ml,£3.50,93.3p/100ml,Add 2 for £5,Home
629660,33cm Seashell Pattern Napkins,G,true,58,https://ecom-su-static-prod.wtrecom.com/images/products/3/LN_629660_BP_3.jpg,https://www.waitrose.com/ecom/products/33cm-seashell-pattern-napkins/629660-822581-822582,33cm Seashell Pattern Napkins,20Sheet,£1.50,,25% Off. Was £2.00,Home
838102,B&H Gold TT,G,false,59,https://ecom-su-static-prod.wtrecom.com/images/products/3/LN_838102_BP_3.jpg,https://www.waitrose.com/ecom/products/bh-gold-tt/838102-697244-697245,B&H Gold TT,20s,£17.30,86.5p each,,Home
421246,Waitrose Seasonal Surprise,G,false,60,https://ecom-su-static-prod.wtrecom.com/images/products/3/LN_421246_BP_3.jpg,https://www.waitrose.com/ecom/products/waitrose-seasonal-surprise/421246-800946-800947,Waitrose Seasonal Surprise,Each,£10.00,,,Home
816086,Waitrose Home cream napkins 33cm,G,false,61,https://ecom-su-static-prod.wtrecom.com/images/products/3/LN_816086_BP_3.jpg,https://www.waitrose.com/ecom/products/waitrose-home-cream-napkins-33cm/816086-309148-309149,Waitrose Home cream napkins 33cm,20s,£2.00,10p each,,Home
729317,Silk Cut Purple TT,G,false,62,https://ecom-su-static-prod.wtrecom.com/images/products/3/LN_729317_BP_3.jpg,https://www.waitrose.com/ecom/products/silk-cut-purple-tt/729317-697042-697043,Silk Cut Purple TT,20s,£17.30,86.5p each,,Home
841081,Waitrose Strawberry Tart Juco Bag,G,false,63,https://ecom-su-static-prod.wtrecom.com/images/products/3/LN_841081_BP_3.jpg,https://www.waitrose.com/ecom/products/waitrose-strawberry-tart-juco-bag/841081-822011-822012,Waitrose Strawberry Tart Juco Bag,1Each,£5.00,£5 each,,Home
893733,Febreze Air Mist Lavender,G,true,64,https://ecom-su-static-prod.wtrecom.com/images/products/3/LN_893733_BP_3.jpg,https://www.waitrose.com/ecom/products/febreze-air-mist-lavender/893733-819414-819415,Febreze Air Mist Lavender,185ml,£3.50,£1.90/100ml,Add 2 for £5,Home
491846,Sellotape Original Golden,G,false,65,https://ecom-su-static-prod.wtrecom.com/images/products/3/LN_491846_BP_3.jpg,https://www.waitrose.com/ecom/products/sellotape-original-golden/491846-150359-150360,Sellotape Original Golden,each,£1.90,£1.90 each,,Home
084120,Big K Real Lumpwood Barbecue Charcoal,G,false,66,https://ecom-su-static-prod.wtrecom.com/images/products/3/LN_084120_BP_3.jpg,https://www.waitrose.com/ecom/products/big-k-real-lumpwood-barbecue-charcoal/084120-42729-42730,Big K Real Lumpwood Barbecue Charcoal,5kg,£9.50,£1.90/kg,,Home
702669,Air Wick Active Fresh Cotton Room Spray,G,false,67,https://ecom-su-static-prod.wtrecom.com/images/products/3/LN_702669_BP_3.jpg,https://www.waitrose.com/ecom/products/air-wick-active-fresh-cotton-room-spray/702669-795814-795815,Air Wick Active Fresh Cotton Room Spray,236ml,£5.00,£2.12/100ml,,Home
691180,24CL Duni Stripes Multi Paper Cups,G,true,68,https://ecom-su-static-prod.wtrecom.com/images/products/3/LN_691180_BP_3.jpg,https://www.waitrose.com/ecom/products/24cl-duni-stripes-multi-paper-cups/691180-822641-822642,24CL Duni Stripes Multi Paper Cups,10Each,£1.87,18.7p each,25% Off. Was £2.50,Home
463771,NEW SUNFLOWER 33CM,G,true,69,https://ecom-su-static-prod.wtrecom.com/images/products/3/LN_463771_BP_3.jpg,https://www.waitrose.com/ecom/products/new-sunflower-33cm/463771-817393-817394,NEW SUNFLOWER 33CM,20s,£1.50,7.5p each,25% Off. Was £2.00,Home
709988,Febreze Air Mist Blossom & Breeze,G,true,70,https://ecom-su-static-prod.wtrecom.com/images/products/3/LN_709988_BP_3.jpg,https://www.waitrose.com/ecom/products/febreze-air-mist-blossom-breeze/709988-818862-818863,Febreze Air Mist Blossom & Breeze,185ml,£3.50,£1.90/100ml,Add 2 for £5,Home
016445,TV Times,G,false,71,https://ecom-su-static-prod.wtrecom.com/images/products/3/LN_016445_BP_3.jpg,https://www.waitrose.com/ecom/products/tv-times/016445-7884-7885,TV Times,each,£2.70,,,Home
763281,Waitrose Dozen Foundation Roses Bright,G,false,72,https://ecom-su-static-prod.wtrecom.com/images/products/3/LN_763281_BP_3.jpg,https://www.waitrose.com/ecom/products/waitrose-dozen-foundation-roses-bright/763281-722423-722424,Waitrose Dozen Foundation Roses Bright,each,£5.00,,,Home
554420,John Lewis Bamboo Skewers 25cm,G,false,73,https://ecom-su-static-prod.wtrecom.com/images/products/3/LN_554420_BP_3.jpg,https://www.waitrose.com/ecom/products/john-lewis-bamboo-skewers-25cm/554420-680099-680100,John Lewis Bamboo Skewers 25cm,each,£3.00,£3 each,,Home
857784,Dunhill International TT,G,false,74,https://ecom-su-static-prod.wtrecom.com/images/products/3/LN_857784_BP_3.jpg,https://www.waitrose.com/ecom/products/dunhill-international-tt/857784-697274-697275,Dunhill International TT,20s,£17.50,87.5p each,,Home
449043,B&H Blue SK TT,G,false,75,https://ecom-su-static-prod.wtrecom.com/images/products/3/LN_449043_BP_3.jpg,https://www.waitrose.com/ecom/products/bh-blue-sk-tt/449043-696762-696763,B&H Blue SK TT,20s,£13.00,65p each,,Home
875656,Miracle-Gro Peat Free All Purpose Compost,G,true,76,https://ecom-su-static-prod.wtrecom.com/images/products/3/LN_875656_BP_3.jpg,https://www.waitrose.com/ecom/products/miracle-gro-peat-free-all-purpose-compost/875656-723108-723109,Miracle-Gro Peat Free All Purpose Compost,40litre,£8.00,20p/litre,Add 2 for £14,Home
784085,Febreze Air Mist Spring Awakening,G,true,77,https://ecom-su-static-prod.wtrecom.com/images/products/3/LN_784085_BP_3.jpg,https://www.waitrose.com/ecom/products/febreze-air-mist-spring-awakening/784085-819001-819002,Febreze Air Mist Spring Awakening,185ml,£3.50,£1.90/100ml,Add 2 for £5,Home
700569,BRITA Maxtra Pro All-in-1 Cartridge Refill 6 Pack,G,false,78,https://ecom-su-static-prod.wtrecom.com/images/products/3/LN_700569_BP_3.jpg,https://www.waitrose.com/ecom/products/brita-maxtra-pro-all-in-1-cartridge-refill-6-pack/700569-807609-807610,BRITA Maxtra Pro All-in-1 Cartridge Refill 6 Pack,6s,£39.00,£6.50 each,,Home
795358,Glade Aerosol Clean Linen,G,true,79,https://ecom-su-static-prod.wtrecom.com/images/products/3/LN_795358_BP_3.jpg,https://www.waitrose.com/ecom/products/glade-aerosol-clean-linen/795358-795824-795825,Glade Aerosol Clean Linen,300ml,£2.25,75p/100ml,Add 2 for £3,Home
594969,GREEN CHECK GINGHAM NAPKIN 33CM,G,true,80,https://ecom-su-static-prod.wtrecom.com/images/products/3/LN_594969_BP_3.jpg,https://www.waitrose.com/ecom/products/green-check-gingham-napkin-33cm/594969-817407-817408,GREEN CHECK GINGHAM NAPKIN 33CM,20s,£1.50,7.5p each,25% Off. Was £2.00,Home
092957,Waitrose Long Stem Foundation Roses Mixed,G,false,81,https://ecom-su-static-prod.wtrecom.com/images/products/3/LN_092957_BP_3.jpg,https://www.waitrose.com/ecom/products/waitrose-long-stem-foundation-roses-mixed/092957-47775-47776,Waitrose Long Stem Foundation Roses Mixed,each,£8.00,,,Home
821826,WR MULTI BIRDS 33CM 20PK,G,true,82,https://ecom-su-static-prod.wtrecom.com/images/products/3/LN_821826_BP_3.jpg,https://www.waitrose.com/ecom/products/wr-multi-birds-33cm-20pk/821826-817431-817432,WR MULTI BIRDS 33CM 20PK,20s,£1.50,,25% Off. Was £2.00,Home
529586,Marlboro Gold Cigarettes TT,G,false,83,https://ecom-su-static-prod.wtrecom.com/images/products/3/LN_529586_BP_3.jpg,https://www.waitrose.com/ecom/products/marlboro-gold-cigarettes-tt/529586-696839-696840,Marlboro Gold Cigarettes TT,20s,£16.35,81.8p each,,Home
843278,Swantex Wooden Cutlery Set,G,false,84,https://ecom-su-static-prod.wtrecom.com/images/products/3/LN_843278_BP_3.jpg,https://www.waitrose.com/ecom/products/swantex-wooden-cutlery-set/843278-714656-714657,Swantex Wooden Cutlery Set,24s,£3.00,12.5p each,,Home
866312,Waitrose Home Stripe Paper Straws,G,false,85,https://ecom-su-static-prod.wtrecom.com/images/products/3/LN_866312_BP_3.jpg,https://www.waitrose.com/ecom/products/waitrose-home-stripe-paper-straws/866312-669159-669160,Waitrose Home Stripe Paper Straws,50s,£3.00,6p each,,Home
704099,B&H Sky Blue TT,G,false,86,https://ecom-su-static-prod.wtrecom.com/images/products/3/LN_704099_BP_3.jpg,https://www.waitrose.com/ecom/products/bh-sky-blue-tt/704099-697022-697023,B&H Sky Blue TT,20s,£13.00,65p each,,Home
059708,Rizla+ Cigarette Papers 50s,G,false,87,https://ecom-su-static-prod.wtrecom.com/images/products/3/LN_059708_BP_3.jpg,https://www.waitrose.com/ecom/products/rizla-cigarette-papers-50s/059708-30117-30118,Rizla+ Cigarette Papers 50s,Each,49p,49p each,,Home
843819,Talking Tables 12 Paper Cups 16oz/455ml,G,false,88,https://ecom-su-static-prod.wtrecom.com/images/products/3/LN_843819_BP_3.jpg,https://www.waitrose.com/ecom/products/talking-tables-12-paper-cups-16oz-455ml/843819-759226-759227,Talking Tables 12 Paper Cups 16oz/455ml,12s,£3.00,25p each,,Home
834152,Essential Paper Bowls 18cm Approx,G,false,89,https://ecom-su-static-prod.wtrecom.com/images/products/3/LN_834152_BP_3.jpg,https://www.waitrose.com/ecom/products/essential-paper-bowls-18cm-approx/834152-722572-722573,Essential Paper Bowls 18cm Approx,15s,£1.75,11.7p each,,Home
781338,Sovereign Blue SK TT,G,false,90,https://ecom-su-static-prod.wtrecom.com/images/products/3/LN_781338_BP_3.jpg,https://www.waitrose.com/ecom/products/sovereign-blue-sk-tt/781338-697112-697113,Sovereign Blue SK TT,20s,£12.75,63.8p each,,Home
064699,Oust Outdoor Scent Aerosol,G,false,91,https://ecom-su-static-prod.wtrecom.com/images/products/3/LN_064699_BP_3.jpg,https://www.waitrose.com/ecom/products/oust-outdoor-scent-aerosol/064699-32832-32833,Oust Outdoor Scent Aerosol,300ml,£2.25,75p/100ml,,Home
832351,Febreze 3Volution Air Freshener Refill Cotton,G,true,92,https://ecom-su-static-prod.wtrecom.com/images/products/3/LN_832351_BP_3.jpg,https://www.waitrose.com/ecom/products/febreze-3volution-air-freshener-refill-cotton/832351-255657-255658,Febreze 3Volution Air Freshener Refill Cotton,20ml,£5.00,£25/100ml,Add 2 for £7,Home
582390,Silk Cut Silver TT 20s,G,false,93,https://ecom-su-static-prod.wtrecom.com/images/products/3/LN_582390_BP_3.jpg,https://www.waitrose.com/ecom/products/silk-cut-silver-tt-20s/582390-696891-696892,Silk Cut Silver TT 20s,20s,£17.30,86.5p each,,Home
798159,Navigator Universal 80gsm 400 Sheet,G,false,94,https://ecom-su-static-prod.wtrecom.com/images/products/3/LN_798159_BP_3.jpg,https://www.waitrose.com/ecom/products/navigator-universal-80gsm-400-sheet/798159-785136-785137,Navigator Universal 80gsm 400 Sheet,400Sheet,£6.50,£1.63/100 sheets,,Home
025885,Waitrose Long Stem Fdn Roses Bright,G,false,95,https://ecom-su-static-prod.wtrecom.com/images/products/3/LN_025885_BP_3.jpg,https://www.waitrose.com/ecom/products/waitrose-long-stem-fdn-roses-bright/025885-12626-12627,Waitrose Long Stem Fdn Roses Bright,each,£8.00,,,Home
089165,Waitrose Long Stem Foundation Roses Pastl,G,false,96,https://ecom-su-static-prod.wtrecom.com/images/products/3/LN_089165_BP_3.jpg,https://www.waitrose.com/ecom/products/waitrose-long-stem-foundation-roses-pastl/089165-45896-45897,Waitrose Long Stem Foundation Roses Pastl,each,£8.00,,,Home
536155,100% Recycled Regular Shopper,G,false,97,https://ecom-su-static-prod.wtrecom.com/images/products/3/LN_536155_BP_3.jpg,https://www.waitrose.com/ecom/products/100-recycled-regular-shopper/536155-771627-771628,100% Recycled Regular Shopper,Each,£1.50,£1.50 each,,Home
573914,Benson & Hedges Sky Blue SK TT 20s,G,false,98,https://ecom-su-static-prod.wtrecom.com/images/products/3/LN_573914_BP_3.jpg,https://www.waitrose.com/ecom/products/benson-hedges-sky-blue-sk-tt-20s/573914-696883-696884,Benson & Hedges Sky Blue SK TT 20s,20s,£13.00,65p each,,Home
033237,Womans Weekly,G,false,99,https://ecom-su-static-prod.wtrecom.com/images/products/3/LN_033237_BP_3.jpg,https://www.waitrose.com/ecom/products/womans-weekly/033237-16459-16460,Womans Weekly,Each,£2.25,,,Home
628744,Glade Sense & Spray Pure Clean Linen,G,true,100,https://ecom-su-static-prod.wtrecom.com/images/products/3/LN_628744_BP_3.jpg,https://www.waitrose.com/ecom/products/glade-sense-spray-pure-clean-linen/628744-736053-736054,Glade Sense & Spray Pure Clean Linen,18ml,£4.00,£222.23/litre,Better Than Half Price. Was £10.00,Home
658379,John Lewis Navy Stripe Bottle Bag,G,false,101,https://ecom-su-static-prod.wtrecom.com/images/products/3/LN_658379_BP_3.jpg,https://www.waitrose.com/ecom/products/john-lewis-navy-stripe-bottle-bag/658379-761287-761288,John Lewis Navy Stripe Bottle Bag,each,£1.50,£1.50 each,,Home
051463,Swan Filter Tips Extra Slim 120s,G,false,102,https://ecom-su-static-prod.wtrecom.com/images/products/3/LN_051463_BP_3.jpg,https://www.waitrose.com/ecom/products/swan-filter-tips-extra-slim-120s/051463-25618-25619,Swan Filter Tips Extra Slim 120s,120s,£1.30,1.1p each,,Home
793734,Febreze Fabric Fresheners Spray Blossoms & Breeze,G,true,103,https://ecom-su-static-prod.wtrecom.com/images/products/3/LN_793734_BP_3.jpg,https://www.waitrose.com/ecom/products/febreze-fabric-fresheners-spray-blossoms-breeze/793734-810798-810799,Febreze Fabric Fresheners Spray Blossoms & Breeze,375ml,£3.50,93.3p/100ml,Add 2 for £5,Home
587819,Balloons Flying Happy Birthday Card,G,false,104,https://ecom-su-static-prod.wtrecom.com/images/products/3/LN_587819_BP_3.jpg,https://www.waitrose.com/ecom/products/balloons-flying-happy-birthday-card/587819-733092-733093,Balloons Flying Happy Birthday Card,1,£2.85,,,Home
861072,John Lewis White Table Cover 118x180cm,G,false,105,https://ecom-su-static-prod.wtrecom.com/images/products/3/LN_861072_BP_3.jpg,https://www.waitrose.com/ecom/products/john-lewis-white-table-cover-118x180cm/861072-747249-747250,John Lewis White Table Cover 118x180cm,each,£3.50,£3.50 each,,Home
686963,Happy Birthday 33cm Napkins,G,false,106,https://ecom-su-static-prod.wtrecom.com/images/products/3/LN_686963_BP_3.jpg,https://www.waitrose.com/ecom/products/happy-birthday-33cm-napkins/686963-771917-771918,Happy Birthday 33cm Napkins,each,£2.00,£2 each,,Home
723790,Chesterfield Red KS,G,false,107,https://ecom-su-static-prod.wtrecom.com/images/products/3/LN_723790_BP_3.jpg,https://www.waitrose.com/ecom/products/chesterfield-red-ks/723790-793144-793145,Chesterfield Red KS,20s,£11.50,57.5p each,,Home
593626,Benson & Hedges SK Green TT 20s,G,false,108,https://ecom-su-static-prod.wtrecom.com/images/products/3/LN_593626_BP_3.jpg,https://www.waitrose.com/ecom/products/benson-hedges-sk-green-tt-20s/593626-729054-729055,Benson & Hedges SK Green TT 20s,20s,£13.00,65p each,,Home
417037,Cricket Lighters,G,false,109,https://ecom-su-static-prod.wtrecom.com/images/products/3/LN_417037_BP_3.jpg,https://www.waitrose.com/ecom/products/cricket-lighters/417037-58679-58680,Cricket Lighters,3s,£1.60,53.3p each,,Home
022189,Observer,G,false,110,https://ecom-su-static-prod.wtrecom.com/images/products/3/LN_022189_BP_3.jpg,https://www.waitrose.com/ecom/products/observer/022189-10808-10809,Observer,Each,£4.00,,,Home
511202,Febreze 3Volution Air Freshener Refill Blossom Breeze,G,true,111,https://ecom-su-static-prod.wtrecom.com/images/products/3/LN_511202_BP_3.jpg,https://www.waitrose.com/ecom/products/febreze-3volution-air-freshener-refill-blossom-breeze/511202-736027-736028,Febreze 3Volution Air Freshener Refill Blossom Breeze,20ml,£5.00,£25/100ml,Add 2 for £7,Home
897644,Happy Birthday to You Greetings Card,G,false,112,https://ecom-su-static-prod.wtrecom.com/images/products/3/LN_897644_BP_3.jpg,https://www.waitrose.com/ecom/products/happy-birthday-to-you-greetings-card/897644-799111-799112,Happy Birthday to You Greetings Card,each,£3.00,,,Home
431482,Price's Open Window Diffuser,G,true,113,https://ecom-su-static-prod.wtrecom.com/images/products/3/LN_431482_BP_3.jpg,https://www.waitrose.com/ecom/products/prices-open-window-diffuser/431482-311120-311121,Price's Open Window Diffuser,100ml,£6.66,£6.66/100ml,Save 1/3. Was £10.00,Home
799079,Lambert & Butler Original Silver KS TT,G,false,114,https://ecom-su-static-prod.wtrecom.com/images/products/3/LN_799079_BP_3.jpg,https://www.waitrose.com/ecom/products/lambert-butler-original-silver-ks-tt/799079-561149-561150,Lambert & Butler Original Silver KS TT,20s,£14.10,70.5p each,,Home
513387,22CM Duni Stripes Multi Paper Plate,G,true,115,https://ecom-su-static-prod.wtrecom.com/images/products/3/LN_513387_BP_3.jpg,https://www.waitrose.com/ecom/products/22cm-duni-stripes-multi-paper-plate/513387-822631-822632,22CM Duni Stripes Multi Paper Plate,10Each,£2.25,22.5p each,25% Off. Was £3.00,Home
875844,Rainbow Cupcake Sparkler,G,false,116,https://ecom-su-static-prod.wtrecom.com/images/products/3/LN_875844_BP_3.jpg,https://www.waitrose.com/ecom/products/rainbow-cupcake-sparkler/875844-800854-800855,Rainbow Cupcake Sparkler,Each,£2.85,,,Home
570747,Glade Aerosol Vanilla,G,true,117,https://ecom-su-static-prod.wtrecom.com/images/products/3/LN_570747_BP_3.jpg,https://www.waitrose.com/ecom/products/glade-aerosol-vanilla/570747-795790-795791,Glade Aerosol Vanilla,300ml,£2.25,75p/100ml,Add 2 for £3,Home
457118,Richmond Green Filter SK TT 20s,G,false,118,https://ecom-su-static-prod.wtrecom.com/images/products/3/LN_457118_BP_3.jpg,https://www.waitrose.com/ecom/products/richmond-green-filter-sk-tt-20s/457118-728924-728925,Richmond Green Filter SK TT 20s,20s,£12.75,63.8p each,,Home
407044,BRITA Maxtra Pro All-in-1 Water Filters,G,false,119,https://ecom-su-static-prod.wtrecom.com/images/products/3/LN_407044_BP_3.jpg,https://www.waitrose.com/ecom/products/brita-maxtra-pro-all-in-1-water-filters/407044-807542-807543,BRITA Maxtra Pro All-in-1 Water Filters,3s,£21.00,£7 each,,Home
084002,Big K Charcoal Briquettes,G,false,120,https://ecom-su-static-prod.wtrecom.com/images/products/3/LN_084002_BP_3.jpg,https://www.waitrose.com/ecom/products/big-k-charcoal-briquettes/084002-42656-42657,Big K Charcoal Briquettes,5kg,£9.50,£1.90/kg,,Home
033231,Hello,G,false,121,https://ecom-su-static-prod.wtrecom.com/images/products/3/LN_033231_BP_3.jpg,https://www.waitrose.com/ecom/products/hello/033231-16451-16452,Hello,Each,£3.40,,,Home
797272,Vogue Bleue TT,G,false,122,https://ecom-su-static-prod.wtrecom.com/images/products/3/LN_797272_BP_3.jpg,https://www.waitrose.com/ecom/products/vogue-bleue-tt/797272-697130-697131,Vogue Bleue TT,20s,£16.90,84.5p each,,Home
752882,GV Original 50g + Papers TT,G,false,123,https://ecom-su-static-prod.wtrecom.com/images/products/3/LN_752882_BP_3.jpg,https://www.waitrose.com/ecom/products/gv-original-50g-papers-tt/752882-561001-561002,GV Original 50g + Papers TT,50g,£38.60,£77.20/100g,,Home
422387,40cm Cream Napkins,G,false,124,https://ecom-su-static-prod.wtrecom.com/images/products/3/LN_422387_BP_3.jpg,https://www.waitrose.com/ecom/products/40cm-cream-napkins/422387-307646-307647,40cm Cream Napkins,1,£3.00,£3 each,,Home
507551,Marlboro Touch KS TT 20s,G,false,125,https://ecom-su-static-prod.wtrecom.com/images/products/3/LN_507551_BP_3.jpg,https://www.waitrose.com/ecom/products/marlboro-touch-ks-tt-20s/507551-707418-707419,Marlboro Touch KS TT 20s,20s,£14.40,72p each,,Home
625604,Embassy Signature Gold TT 20s,G,false,126,https://ecom-su-static-prod.wtrecom.com/images/products/3/LN_625604_BP_3.jpg,https://www.waitrose.com/ecom/products/embassy-signature-gold-tt-20s/625604-535364-535365,Embassy Signature Gold TT 20s,20s,£12.75,63.8p each,,Home
781231,Silk Cut Purple 100s TT,G,false,127,https://ecom-su-static-prod.wtrecom.com/images/products/3/LN_781231_BP_3.jpg,https://www.waitrose.com/ecom/products/silk-cut-purple-100s-tt/781231-697110-697111,Silk Cut Purple 100s TT,20s,£17.30,86.5p each,,Home
033241,Take A Break,G,false,128,https://ecom-su-static-prod.wtrecom.com/images/products/3/LN_033241_BP_3.jpg,https://www.waitrose.com/ecom/products/take-a-break/033241-16463-16464,Take A Break,Each,£1.25,,,Home
560658,Zebra Z-Grip Pack of 3 Black Ballpoint Pen,G,false,129,https://ecom-su-static-prod.wtrecom.com/images/products/3/LN_560658_BP_3.jpg,https://www.waitrose.com/ecom/products/zebra-z-grip-pack-of-3-black-ballpoint-pen/560658-150411-150412,Zebra Z-Grip Pack of 3 Black Ballpoint Pen,3s,£2.75,91.7p each,,Home
070384,Neutradol Odour Destroyer,G,false,130,https://ecom-su-static-prod.wtrecom.com/images/products/3/LN_070384_BP_3.jpg,https://www.waitrose.com/ecom/products/neutradol-odour-destroyer/070384-35642-35643,Neutradol Odour Destroyer,300ml,£1.90,63.3p/100ml,,Home
599001,Febreze Linen Fabric Refresher,G,true,131,https://ecom-su-static-prod.wtrecom.com/images/products/3/LN_599001_BP_3.jpg,https://www.waitrose.com/ecom/products/febreze-linen-fabric-refresher/599001-762404-762405,Febreze Linen Fabric Refresher,375ml,£3.50,93.3p/100ml,Add 2 for £5,Home
565046,If You Care Firelighters,G,false,132,https://ecom-su-static-prod.wtrecom.com/images/products/3/LN_565046_BP_3.jpg,https://www.waitrose.com/ecom/products/if-you-care-firelighters/565046-675717-675718,If You Care Firelighters,28s,£3.50,12.5p each,,Home
575844,Febreze 3Volution Air Freshener Refill Spring,G,true,133,https://ecom-su-static-prod.wtrecom.com/images/products/3/LN_575844_BP_3.jpg,https://www.waitrose.com/ecom/products/febreze-3volution-air-freshener-refill-spring/575844-762386-762387,Febreze 3Volution Air Freshener Refill Spring,20ml,£5.00,£25/100ml,Add 2 for £7,Home
578657,Benson & Hedges Silver KS TT 20s,G,false,134,https://ecom-su-static-prod.wtrecom.com/images/products/3/LN_578657_BP_3.jpg,https://www.waitrose.com/ecom/products/benson-hedges-silver-ks-tt-20s/578657-696889-696890,Benson & Hedges Silver KS TT 20s,20s,£15.80,79p each,,Home
709854,33cm Geo Flowers Red Napkins,G,true,135,https://ecom-su-static-prod.wtrecom.com/images/products/3/LN_709854_BP_3.jpg,https://www.waitrose.com/ecom/products/33cm-geo-flowers-red-napkins/709854-822591-822592,33cm Geo Flowers Red Napkins,20Sheet,£1.50,,25% Off. Was £2.00,Home
719874,Poppell Electronic Lighter,G,false,136,https://ecom-su-static-prod.wtrecom.com/images/products/3/LN_719874_BP_3.jpg,https://www.waitrose.com/ecom/products/poppell-electronic-lighter/719874-102303-102304,Poppell Electronic Lighter,Each,£1.55,£1.55 each,,Home
873236,BRITA Maxtra Pro Limescale Expert Cartridge Refill Pack,G,false,137,https://ecom-su-static-prod.wtrecom.com/images/products/3/LN_873236_BP_3.jpg,https://www.waitrose.com/ecom/products/brita-maxtra-pro-limescale-expert-cartridge-refill-pack/873236-807639-807640,BRITA Maxtra Pro Limescale Expert Cartridge Refill Pack,6s,£40.00,£6.67 each,,Home
870158,Glade Electric Refill Sandalwood & Jasmine,G,false,138,https://ecom-su-static-prod.wtrecom.com/images/products/3/LN_870158_BP_3.jpg,https://www.waitrose.com/ecom/products/glade-electric-refill-sandalwood-jasmine/870158-703621-703622,Glade Electric Refill Sandalwood & Jasmine,20ml,£5.25,£26.25/100ml,,Home
398273,Rizla+ Thin Blue Quality Paper 50s,G,false,139,https://ecom-su-static-prod.wtrecom.com/images/products/3/LN_398273_BP_3.jpg,https://www.waitrose.com/ecom/products/rizla-thin-blue-quality-paper-50s/398273-56002-56003,Rizla+ Thin Blue Quality Paper 50s,50s,49p,1p each,,Home
800214,Air Wick Active Fresh Eucalyptus Room Spray,G,false,140,https://ecom-su-static-prod.wtrecom.com/images/products/3/LN_800214_BP_3.jpg,https://www.waitrose.com/ecom/products/air-wick-active-fresh-eucalyptus-room-spray/800214-795826-795827,Air Wick Active Fresh Eucalyptus Room Spray,236ml,£5.00,£2.12/100ml,,Home
999942,Zebra Z-Grip Pack of 8 Assorted Ballpoint Pen,G,false,141,https://ecom-su-static-prod.wtrecom.com/images/products/3/LN_999942_BP_3.jpg,https://www.waitrose.com/ecom/products/zebra-z-grip-pack-of-8-assorted-ballpoint-pen/999942-827615-827616,Zebra Z-Grip Pack of 8 Assorted Ballpoint Pen,8Each,£4.00,50p each,,Home
998388,Anti Processed Air Fryer Cookbook,G,false,142,https://ecom-su-static-prod.wtrecom.com/images/products/3/LN_998388_BP_3.jpg,https://www.waitrose.com/ecom/products/anti-processed-air-fryer-cookbook/998388-826594-826595,Anti Processed Air Fryer Cookbook,1Each,£13.00,£13 each,,Home
998218,IQOS Iluma One Pebble Grey,G,false,143,https://ecom-su-static-prod.wtrecom.com/images/products/3/LN_998218_BP_3.jpg,https://www.waitrose.com/ecom/products/iqos-iluma-one-pebble-grey/998218-826360-826361,IQOS Iluma One Pebble Grey,1Each,£29.00,£29 each,,Home
997903,Pandas Who Promised,G,false,144,https://ecom-su-static-prod.wtrecom.com/images/products/3/LN_997903_BP_3.jpg,https://www.waitrose.com/ecom/products/pandas-who-promised/997903-826004-826005,Pandas Who Promised,each,£5.99,£5.99 each,,Home
996040,That's Not My Farm,G,false,145,https://ecom-su-static-prod.wtrecom.com/images/products/3/LN_996040_BP_3.jpg,https://www.waitrose.com/ecom/products/thats-not-my-farm/996040-824325-824326,That's Not My Farm,each,£9.99,£9.99 each,,Home
995193,Snopake ReBorn Polyfile Ringbinder Wallet A4 Assorted,G,false,146,https://ecom-su-static-prod.wtrecom.com/images/products/3/LN_995193_BP_3.jpg,https://www.waitrose.com/ecom/products/snopake-reborn-polyfile-ringbinder-wallet-a4-assorted/995193-827607-827608,Snopake ReBorn Polyfile Ringbinder Wallet A4 Assorted,1Each,£3.00,£3 each,,Home
994791,Eco Soul Compostable Bowls 350ml,G,false,147,https://ecom-su-static-prod.wtrecom.com/images/products/3/LN_994791_BP_3.jpg,https://www.waitrose.com/ecom/products/eco-soul-compostable-bowls-350ml/994791-826352-826353,Eco Soul Compostable Bowls 350ml,10Each,£1.75,17.5p each,,Home
991159,The Last Devil to Die,G,false,148,https://ecom-su-static-prod.wtrecom.com/images/products/3/LN_991159_BP_3.jpg,https://www.waitrose.com/ecom/products/the-last-devil-to-die/991159-823468-823469,The Last Devil to Die,each,£6.99,£6.99 each,,Home
987165,Eco Soul Tree Friendly Napkins 30x30cm,G,false,149,https://ecom-su-static-prod.wtrecom.com/images/products/3/LN_987165_BP_3.jpg,https://www.waitrose.com/ecom/products/eco-soul-tree-friendly-napkins-30x30cm/987165-826346-826347,Eco Soul Tree Friendly Napkins 30x30cm,20Each,£2.00,10p each,,Home
985999,ZYN Cool Mint X-Strong Nicotine Pouches 11mg 21s,G,false,150,https://ecom-su-static-prod.wtrecom.com/images/products/3/LN_985999_BP_3.jpg,https://www.waitrose.com/ecom/products/zyn-cool-mint-x-strong-nicotine-pouches-11mg-21s/985999-826344-826345,ZYN Cool Mint X-Strong Nicotine Pouches 11mg 21s,21s,£6.50,31p each,,Home
984749,Eco Soul Compostable PLA Party Cups,G,false,151,https://ecom-su-static-prod.wtrecom.com/images/products/3/LN_984749_BP_3.jpg,https://www.waitrose.com/ecom/products/eco-soul-compostable-pla-party-cups/984749-826342-826343,Eco Soul Compostable PLA Party Cups,10Each,£3.50,35p each,,Home
982947,There's a Wolf in Your Book,G,false,152,https://ecom-su-static-prod.wtrecom.com/images/products/3/LN_982947_BP_3.jpg,https://www.waitrose.com/ecom/products/theres-a-wolf-in-your-book/982947-826002-826003,There's a Wolf in Your Book,1Each,£5.99,£5.99 each,,Home
982742,Veev One Blue Raspberry 1.8% Mint,G,false,153,https://ecom-su-static-prod.wtrecom.com/images/products/3/LN_982742_BP_3.jpg,https://www.waitrose.com/ecom/products/veev-one-blue-raspberry-18-mint/982742-826336-826337,Veev One Blue Raspberry 1.8% Mint,1Each,£4.99,£4.99 each,,Home
982428,Unruly,G,false,154,https://ecom-su-static-prod.wtrecom.com/images/products/3/LN_982428_BP_3.jpg,https://www.waitrose.com/ecom/products/unruly/982428-826000-826001,Unruly,1Each,£6.99,£6.99 each,,Home
982107,ZYN Cool Mint Mini Strong Nicotine Pouches 6mg 20s,G,false,155,https://ecom-su-static-prod.wtrecom.com/images/products/3/LN_982107_BP_3.jpg,https://www.waitrose.com/ecom/products/zyn-cool-mint-mini-strong-nicotine-pouches-6mg-20s/982107-826332-826333,ZYN Cool Mint Mini Strong Nicotine Pouches 6mg 20s,20s,£6.50,32.5p each,,Home
978701,Hey Duggee Duggee's Clubhouse,G,false,156,https://ecom-su-static-prod.wtrecom.com/images/products/3/LN_978701_BP_3.jpg,https://www.waitrose.com/ecom/products/hey-duggee-duggees-clubhouse/978701-824696-824697,Hey Duggee Duggee's Clubhouse,1Each,£5.99,£5.99 each,,Home
978659,After That Night,G,false,157,https://ecom-su-static-prod.wtrecom.com/images/products/3/LN_978659_BP_3.jpg,https://www.waitrose.com/ecom/products/after-that-night/978659-824321-824322,After That Night,1Each,£6.99,£6.99 each,,Home
978656,My Favourite Mistake,G,false,158,https://ecom-su-static-prod.wtrecom.com/images/products/3/LN_978656_BP_3.jpg,https://www.waitrose.com/ecom/products/my-favourite-mistake/978656-824319-824320,My Favourite Mistake,1Each,£18.00,£18 each,,Home
976994,Eco Soul Compostable Wooden Cutlery Set,G,false,159,https://ecom-su-static-prod.wtrecom.com/images/products/3/LN_976994_BP_3.jpg,https://www.waitrose.com/ecom/products/eco-soul-compostable-wooden-cutlery-set/976994-826324-826325,Eco Soul Compostable Wooden Cutlery Set,24Each,£3.00,12.5p each,,Home
973766,That's Not My Shark,G,false,160,https://ecom-su-static-prod.wtrecom.com/images/products/3/LN_973766_BP_3.jpg,https://www.waitrose.com/ecom/products/thats-not-my-shark/973766-825998-825999,That's Not My Shark,1Each,£4.99,£4.99 each,,Home
973145,Bluey What Games Should We Play,G,false,161,https://ecom-su-static-prod.wtrecom.com/images/products/3/LN_973145_BP_3.jpg,https://www.waitrose.com/ecom/products/bluey-what-games-should-we-play/973145-824690-824691,Bluey What Games Should We Play,each,£5.99,£5.99 each,,Home
971329,Slider Sound Books Woof,G,false,162,https://ecom-su-static-prod.wtrecom.com/images/products/3/LN_971329_BP_3.jpg,https://www.waitrose.com/ecom/products/slider-sound-books-woof/971329-825996-825997,Slider Sound Books Woof,1Each,£9.99,£9.99 each,,Home
967450,Snopake ReBorn Polyfile Foolscap A4 Assorted,G,false,163,https://ecom-su-static-prod.wtrecom.com/images/products/3/LN_967450_BP_3.jpg,https://www.waitrose.com/ecom/products/snopake-reborn-polyfile-foolscap-a4-assorted/967450-827579-827580,Snopake ReBorn Polyfile Foolscap A4 Assorted,1Each,£2.50,£2.50 each,,Home
967255,So Good,G,false,164,https://ecom-su-static-prod.wtrecom.com/images/products/3/LN_967255_BP_3.jpg,https://www.waitrose.com/ecom/products/so-good/967255-825994-825995,So Good,each,£20.00,£20 each,,Home
965184,Traitors Gate,G,false,165,https://ecom-su-static-prod.wtrecom.com/images/products/3/LN_965184_BP_3.jpg,https://www.waitrose.com/ecom/products/traitors-gate/965184-826586-826587,Traitors Gate,each,£6.99,£6.99 each,,Home
963731,Maped Pack of 12 Color'peps Oops Pencils,G,false,166,https://ecom-su-static-prod.wtrecom.com/images/products/3/LN_963731_BP_3.jpg,https://www.waitrose.com/ecom/products/maped-pack-of-12-colorpeps-oops-pencils/963731-827575-827576,Maped Pack of 12 Color'peps Oops Pencils,1Each,£2.50,£2.50 each,,Home
961936,The Garnett Girls,G,false,167,https://ecom-su-static-prod.wtrecom.com/images/products/3/LN_961936_BP_3.jpg,https://www.waitrose.com/ecom/products/the-garnett-girls/961936-824315-824316,The Garnett Girls,each,£6.99,£6.99 each,,Home
961780,Chesterfield Red Superking,G,false,168,https://ecom-su-static-prod.wtrecom.com/images/products/3/LN_961780_BP_3.jpg,https://www.waitrose.com/ecom/products/chesterfield-red-superking/961780-826026-826027,Chesterfield Red Superking,1Each,£11.50,£11.50 each,,Home
960917,Billy Connolly Rambling Man,G,false,169,https://ecom-su-static-prod.wtrecom.com/images/products/3/LN_960917_BP_3.jpg,https://www.waitrose.com/ecom/products/billy-connolly-rambling-man/960917-826584-826585,Billy Connolly Rambling Man,1Each,£7.99,£7.99 each,,Home
959669,Yellowface,G,false,170,https://ecom-su-static-prod.wtrecom.com/images/products/3/LN_959669_BP_3.jpg,https://www.waitrose.com/ecom/products/yellowface/959669-825992-825993,Yellowface,each,£6.99,£6.99 each,,Home
957951,Pukka Recycled Kraft Ringbinder A4,G,false,171,https://ecom-su-static-prod.wtrecom.com/images/products/3/LN_957951_BP_3.jpg,https://www.waitrose.com/ecom/products/pukka-recycled-kraft-ringbinder-a4/957951-827565-827566,Pukka Recycled Kraft Ringbinder A4,1 each,£2.50,£2.50 each,,Home
955522,Astrochimp,G,false,172,https://ecom-su-static-prod.wtrecom.com/images/products/3/LN_955522_BP_3.jpg,https://www.waitrose.com/ecom/products/astrochimp/955522-826580-826581,Astrochimp,1Each,£10.99,£10.99 each,,Home
953808,Eco Soul Compostable Plates 15cm,G,false,173,https://ecom-su-static-prod.wtrecom.com/images/products/3/LN_953808_BP_3.jpg,https://www.waitrose.com/ecom/products/eco-soul-compostable-plates-15cm/953808-826286-826287,Eco Soul Compostable Plates 15cm,10Each,£1.75,17.5p each,,Home
952233,Zero Days,G,false,174,https://ecom-su-static-prod.wtrecom.com/images/products/3/LN_952233_BP_3.jpg,https://www.waitrose.com/ecom/products/zero-days/952233-825990-825991,Zero Days,1Each,£6.99,£6.99 each,,Home
950158,Tattooist of Auschwitz,G,false,175,https://ecom-su-static-prod.wtrecom.com/images/products/3/LN_950158_BP_3.jpg,https://www.waitrose.com/ecom/products/tattooist-of-auschwitz/950158-824311-824312,Tattooist of Auschwitz,1Each,£6.99,£6.99 each,,Home
948314,Snopake ReBorn A4 24 Pocket Display Book,G,false,176,https://ecom-su-static-prod.wtrecom.com/images/products/3/LN_948314_BP_3.jpg,https://www.waitrose.com/ecom/products/snopake-reborn-a4-24-pocket-display-book/948314-824035-824036,Snopake ReBorn A4 24 Pocket Display Book,1Each,£6.00,£6 each,,Home
946732,Eco Soul Compostable Sturdy Fiber Straws,G,false,177,https://ecom-su-static-prod.wtrecom.com/images/products/3/LN_946732_BP_3.jpg,https://www.waitrose.com/ecom/products/eco-soul-compostable-sturdy-fiber-straws/946732-826276-826277,Eco Soul Compostable Sturdy Fiber Straws,50Each,£3.00,6p each,,Home
945649,Maped Assorted Rubber Bands 50g,G,false,178,https://ecom-su-static-prod.wtrecom.com/images/products/3/LN_945649_BP_3.jpg,https://www.waitrose.com/ecom/products/maped-assorted-rubber-bands-50g/945649-827551-827552,Maped Assorted Rubber Bands 50g,Each,£1.80,,,Home
943176,ZYN Citrus Mini Strong Nicotine Pouches 6mg 20s,G,false,179,https://ecom-su-static-prod.wtrecom.com/images/products/3/LN_943176_BP_3.jpg,https://www.waitrose.com/ecom/products/zyn-citrus-mini-strong-nicotine-pouches-6mg-20s/943176-826274-826275,ZYN Citrus Mini Strong Nicotine Pouches 6mg 20s,20s,£6.50,32.5p each,,Home
943118,Eco Soul Compostable Plates 25.6cm,G,false,180,https://ecom-su-static-prod.wtrecom.com/images/products/3/LN_943118_BP_3.jpg,https://www.waitrose.com/ecom/products/eco-soul-compostable-plates-256cm/943118-826272-826273,Eco Soul Compostable Plates 25.6cm,10Each,£2.75,27.5p each,,Home
942695,Logan McRae 1 Cold Granite,G,false,181,https://ecom-su-static-prod.wtrecom.com/images/products/3/LN_942695_BP_3.jpg,https://www.waitrose.com/ecom/products/logan-mcrae-1-cold-granite/942695-824307-824308,Logan McRae 1 Cold Granite,1Each,£6.99,£6.99 each,,Home
937627,Lion and Lamb,G,false,182,https://ecom-su-static-prod.wtrecom.com/images/products/3/LN_937627_BP_3.jpg,https://www.waitrose.com/ecom/products/lion-and-lamb/937627-824305-824306,Lion and Lamb,1Each,£6.99,£6.99 each,,Home
935097,Everyone Here is Lying,G,false,183,https://ecom-su-static-prod.wtrecom.com/images/products/3/LN_935097_BP_3.jpg,https://www.waitrose.com/ecom/products/everyone-here-is-lying/935097-824682-824683,Everyone Here is Lying,1Each,£5.99,£5.99 each,,Home
930896,A Game of Lies,G,false,184,https://ecom-su-static-prod.wtrecom.com/images/products/3/LN_930896_BP_3.jpg,https://www.waitrose.com/ecom/products/a-game-of-lies/930896-824678-824679,A Game of Lies,each,£6.99,£6.99 each,,Home
929321,Someone Else's Shoes,G,false,185,https://ecom-su-static-prod.wtrecom.com/images/products/3/LN_929321_BP_3.jpg,https://www.waitrose.com/ecom/products/someone-elses-shoes/929321-824676-824677,Someone Else's Shoes,each,£6.99,£6.99 each,,Home
927976,The Girl In The Eagle's Talons,G,false,186,https://ecom-su-static-prod.wtrecom.com/images/products/3/LN_927976_BP_3.jpg,https://www.waitrose.com/ecom/products/the-girl-in-the-eagles-talons/927976-824301-824302,The Girl In The Eagle's Talons,1Each,£6.99,£6.99 each,,Home
923183,Veev One Blueberry 1.8% MNT,G,false,187,https://ecom-su-static-prod.wtrecom.com/images/products/3/LN_923183_BP_3.jpg,https://www.waitrose.com/ecom/products/veev-one-blueberry-18-mnt/923183-826254-826255,Veev One Blueberry 1.8% MNT,1Each,£4.99,£4.99 each,,Home
920601,Brian The Lion Who Learned,G,false,188,https://ecom-su-static-prod.wtrecom.com/images/products/3/LN_920601_BP_3.jpg,https://www.waitrose.com/ecom/products/brian-the-lion-who-learned/920601-824670-824671,Brian The Lion Who Learned,1Each,£5.99,£5.99 each,,Home
918260,Nu: Mail Pack of 3 Medium Padded Envelopes,G,false,189,https://ecom-su-static-prod.wtrecom.com/images/products/3/LN_918260_BP_3.jpg,https://www.waitrose.com/ecom/products/nu-mail-pack-of-3-medium-padded-envelopes/918260-827523-827524,Nu: Mail Pack of 3 Medium Padded Envelopes,3x1Each,£2.75,91.7p each,,Home
916972,Eco Soul Compostable Hot Cups,G,false,190,https://ecom-su-static-prod.wtrecom.com/images/products/3/LN_916972_BP_3.jpg,https://www.waitrose.com/ecom/products/eco-soul-compostable-hot-cups/916972-826250-826251,Eco Soul Compostable Hot Cups,10Each,£3.50,35p each,,Home
915214,10 Mins to Bed Where's Little Dinosaur,G,false,191,https://ecom-su-static-prod.wtrecom.com/images/products/3/LN_915214_BP_3.jpg,https://www.waitrose.com/ecom/products/10-mins-to-bed-wheres-little-dinosaur/915214-824299-824300,10 Mins to Bed Where's Little Dinosaur,1Each,£5.99,£5.99 each,,Home
911828,Where's Mog?,G,false,192,https://ecom-su-static-prod.wtrecom.com/images/products/3/LN_911828_BP_3.jpg,https://www.waitrose.com/ecom/products/wheres-mog/911828-825984-825985,Where's Mog?,1Each,£5.99,£5.99 each,,Home
905516,Pukka Recycled Black Lever Arch A4,G,false,193,https://ecom-su-static-prod.wtrecom.com/images/products/3/LN_905516_BP_3.jpg,https://www.waitrose.com/ecom/products/pukka-recycled-black-lever-arch-a4/905516-827499-827500,Pukka Recycled Black Lever Arch A4,1 each,£3.50,£3.50 each,,Home
903855,Hey Duggee: Duggee's Jigsaw Book,G,false,194,https://ecom-su-static-prod.wtrecom.com/images/products/3/LN_903855_BP_3.jpg,https://www.waitrose.com/ecom/products/hey-duggee-duggees-jigsaw-book/903855-826568-826569,Hey Duggee: Duggee's Jigsaw Book,1Each,£5.99,£5.99 each,,Home
902370,Veev One Strawberry 1.8% MNT,G,false,195,https://ecom-su-static-prod.wtrecom.com/images/products/3/LN_902370_BP_3.jpg,https://www.waitrose.com/ecom/products/veev-one-strawberry-18-mnt/902370-826226-826227,Veev One Strawberry 1.8% MNT,1Each,£4.99,£4.99 each,,Home
900833,Rachel Ellen Magical Fairyland Sticker Scene,G,false,196,https://ecom-su-static-prod.wtrecom.com/images/products/3/LN_900833_BP_3.jpg,https://www.waitrose.com/ecom/products/rachel-ellen-magical-fairyland-sticker-scene/900833-825604-825605,Rachel Ellen Magical Fairyland Sticker Scene,each,£6.00,£6 each,,Home
900768,Helix Oxford Clear Folding Ruler 30cm,G,false,197,https://ecom-su-static-prod.wtrecom.com/images/products/3/LN_900768_BP_3.jpg,https://www.waitrose.com/ecom/products/helix-oxford-clear-folding-ruler-30cm/900768-827495-827496,Helix Oxford Clear Folding Ruler 30cm,1Each,£2.50,£2.50 each,,Home
899995,John Lewis Birds & Bugs Tea Towel,G,false,198,https://ecom-su-static-prod.wtrecom.com/images/products/3/LN_899995_BP_3.jpg,https://www.waitrose.com/ecom/products/john-lewis-birds-bugs-tea-towel/899995-816416-816417,John Lewis Birds & Bugs Tea Towel,each,£5.00,£5 each,,Home
899984,John Lewis Terry Waffle Grey Tea Towel,G,false,199,https://ecom-su-static-prod.wtrecom.com/images/products/3/LN_899984_BP_3.jpg,https://www.waitrose.com/ecom/products/john-lewis-terry-waffle-grey-tea-towel/899984-801604-801605,John Lewis Terry Waffle Grey Tea Towel,each,£6.00,£6 each,,Home
899358,Waitrose Garden Copper Snail Barrier Tape,G,false,200,https://ecom-su-static-prod.wtrecom.com/images/products/3/LN_899358_BP_3.jpg,https://www.waitrose.com/ecom/products/waitrose-garden-copper-snail-barrier-tape/899358-408158-408159,Waitrose Garden Copper Snail Barrier Tape,Each,£4.00,£4 each,,Home
898860,ClearAnt Control Granules 300G,G,false,201,https://ecom-su-static-prod.wtrecom.com/images/products/3/LN_898860_BP_3.jpg,https://www.waitrose.com/ecom/products/clearant-control-granules-300g/898860-816510-816511,ClearAnt Control Granules 300G,300g,£7.50,,,Home
898683,Next Adventure,G,false,202,https://ecom-su-static-prod.wtrecom.com/images/products/3/LN_898683_BP_3.jpg,https://www.waitrose.com/ecom/products/next-adventure/898683-775336-775337,Next Adventure,1,£3.00,,,Home
898442,B&H Blue RYO,G,false,203,https://ecom-su-static-prod.wtrecom.com/images/products/3/LN_898442_BP_3.jpg,https://www.waitrose.com/ecom/products/bh-blue-ryo/898442-793200-793201,B&H Blue RYO,50g,£31.25,£62.50/100g,,Home
896592,Korbond 36 Gilt Safety Pins,G,false,204,https://ecom-su-static-prod.wtrecom.com/images/products/3/LN_896592_BP_3.jpg,https://www.waitrose.com/ecom/products/korbond-36-gilt-safety-pins/896592-588959-588960,Korbond 36 Gilt Safety Pins,36s,£2.00,5.6p each,,Home
896204,JPS Players Rolling Tobacco,G,false,205,https://ecom-su-static-prod.wtrecom.com/images/products/3/LN_896204_BP_3.jpg,https://www.waitrose.com/ecom/products/jps-players-rolling-tobacco/896204-757829-757830,JPS Players Rolling Tobacco,30g,£19.20,£64/100g,,Home
895788,Anyday Caramel Leaf Mug,G,false,206,https://ecom-su-static-prod.wtrecom.com/images/products/3/LN_895788_BP_3.jpg,https://www.waitrose.com/ecom/products/anyday-caramel-leaf-mug/895788-810016-810017,Anyday Caramel Leaf Mug,each,£3.50,£3.50 each,,Home
895778,Zebra Z-Grip Pack of 3 Blue Ballpoint Pen,G,false,207,https://ecom-su-static-prod.wtrecom.com/images/products/3/LN_895778_BP_3.jpg,https://www.waitrose.com/ecom/products/zebra-z-grip-pack-of-3-blue-ballpoint-pen/895778-150935-150936,Zebra Z-Grip Pack of 3 Blue Ballpoint Pen,3s,£2.75,91.7p each,,Home
895754,Hearts Bag Small,G,false,208,https://ecom-su-static-prod.wtrecom.com/images/products/3/LN_895754_BP_3.jpg,https://www.waitrose.com/ecom/products/hearts-bag-small/895754-817868-817869,Hearts Bag Small,each,£3.00,£3 each,,Home
894954,Korbond Hemming Web 10m,G,false,209,https://ecom-su-static-prod.wtrecom.com/images/products/3/LN_894954_BP_3.jpg,https://www.waitrose.com/ecom/products/korbond-hemming-web-10m/894954-569926-569927,Korbond Hemming Web 10m,Each,£2.00,£2 each,,Home
893781,Waitrose Spring Floral Small Bag,G,false,210,https://ecom-su-static-prod.wtrecom.com/images/products/3/LN_893781_BP_3.jpg,https://www.waitrose.com/ecom/products/waitrose-spring-floral-small-bag/893781-752066-752067,Waitrose Spring Floral Small Bag,each,£2.00,£2 each,,Home
892994,Waitrose Bee Friendly Bulbs,G,false,211,https://ecom-su-static-prod.wtrecom.com/images/products/3/LN_892994_BP_3.jpg,https://www.waitrose.com/ecom/products/waitrose-bee-friendly-bulbs/892994-296041-296042,Waitrose Bee Friendly Bulbs,35s,£7.00,,,Home
892765,AromaWorks Diffuser Basil & Orange,G,true,212,https://ecom-su-static-prod.wtrecom.com/images/products/3/LN_892765_BP_3.jpg,https://www.waitrose.com/ecom/products/aromaworks-diffuser-basil-orange/892765-394741-394742,AromaWorks Diffuser Basil & Orange,100ml,£8.00,£8/100ml,20% Off. Was £10.00,Home
892427,JL Mango Round Board,G,false,213,https://ecom-su-static-prod.wtrecom.com/images/products/3/LN_892427_BP_3.jpg,https://www.waitrose.com/ecom/products/jl-mango-round-board/892427-776548-776549,JL Mango Round Board,each,£17.00,£17 each,,Home
892157,Waitrose Wine Bottle Stopper,G,false,214,https://ecom-su-static-prod.wtrecom.com/images/products/3/LN_892157_BP_3.jpg,https://www.waitrose.com/ecom/products/waitrose-wine-bottle-stopper/892157-625416-625417,Waitrose Wine Bottle Stopper,each,£3.50,£3.50 each,,Home
891450,Waitrose Barista Americano Mug,G,false,215,https://ecom-su-static-prod.wtrecom.com/images/products/3/LN_891450_BP_3.jpg,https://www.waitrose.com/ecom/products/waitrose-barista-americano-mug/891450-661041-661042,Waitrose Barista Americano Mug,,£6.00,£6 each,,Home
891149,AromaWorks Diffuser Elemi & Bergamot,G,true,216,https://ecom-su-static-prod.wtrecom.com/images/products/3/LN_891149_BP_3.jpg,https://www.waitrose.com/ecom/products/aromaworks-diffuser-elemi-bergamot/891149-523354-523355,AromaWorks Diffuser Elemi & Bergamot,100ml,£8.00,£8/100ml,20% Off. Was £10.00,Home
890073,Vuse Pro Black Device,G,false,217,https://ecom-su-static-prod.wtrecom.com/images/products/3/LN_890073_BP_3.jpg,https://www.waitrose.com/ecom/products/vuse-pro-black-device/890073-757827-757828,Vuse Pro Black Device,Each,£4.99,£4.99 each,,Home
889478,John Lewis Cream Paper Plates,G,false,218,https://ecom-su-static-prod.wtrecom.com/images/products/3/LN_889478_BP_3.jpg,https://www.waitrose.com/ecom/products/john-lewis-cream-paper-plates/889478-722716-722717,John Lewis Cream Paper Plates,8s,£2.25,28.1p each,,Home
888225,Anyday 2-Slice Toaster Brushed Silver,G,false,219,https://ecom-su-static-prod.wtrecom.com/images/products/3/LN_888225_BP_3.jpg,https://www.waitrose.com/ecom/products/anyday-2-slice-toaster-brushed-silver/888225-710781-710782,Anyday 2-Slice Toaster Brushed Silver,each,£25.00,£25 each,,Home
888139,Talking Tables Rose Balloons Pinks 16pk,G,false,220,https://ecom-su-static-prod.wtrecom.com/images/products/3/LN_888139_BP_3.jpg,https://www.waitrose.com/ecom/products/talking-tables-rose-balloons-pinks-16pk/888139-765970-765971,Talking Tables Rose Balloons Pinks 16pk,16s,£6.50,40.6p each,,Home
886686,John Lewis Fine Grater,G,false,221,https://ecom-su-static-prod.wtrecom.com/images/products/3/LN_886686_BP_3.jpg,https://www.waitrose.com/ecom/products/john-lewis-fine-grater/886686-679071-679072,John Lewis Fine Grater,each,£6.00,£6 each,,Home
886560,Loctite All Purpose Extra Strong Glue,G,false,222,https://ecom-su-static-prod.wtrecom.com/images/products/3/LN_886560_BP_3.jpg,https://www.waitrose.com/ecom/products/loctite-all-purpose-extra-strong-glue/886560-435151-435152,Loctite All Purpose Extra Strong Glue,each,£3.00,£3 each,,Home
886538,Dewdrop Window Feeder,G,false,223,https://ecom-su-static-prod.wtrecom.com/images/products/3/LN_886538_BP_3.jpg,https://www.waitrose.com/ecom/products/dewdrop-window-feeder/886538-772403-772404,Dewdrop Window Feeder,Each,£14.99,£14.99 each,,Home
886404,JL Core Jasmine Diffuser,G,false,224,https://ecom-su-static-prod.wtrecom.com/images/products/3/LN_886404_BP_3.jpg,https://www.waitrose.com/ecom/products/jl-core-jasmine-diffuser/886404-797984-797985,JL Core Jasmine Diffuser,each,£13.00,£13 each,,Home
886396,Anyday Mila Classic Tumbler,G,false,225,https://ecom-su-static-prod.wtrecom.com/images/products/3/LN_886396_BP_3.jpg,https://www.waitrose.com/ecom/products/anyday-mila-classic-tumbler/886396-817862-817863,Anyday Mila Classic Tumbler,each,£3.75,£3.75 each,,Home
886360,Tinc Green Fuzzy Guy Pen,G,false,226,https://ecom-su-static-prod.wtrecom.com/images/products/3/LN_886360_BP_3.jpg,https://www.waitrose.com/ecom/products/tinc-green-fuzzy-guy-pen/886360-809368-809369,Tinc Green Fuzzy Guy Pen,each,£3.00,£3 each,,Home
885948,John Lewis Lisbon Dinner Plate,G,true,227,https://ecom-su-static-prod.wtrecom.com/images/products/3/LN_885948_BP_3.jpg,https://www.waitrose.com/ecom/products/john-lewis-lisbon-dinner-plate/885948-821921-821922,John Lewis Lisbon Dinner Plate,each,£12.00,£12 each,Save 1/3. Was £18.00,Home
884581,Flowery,G,false,228,https://ecom-su-static-prod.wtrecom.com/images/products/3/LN_884581_BP_3.jpg,https://www.waitrose.com/ecom/products/flowery/884581-735418-735419,Flowery,1,£3.00,,,Home
883789,HOUSE & GARDEN PT,G,false,229,https://ecom-su-static-prod.wtrecom.com/images/products/3/LN_883789_BP_3.jpg,https://www.waitrose.com/ecom/products/house-garden-pt/883789-794064-794065,HOUSE & GARDEN PT,1 each,£5.99,,,Home
883584,Bow & Tag Gold,G,false,230,https://ecom-su-static-prod.wtrecom.com/images/products/3/LN_883584_BP_3.jpg,https://www.waitrose.com/ecom/products/bow-tag-gold/883584-817852-817853,Bow & Tag Gold,each,£3.50,£3.50 each,,Home
883028,Sterling RYO TT,G,false,231,https://ecom-su-static-prod.wtrecom.com/images/products/3/LN_883028_BP_3.jpg,https://www.waitrose.com/ecom/products/sterling-ryo-tt/883028-697334-697335,Sterling RYO TT,30g,£19.95,£66.50/100g,,Home
883010,450ml Sandwich Ocean Bound Plastic,G,false,232,https://ecom-su-static-prod.wtrecom.com/images/products/3/LN_883010_BP_3.jpg,https://www.waitrose.com/ecom/products/450ml-sandwich-ocean-bound-plastic/883010-794098-794099,450ml Sandwich Ocean Bound Plastic,each,£5.00,£5 each,,Home
882877,Balloon Gfitwrap 3M,G,false,233,https://ecom-su-static-prod.wtrecom.com/images/products/3/LN_882877_BP_3.jpg,https://www.waitrose.com/ecom/products/balloon-gfitwrap-3m/882877-795684-795685,Balloon Gfitwrap 3M,each,£3.00,£3 each,,Home
882222,Signature Blue Cigars,G,false,234,https://ecom-su-static-prod.wtrecom.com/images/products/3/LN_882222_BP_3.jpg,https://www.waitrose.com/ecom/products/signature-blue-cigars/882222-535795-535796,Signature Blue Cigars,10s,£8.30,83p each,,Home
881836,GEO COCKTAIL NAPKIN 25CM 20PK,G,true,235,https://ecom-su-static-prod.wtrecom.com/images/products/3/LN_881836_BP_3.jpg,https://www.waitrose.com/ecom/products/geo-cocktail-napkin-25cm-20pk/881836-817435-817436,GEO COCKTAIL NAPKIN 25CM 20PK,20s,£1.12,,25% Off. Was £1.50,Home
881444,Velo Ice Cool Pouches 10mg 20s,G,false,236,https://ecom-su-static-prod.wtrecom.com/images/products/3/LN_881444_BP_3.jpg,https://www.waitrose.com/ecom/products/velo-ice-cool-pouches-10mg-20s/881444-757825-757826,Velo Ice Cool Pouches 10mg 20s,Each,£7.00,£7 each,,Home
881427,Vuse ePod Pods Chilled Mint 18mg 2s,G,false,237,https://ecom-su-static-prod.wtrecom.com/images/products/3/LN_881427_BP_3.jpg,https://www.waitrose.com/ecom/products/vuse-epod-pods-chilled-mint-18mg-2s/881427-757823-757824,Vuse ePod Pods Chilled Mint 18mg 2s,18mg,£7.00,,,Home
881343,Blank Greetings Card - Hip Replacement,G,false,238,https://ecom-su-static-prod.wtrecom.com/images/products/3/LN_881343_BP_3.jpg,https://www.waitrose.com/ecom/products/blank-greetings-card-hip-replacement/881343-775266-775267,Blank Greetings Card - Hip Replacement,1,£2.50,,,Home
880693,Happy Birthday Kraft Medium,G,false,239,https://ecom-su-static-prod.wtrecom.com/images/products/3/LN_880693_BP_3.jpg,https://www.waitrose.com/ecom/products/happy-birthday-kraft-medium/880693-817846-817847,Happy Birthday Kraft Medium,each,£3.00,,,Home
880295,Entertain Flute x 4,G,false,240,https://ecom-su-static-prod.wtrecom.com/images/products/3/LN_880295_BP_3.jpg,https://www.waitrose.com/ecom/products/entertain-flute-x-4/880295-809986-809987,Entertain Flute x 4,4s,£30.00,£7.50 each,,Home
879072,AWorks Vitality Diffuser,G,true,241,https://ecom-su-static-prod.wtrecom.com/images/products/3/LN_879072_BP_3.jpg,https://www.waitrose.com/ecom/products/aworks-vitality-diffuser/879072-723112-723113,AWorks Vitality Diffuser,Each,£8.00,£8 each,20% Off. Was £10.00,Home
879055,John Lewis Grill Topper,G,false,242,https://ecom-su-static-prod.wtrecom.com/images/products/3/LN_879055_BP_3.jpg,https://www.waitrose.com/ecom/products/john-lewis-grill-topper/879055-680738-680739,John Lewis Grill Topper,each,£15.99,£15.99 each,,Home
877805,Table Fun Sparklers Number 4,G,false,243,https://ecom-su-static-prod.wtrecom.com/images/products/3/LN_877805_BP_3.jpg,https://www.waitrose.com/ecom/products/table-fun-sparklers-number-4/877805-757799-757800,Table Fun Sparklers Number 4,Each,£1.60,£1.60 each,,Home
876771,Champagne Diet,G,false,244,https://ecom-su-static-prod.wtrecom.com/images/products/3/LN_876771_BP_3.jpg,https://www.waitrose.com/ecom/products/champagne-diet/876771-755257-755258,Champagne Diet,1,£2.85,,,Home
876660,1ltr Square Bottle Ocean Bound Plastic,G,false,245,https://ecom-su-static-prod.wtrecom.com/images/products/3/LN_876660_BP_3.jpg,https://www.waitrose.com/ecom/products/1ltr-square-bottle-ocean-bound-plastic/876660-783142-783143,1ltr Square Bottle Ocean Bound Plastic,each,£8.00,£8 each,,Home
876228,Platinum,G,false,246,https://ecom-su-static-prod.wtrecom.com/images/products/3/LN_876228_BP_3.jpg,https://www.waitrose.com/ecom/products/platinum/876228-706807-706808,Platinum,Each,£5.50,,,Home
875904,Benson & Hedges New Dual TT,G,false,247,https://ecom-su-static-prod.wtrecom.com/images/products/3/LN_875904_BP_3.jpg,https://www.waitrose.com/ecom/products/benson-hedges-new-dual-tt/875904-729452-729453,Benson & Hedges New Dual TT,20s,£15.30,76.5p each,,Home
875104,Waitrose Compost Bin,G,false,248,https://ecom-su-static-prod.wtrecom.com/images/products/3/LN_875104_BP_3.jpg,https://www.waitrose.com/ecom/products/waitrose-compost-bin/875104-772367-772368,Waitrose Compost Bin,Each,£15.50,£15.50 each,,Home
874893,Sharpie Pack of 2 Black Permanent Marker,G,false,249,https://ecom-su-static-prod.wtrecom.com/images/products/3/LN_874893_BP_3.jpg,https://www.waitrose.com/ecom/products/sharpie-pack-of-2-black-permanent-marker/874893-593975-593976,Sharpie Pack of 2 Black Permanent Marker,2s,£4.10,£2.05 each,,Home
874713,Korbond Grey Hemming Web 6m,G,false,250,https://ecom-su-static-prod.wtrecom.com/images/products/3/LN_874713_BP_3.jpg,https://www.waitrose.com/ecom/products/korbond-grey-hemming-web-6m/874713-569810-569811,Korbond Grey Hemming Web 6m,Each,£3.00,£3 each,,Home
874473,Pall Mall Flow Red KS TT,G,false,251,https://ecom-su-static-prod.wtrecom.com/images/products/3/LN_874473_BP_3.jpg,https://www.waitrose.com/ecom/products/pall-mall-flow-red-ks-tt/874473-729444-729445,Pall Mall Flow Red KS TT,20s,£13.60,68p each,,Home
874409,JL Core Lavender Diffuser Refill,G,false,252,https://ecom-su-static-prod.wtrecom.com/images/products/3/LN_874409_BP_3.jpg,https://www.waitrose.com/ecom/products/jl-core-lavender-diffuser-refill/874409-760280-760281,JL Core Lavender Diffuser Refill,each,£13.00,£13 each,,Home
874395,Stackable Coloured Bowls,G,true,253,https://ecom-su-static-prod.wtrecom.com/images/products/3/LN_874395_BP_3.jpg,https://www.waitrose.com/ecom/products/stackable-coloured-bowls/874395-821911-821912,Stackable Coloured Bowls,4s,£12.00,£3 each,Save 1/3. Was £12.00,Home
874244,John Lewis Handheld Fan 4'' Yellow,G,false,254,https://ecom-su-static-prod.wtrecom.com/images/products/3/LN_874244_BP_3.jpg,https://www.waitrose.com/ecom/products/john-lewis-handheld-fan-4-yellow/874244-823228-823229,John Lewis Handheld Fan 4'' Yellow,each,£12.00,£12 each,,Home
873576,Eleanor Bowmer Make it Happen Rainbow Notebook A5,G,false,255,https://ecom-su-static-prod.wtrecom.com/images/products/3/LN_873576_BP_3.jpg,https://www.waitrose.com/ecom/products/eleanor-bowmer-make-it-happen-rainbow-notebook-a5/873576-816254-816255,Eleanor Bowmer Make it Happen Rainbow Notebook A5,282g,£6.50,,,Home
873442,Rizla+ Flavour Infusion Menthol,G,false,256,https://ecom-su-static-prod.wtrecom.com/images/products/3/LN_873442_BP_3.jpg,https://www.waitrose.com/ecom/products/rizla-flavour-infusion-menthol/873442-726666-726667,Rizla+ Flavour Infusion Menthol,Each,49p,49p each,,Home
873297,Embassy Signature Silver TT,G,false,257,https://ecom-su-static-prod.wtrecom.com/images/products/3/LN_873297_BP_3.jpg,https://www.waitrose.com/ecom/products/embassy-signature-silver-tt/873297-697316-697317,Embassy Signature Silver TT,20s,£12.75,63.8p each,,Home
872836,Silk Cut Purple 100 Multipack TT,G,false,258,https://ecom-su-static-prod.wtrecom.com/images/products/3/LN_872836_BP_3.jpg,https://www.waitrose.com/ecom/products/silk-cut-purple-100-multipack-tt/872836-697314-697315,Silk Cut Purple 100 Multipack TT,100s,£86.00,86p each,,Home
872054,Gold Leaf JPS Quality Blend TT,G,false,259,https://ecom-su-static-prod.wtrecom.com/images/products/3/LN_872054_BP_3.jpg,https://www.waitrose.com/ecom/products/gold-leaf-jps-quality-blend-tt/872054-561515-561516,Gold Leaf JPS Quality Blend TT,50g,£33.10,£66.20/100g,,Home
871368,Welcome to the World Greetings Card,G,false,260,https://ecom-su-static-prod.wtrecom.com/images/products/3/LN_871368_BP_3.jpg,https://www.waitrose.com/ecom/products/welcome-to-the-world-greetings-card/871368-777586-777587,Welcome to the World Greetings Card,1,£2.85,,,Home
870851,Nordic Spirit Spearmint Strong 9mg 20s,G,false,261,https://ecom-su-static-prod.wtrecom.com/images/products/3/LN_870851_BP_3.jpg,https://www.waitrose.com/ecom/products/nordic-spirit-spearmint-strong-9mg-20s/870851-803916-803917,Nordic Spirit Spearmint Strong 9mg 20s,20s,£5.00,25p each,,Home
870584,Talking Tables Pastel Balloons 16pk,G,false,262,https://ecom-su-static-prod.wtrecom.com/images/products/3/LN_870584_BP_3.jpg,https://www.waitrose.com/ecom/products/talking-tables-pastel-balloons-16pk/870584-765768-765769,Talking Tables Pastel Balloons 16pk,16s,£6.00,37.5p each,,Home
870552,Table Fun Sparklers Number 5,G,false,263,https://ecom-su-static-prod.wtrecom.com/images/products/3/LN_870552_BP_3.jpg,https://www.waitrose.com/ecom/products/table-fun-sparklers-number-5/870552-757797-757798,Table Fun Sparklers Number 5,Each,£2.00,£2 each,,Home
870432,Air Wick 24/7 Refill Eucalyptus,G,false,264,https://ecom-su-static-prod.wtrecom.com/images/products/3/LN_870432_BP_3.jpg,https://www.waitrose.com/ecom/products/air-wick-24-7-refill-eucalyptus/870432-795854-795855,Air Wick 24/7 Refill Eucalyptus,228ml,£7.00,£3.08/100ml,,Home
870226,Air Wick 24/7 Autospray Kit Cotton,G,false,265,https://ecom-su-static-prod.wtrecom.com/images/products/3/LN_870226_BP_3.jpg,https://www.waitrose.com/ecom/products/air-wick-24-7-autospray-kit-cotton/870226-795852-795853,Air Wick 24/7 Autospray Kit Cotton,228ml,£16.00,£7.02/100ml,,Home
869419,Lambert & Butler Real Blue TT,G,false,266,https://ecom-su-static-prod.wtrecom.com/images/products/3/LN_869419_BP_3.jpg,https://www.waitrose.com/ecom/products/lambert-butler-real-blue-tt/869419-561497-561498,Lambert & Butler Real Blue TT,20s,£13.50,67.5p each,,Home
869016,Loctite Pack of 3 Power Gel Super Glue 3x1g,G,false,267,https://ecom-su-static-prod.wtrecom.com/images/products/3/LN_869016_BP_3.jpg,https://www.waitrose.com/ecom/products/loctite-pack-of-3-power-gel-super-glue-3x1g/869016-665754-665755,Loctite Pack of 3 Power Gel Super Glue 3x1g,each,£4.00,£4 each,,Home
868679,Gold Block Pipe Tobacco Pouch,G,false,268,https://ecom-su-static-prod.wtrecom.com/images/products/3/LN_868679_BP_3.jpg,https://www.waitrose.com/ecom/products/gold-block-pipe-tobacco-pouch/868679-547178-547179,Gold Block Pipe Tobacco Pouch,40g,£18.95,£47.38/100g,,Home
868434,Marlboro Silver Blue KS TT,G,false,269,https://ecom-su-static-prod.wtrecom.com/images/products/3/LN_868434_BP_3.jpg,https://www.waitrose.com/ecom/products/marlboro-silver-blue-ks-tt/868434-707706-707707,Marlboro Silver Blue KS TT,20s,£16.20,81p each,,Home
868414,Anyday Rib Mug White,G,false,270,https://ecom-su-static-prod.wtrecom.com/images/products/3/LN_868414_BP_3.jpg,https://www.waitrose.com/ecom/products/anyday-rib-mug-white/868414-797882-797883,Anyday Rib Mug White,each,£2.25,£2.25 each,,Home
868290,SPECTATOR,G,false,271,https://ecom-su-static-prod.wtrecom.com/images/products/3/LN_868290_BP_3.jpg,https://www.waitrose.com/ecom/products/spectator/868290-811190-811191,SPECTATOR,1 each,£5.95,,,Home
868278,BRITA Maxtra Pro Style Cool Grey Water Filter Jug,G,false,272,https://ecom-su-static-prod.wtrecom.com/images/products/3/LN_868278_BP_3.jpg,https://www.waitrose.com/ecom/products/brita-maxtra-pro-style-cool-grey-water-filter-jug/868278-807637-807638,BRITA Maxtra Pro Style Cool Grey Water Filter Jug,each,£33.00,£33 each,,Home
867889,Waitrose Pride Bag,G,false,273,https://ecom-su-static-prod.wtrecom.com/images/products/3/LN_867889_BP_3.jpg,https://www.waitrose.com/ecom/products/waitrose-pride-bag/867889-803422-803423,Waitrose Pride Bag,each,£6.00,£6 each,,Home
867429,Tinc Kronk Multi Click Pen,G,false,274,https://ecom-su-static-prod.wtrecom.com/images/products/3/LN_867429_BP_3.jpg,https://www.waitrose.com/ecom/products/tinc-kronk-multi-click-pen/867429-791651-791652,Tinc Kronk Multi Click Pen,each,£3.50,£3.50 each,,Home
867367,Breathe,G,false,275,https://ecom-su-static-prod.wtrecom.com/images/products/3/LN_867367_BP_3.jpg,https://www.waitrose.com/ecom/products/breathe/867367-515660-515661,Breathe,Each,£6.99,,,Home
865217,Tala Measuring Spoons,G,false,276,https://ecom-su-static-prod.wtrecom.com/images/products/3/LN_865217_BP_3.jpg,https://www.waitrose.com/ecom/products/tala-measuring-spoons/865217-809954-809955,Tala Measuring Spoons,each,£8.00,£8 each,,Home
864918,Sterling Double Wraped Dual Berry,G,false,277,https://ecom-su-static-prod.wtrecom.com/images/products/3/LN_864918_BP_3.jpg,https://www.waitrose.com/ecom/products/sterling-double-wraped-dual-berry/864918-803912-803913,Sterling Double Wraped Dual Berry,10s,£6.75,67.5p each,,Home
864808,Drinks Birthday Greetings Card,G,false,278,https://ecom-su-static-prod.wtrecom.com/images/products/3/LN_864808_BP_3.jpg,https://www.waitrose.com/ecom/products/drinks-birthday-greetings-card/864808-799091-799092,Drinks Birthday Greetings Card,each,£3.75,,,Home
864722,Tinc Set of 4 Sport Erasers,G,false,279,https://ecom-su-static-prod.wtrecom.com/images/products/3/LN_864722_BP_3.jpg,https://www.waitrose.com/ecom/products/tinc-set-of-4-sport-erasers/864722-813826-813827,Tinc Set of 4 Sport Erasers,4s,£3.50,87.5p each,,Home
864301,Hot Cold Water Bottle Hugga,G,false,280,https://ecom-su-static-prod.wtrecom.com/images/products/3/LN_864301_BP_3.jpg,https://www.waitrose.com/ecom/products/hot-cold-water-bottle-hugga/864301-823867-823868,Hot Cold Water Bottle Hugga,each,£15.00,£15 each,,Home
863140,Weedol Rapid Weed Control,G,false,281,https://ecom-su-static-prod.wtrecom.com/images/products/3/LN_863140_BP_3.jpg,https://www.waitrose.com/ecom/products/weedol-rapid-weed-control/863140-794434-794435,Weedol Rapid Weed Control,1litre,£7.00,70p/100ml,,Home
862380,John Lewis 500ml Cliptop Jar,G,false,282,https://ecom-su-static-prod.wtrecom.com/images/products/3/LN_862380_BP_3.jpg,https://www.waitrose.com/ecom/products/john-lewis-500ml-cliptop-jar/862380-801562-801563,John Lewis 500ml Cliptop Jar,each,£4.00,£4 each,,Home
861157,JL Studio Gin Copa Glasses x 4,G,false,283,https://ecom-su-static-prod.wtrecom.com/images/products/3/LN_861157_BP_3.jpg,https://www.waitrose.com/ecom/products/jl-studio-gin-copa-glasses-x-4/861157-810122-810123,JL Studio Gin Copa Glasses x 4,4s,£15.00,£3.75 each,,Home
859941,Westland Lawn Thickener 80sqm,G,false,284,https://ecom-su-static-prod.wtrecom.com/images/products/3/LN_859941_BP_3.jpg,https://www.waitrose.com/ecom/products/westland-lawn-thickener-80sqm/859941-817038-817039,Westland Lawn Thickener 80sqm,Each,£16.00,,,Home
857645,Miracle Gro Complete Herbicide Free Lawn Feed,G,false,285,https://ecom-su-static-prod.wtrecom.com/images/products/3/LN_857645_BP_3.jpg,https://www.waitrose.com/ecom/products/miracle-gro-complete-herbicide-free-lawn-feed/857645-816184-816185,Miracle Gro Complete Herbicide Free Lawn Feed,EACH,£15.00,,,Home
855771,Waitrose Home Stars Cocktail Napkins 25x25cm,G,false,286,https://ecom-su-static-prod.wtrecom.com/images/products/3/LN_855771_BP_3.jpg,https://www.waitrose.com/ecom/products/waitrose-home-stars-cocktail-napkins-25x25cm/855771-702096-702097,Waitrose Home Stars Cocktail Napkins 25x25cm,16s,£1.75,10.9p each,,Home
855442,John Lewis Corn On The Cob Holders,G,false,287,https://ecom-su-static-prod.wtrecom.com/images/products/3/LN_855442_BP_3.jpg,https://www.waitrose.com/ecom/products/john-lewis-corn-on-the-cob-holders/855442-682075-682076,John Lewis Corn On The Cob Holders,8s,£6.00,75p each,,Home
854662,Paper Mate Pack of 5 Black Flexgrip Ballpoint Pens,G,false,288,https://ecom-su-static-prod.wtrecom.com/images/products/3/LN_854662_BP_3.jpg,https://www.waitrose.com/ecom/products/paper-mate-pack-of-5-black-flexgrip-ballpoint-pens/854662-360606-360607,Paper Mate Pack of 5 Black Flexgrip Ballpoint Pens,each,£9.00,£9 each,,Home
854137,Tinc Blue Mini Stationery Set,G,false,289,https://ecom-su-static-prod.wtrecom.com/images/products/3/LN_854137_BP_3.jpg,https://www.waitrose.com/ecom/products/tinc-blue-mini-stationery-set/854137-791641-791642,Tinc Blue Mini Stationery Set,each,£6.00,£6 each,,Home
854094,Woodvale Monochrome 2 Sheets 2 Tags,G,false,290,https://ecom-su-static-prod.wtrecom.com/images/products/3/LN_854094_BP_3.jpg,https://www.waitrose.com/ecom/products/woodvale-monochrome-2-sheets-2-tags/854094-817816-817817,Woodvale Monochrome 2 Sheets 2 Tags,each,£1.50,£1.50 each,,Home
853904,Öpso Japanese Sakura Tree Reed Diffuser,G,false,291,https://ecom-su-static-prod.wtrecom.com/images/products/3/LN_853904_BP_3.jpg,https://www.waitrose.com/ecom/products/opso-japanese-sakura-tree-reed-diffuser/853904-819279-819280,Öpso Japanese Sakura Tree Reed Diffuser,50ml,£9.00,£18/100ml,,Home
853740,John Lewis Anyday Stackable Coloured Tumblers Set Of 4,G,true,292,https://ecom-su-static-prod.wtrecom.com/images/products/3/LN_853740_BP_3.jpg,https://www.waitrose.com/ecom/products/john-lewis-anyday-stackable-coloured-tumblers-set-of-4/853740-821893-821894,John Lewis Anyday Stackable Coloured Tumblers Set Of 4,4s,£11.00,£2.75 each,Save 1/3. Was £11.00,Home
853723,JL Senti Green Energy Diffuser,G,false,293,https://ecom-su-static-prod.wtrecom.com/images/products/3/LN_853723_BP_3.jpg,https://www.waitrose.com/ecom/products/jl-senti-green-energy-diffuser/853723-810348-810349,JL Senti Green Energy Diffuser,each,£10.00,£10 each,,Home
853078,ANYDAY Avocado Circles Stacking Mug,G,false,294,https://ecom-su-static-prod.wtrecom.com/images/products/3/LN_853078_BP_3.jpg,https://www.waitrose.com/ecom/products/anyday-avocado-circles-stacking-mug/853078-797796-797797,ANYDAY Avocado Circles Stacking Mug,each,£5.00,£5 each,,Home
853077,Daily Express CI,G,false,295,https://ecom-su-static-prod.wtrecom.com/images/products/3/LN_853077_BP_3.jpg,https://www.waitrose.com/ecom/products/daily-express-ci/853077-671059-671060,Daily Express CI,Each,£1.50,,,Home
852034,JL Senti Yellow Joy Diffuser,G,false,296,https://ecom-su-static-prod.wtrecom.com/images/products/3/LN_852034_BP_3.jpg,https://www.waitrose.com/ecom/products/jl-senti-yellow-joy-diffuser/852034-810346-810347,JL Senti Yellow Joy Diffuser,each,£10.00,£10 each,,Home
850513,Speke Hall,G,false,297,https://ecom-su-static-prod.wtrecom.com/images/products/3/LN_850513_BP_3.jpg,https://www.waitrose.com/ecom/products/speke-hall/850513-801080-801081,Speke Hall,each,£2.85,,,Home
850126,John Lewis 1lb Loaf Tin,G,false,298,https://ecom-su-static-prod.wtrecom.com/images/products/3/LN_850126_BP_3.jpg,https://www.waitrose.com/ecom/products/john-lewis-1lb-loaf-tin/850126-744075-744076,John Lewis 1lb Loaf Tin,each,£9.00,£9 each,,Home
849751,John Lewis Bee Tumbler,G,false,299,https://ecom-su-static-prod.wtrecom.com/images/products/3/LN_849751_BP_3.jpg,https://www.waitrose.com/ecom/products/john-lewis-bee-tumbler/849751-797768-797769,John Lewis Bee Tumbler,each,£6.00,£6 each,,Home
849681,La Invicta Robusto Nicaraguan Cigar,G,false,300,https://ecom-su-static-prod.wtrecom.com/images/products/3/LN_849681_BP_3.jpg,https://www.waitrose.com/ecom/products/la-invicta-robusto-nicaraguan-cigar/849681-757789-757790,La Invicta Robusto Nicaraguan Cigar,Each,£14.00,£14 each,,Home
849215,Hamlet Miniatures,G,false,301,https://ecom-su-static-prod.wtrecom.com/images/products/3/LN_849215_BP_3.jpg,https://www.waitrose.com/ecom/products/hamlet-miniatures/849215-547156-547157,Hamlet Miniatures,10s,£8.60,86p each,,Home
848278,BRITA Maxtra Pro Marella Blue Water Filter Jug 0.88kg,G,false,302,https://ecom-su-static-prod.wtrecom.com/images/products/3/LN_848278_BP_3.jpg,https://www.waitrose.com/ecom/products/brita-maxtra-pro-marella-blue-water-filter-jug-088kg/848278-807635-807636,BRITA Maxtra Pro Marella Blue Water Filter Jug 0.88kg,each,£21.00,£21 each,,Home
848209,Air Wick Linen & Lilac Complete Freshmatic Kit Air Freshener,G,false,303,https://ecom-su-static-prod.wtrecom.com/images/products/3/LN_848209_BP_3.jpg,https://www.waitrose.com/ecom/products/air-wick-linen-lilac-complete-freshmatic-kit-air-freshener/848209-613139-613140,Air Wick Linen & Lilac Complete Freshmatic Kit Air Freshener,250ml,£11.00,£4.40/100ml,,Home
848078,Polka Dots Happy Birthday Greetings Card,G,false,304,https://ecom-su-static-prod.wtrecom.com/images/products/3/LN_848078_BP_3.jpg,https://www.waitrose.com/ecom/products/polka-dots-happy-birthday-greetings-card/848078-734954-734955,Polka Dots Happy Birthday Greetings Card,1,£3.00,,,Home
848033,Birthday Boy,G,false,305,https://ecom-su-static-prod.wtrecom.com/images/products/3/LN_848033_BP_3.jpg,https://www.waitrose.com/ecom/products/birthday-boy/848033-775110-775111,Birthday Boy,1,£2.85,,,Home
847754,Thermos King 470ml flask,G,false,306,https://ecom-su-static-prod.wtrecom.com/images/products/3/LN_847754_BP_3.jpg,https://www.waitrose.com/ecom/products/thermos-king-470ml-flask/847754-176474-176475,Thermos King 470ml flask,each,£20.00,£20 each,,Home
847660,Bees Cotton Grips Medium Gloves,G,false,307,https://ecom-su-static-prod.wtrecom.com/images/products/3/LN_847660_BP_3.jpg,https://www.waitrose.com/ecom/products/bees-cotton-grips-medium-gloves/847660-794524-794525,Bees Cotton Grips Medium Gloves,3s,£6.00,£2 each,,Home
847410,Heart Of Hearts,G,false,308,https://ecom-su-static-prod.wtrecom.com/images/products/3/LN_847410_BP_3.jpg,https://www.waitrose.com/ecom/products/heart-of-hearts/847410-751541-751542,Heart Of Hearts,1,£2.85,,,Home
847026,Loctite Precision Super Glue 5g,G,true,309,https://ecom-su-static-prod.wtrecom.com/images/products/3/LN_847026_BP_3.jpg,https://www.waitrose.com/ecom/products/loctite-precision-super-glue-5g/847026-324203-324204,Loctite Precision Super Glue 5g,each,£2.80,£2.80 each,20% Off. Was £3.50,Home
846758,Waitrose Small Insulated Bag,G,false,310,https://ecom-su-static-prod.wtrecom.com/images/products/3/LN_846758_BP_3.jpg,https://www.waitrose.com/ecom/products/waitrose-small-insulated-bag/846758-730450-730451,Waitrose Small Insulated Bag,Each,£2.50,£2.50 each,,Home
846642,Berkeley New SK Green TT,G,false,311,https://ecom-su-static-prod.wtrecom.com/images/products/3/LN_846642_BP_3.jpg,https://www.waitrose.com/ecom/products/berkeley-new-sk-green-tt/846642-729394-729395,Berkeley New SK Green TT,20s,£15.60,78p each,,Home
845936,Gold Leaf Blend 30g + Papers TT,G,false,312,https://ecom-su-static-prod.wtrecom.com/images/products/3/LN_845936_BP_3.jpg,https://www.waitrose.com/ecom/products/gold-leaf-blend-30g-papers-tt/845936-561367-561368,Gold Leaf Blend 30g + Papers TT,30g,£20.20,£67.34/100g,,Home
845515,John Lewis ANYDAY Black Reporters Notebook,G,false,313,https://ecom-su-static-prod.wtrecom.com/images/products/3/LN_845515_BP_3.jpg,https://www.waitrose.com/ecom/products/john-lewis-anyday-black-reporters-notebook/845515-813814-813815,John Lewis ANYDAY Black Reporters Notebook,each,£2.50,£2.50 each,,Home
845356,Woodvale Pink Red Hearts 2 Sheets 2 Tags,G,false,314,https://ecom-su-static-prod.wtrecom.com/images/products/3/LN_845356_BP_3.jpg,https://www.waitrose.com/ecom/products/woodvale-pink-red-hearts-2-sheets-2-tags/845356-817806-817807,Woodvale Pink Red Hearts 2 Sheets 2 Tags,each,£1.50,£1.50 each,,Home
845254,John Lewis Happy Birthday Kraft Ombre Giftwrap,G,false,315,https://ecom-su-static-prod.wtrecom.com/images/products/3/LN_845254_BP_3.jpg,https://www.waitrose.com/ecom/products/john-lewis-happy-birthday-kraft-ombre-giftwrap/845254-772287-772288,John Lewis Happy Birthday Kraft Ombre Giftwrap,each,£4.00,£4 each,,Home
844859,Be Lucky Greetings Card,G,false,316,https://ecom-su-static-prod.wtrecom.com/images/products/3/LN_844859_BP_3.jpg,https://www.waitrose.com/ecom/products/be-lucky-greetings-card/844859-798632-798633,Be Lucky Greetings Card,Each,£3.00,,,Home
844345,Tala Nutcracker,G,false,317,https://ecom-su-static-prod.wtrecom.com/images/products/3/LN_844345_BP_3.jpg,https://www.waitrose.com/ecom/products/tala-nutcracker/844345-809920-809921,Tala Nutcracker,EACH,£5.00,£5 each,,Home
843356,John Lewis ANYDAY Black Divider Notebook A4,G,false,318,https://ecom-su-static-prod.wtrecom.com/images/products/3/LN_843356_BP_3.jpg,https://www.waitrose.com/ecom/products/john-lewis-anyday-black-divider-notebook-a4/843356-813808-813809,John Lewis ANYDAY Black Divider Notebook A4,each,£8.00,£8 each,,Home
843252,Vegafina Classic Robusto Cigar,G,false,319,https://ecom-su-static-prod.wtrecom.com/images/products/3/LN_843252_BP_3.jpg,https://www.waitrose.com/ecom/products/vegafina-classic-robusto-cigar/843252-793176-793177,Vegafina Classic Robusto Cigar,13.5g,£20.00,£148.15/100g,,Home
843132,Cherry & Strawberries Giftwrap 3M,G,false,320,https://ecom-su-static-prod.wtrecom.com/images/products/3/LN_843132_BP_3.jpg,https://www.waitrose.com/ecom/products/cherry-strawberries-giftwrap-3m/843132-795626-795627,Cherry & Strawberries Giftwrap 3M,each,£3.50,£3.50 each,,Home
842651,To The Happy Couple,G,false,321,https://ecom-su-static-prod.wtrecom.com/images/products/3/LN_842651_BP_3.jpg,https://www.waitrose.com/ecom/products/to-the-happy-couple/842651-734880-734881,To The Happy Couple,1,£3.00,,,Home
842053,Eddingtons Poach Perfect,G,false,322,https://ecom-su-static-prod.wtrecom.com/images/products/3/LN_842053_BP_3.jpg,https://www.waitrose.com/ecom/products/eddingtons-poach-perfect/842053-584140-584141,Eddingtons Poach Perfect,each,£4.75,£4.75 each,,Home
841795,Waitrose Dinnerplate Dahlia Explosion Tubers,G,false,323,https://ecom-su-static-prod.wtrecom.com/images/products/3/LN_841795_BP_3.jpg,https://www.waitrose.com/ecom/products/waitrose-dinnerplate-dahlia-explosion-tubers/841795-746405-746406,Waitrose Dinnerplate Dahlia Explosion Tubers,3s,£9.00,£3 each,,Home
841653,John Lewis Lisbon Bowls Set,G,true,324,https://ecom-su-static-prod.wtrecom.com/images/products/3/LN_841653_BP_3.jpg,https://www.waitrose.com/ecom/products/john-lewis-lisbon-bowls-set/841653-821881-821882,John Lewis Lisbon Bowls Set,4s,£10.00,£2.50 each,Save 1/3. Was £15.00,Home
840809,USB A + USB C Power Adaptor,G,false,325,https://ecom-su-static-prod.wtrecom.com/images/products/3/LN_840809_BP_3.jpg,https://www.waitrose.com/ecom/products/usb-a-usb-c-power-adaptor/840809-818032-818033,USB A + USB C Power Adaptor,1Each,£13.00,£13 each,,Home
839735,ANYDY DRNK LRG TMBLR,G,false,326,https://ecom-su-static-prod.wtrecom.com/images/products/3/LN_839735_BP_3.jpg,https://www.waitrose.com/ecom/products/anydy-drnk-lrg-tmblr/839735-305649-305650,ANYDY DRNK LRG TMBLR,1,£2.00,£2 each,,Home
839277,Just A Little Note Yellow Floral,G,false,327,https://ecom-su-static-prod.wtrecom.com/images/products/3/LN_839277_BP_3.jpg,https://www.waitrose.com/ecom/products/just-a-little-note-yellow-floral/839277-665710-665711,Just A Little Note Yellow Floral,each,£3.50,£3.50 each,,Home
838418,Sterling RYO TT,G,false,328,https://ecom-su-static-prod.wtrecom.com/images/products/3/LN_838418_BP_3.jpg,https://www.waitrose.com/ecom/products/sterling-ryo-tt/838418-697246-697247,Sterling RYO TT,50g,£32.80,£65.60/100g,,Home
838294,John Lewis Red Hearts Tags,G,false,329,https://ecom-su-static-prod.wtrecom.com/images/products/3/LN_838294_BP_3.jpg,https://www.waitrose.com/ecom/products/john-lewis-red-hearts-tags/838294-352860-352861,John Lewis Red Hearts Tags,5s,£1.00,20p each,,Home
837847,JL Core Rose Diffuser,G,false,330,https://ecom-su-static-prod.wtrecom.com/images/products/3/LN_837847_BP_3.jpg,https://www.waitrose.com/ecom/products/jl-core-rose-diffuser/837847-760220-760221,JL Core Rose Diffuser,each,£13.00,£13 each,,Home
837599,Waitrose 9oz Celebration Cups 8s,G,false,331,https://ecom-su-static-prod.wtrecom.com/images/products/3/LN_837599_BP_3.jpg,https://www.waitrose.com/ecom/products/waitrose-9oz-celebration-cups-8s/837599-702292-702293,Waitrose 9oz Celebration Cups 8s,8,£2.50,£2.50 each,,Home
837547,JL Core Coastal Tin Candle,G,false,332,https://ecom-su-static-prod.wtrecom.com/images/products/3/LN_837547_BP_3.jpg,https://www.waitrose.com/ecom/products/jl-core-coastal-tin-candle/837547-760218-760219,JL Core Coastal Tin Candle,each,£5.00,£5 each,,Home
837423,ANYDAY Traditional Posy Glass Vase,G,false,333,https://ecom-su-static-prod.wtrecom.com/images/products/3/LN_837423_BP_3.jpg,https://www.waitrose.com/ecom/products/anyday-traditional-posy-glass-vase/837423-739778-739779,ANYDAY Traditional Posy Glass Vase,each,£10.00,£10 each,,Home
837305,Space Giftwrap 3M,G,false,334,https://ecom-su-static-prod.wtrecom.com/images/products/3/LN_837305_BP_3.jpg,https://www.waitrose.com/ecom/products/space-giftwrap-3m/837305-817798-817799,Space Giftwrap 3M,each,£3.50,£3.50 each,,Home
834915,John Lewis Tritan Bottle Aqua,G,true,335,https://ecom-su-static-prod.wtrecom.com/images/products/3/LN_834915_BP_3.jpg,https://www.waitrose.com/ecom/products/john-lewis-tritan-bottle-aqua/834915-807697-807698,John Lewis Tritan Bottle Aqua,each,£4.87,£4.87 each,25% Off. Was £6.50,Home
833380,Mayfair White TT,G,false,336,https://ecom-su-static-prod.wtrecom.com/images/products/3/LN_833380_BP_3.jpg,https://www.waitrose.com/ecom/products/mayfair-white-tt/833380-697236-697237,Mayfair White TT,20s,£14.80,74p each,,Home
833145,JL Lighthouse Mug,G,true,337,https://ecom-su-static-prod.wtrecom.com/images/products/3/LN_833145_BP_3.jpg,https://www.waitrose.com/ecom/products/jl-lighthouse-mug/833145-809902-809903,JL Lighthouse Mug,each,£3.75,£3.75 each,25% Off. Was £5.00,Home
832972,Giant Roost Pocket Bird Nester,G,false,338,https://ecom-su-static-prod.wtrecom.com/images/products/3/LN_832972_BP_3.jpg,https://www.waitrose.com/ecom/products/giant-roost-pocket-bird-nester/832972-794430-794431,Giant Roost Pocket Bird Nester,Each,£15.00,£15 each,,Home
832579,John Lewis Classic Baking Sheet 34cm,G,false,339,https://ecom-su-static-prod.wtrecom.com/images/products/3/LN_832579_BP_3.jpg,https://www.waitrose.com/ecom/products/john-lewis-classic-baking-sheet-34cm/832579-710261-710262,John Lewis Classic Baking Sheet 34cm,each,£9.00,£9 each,,Home
832133,Korbond Black Elastic 12mm,G,false,340,https://ecom-su-static-prod.wtrecom.com/images/products/3/LN_832133_BP_3.jpg,https://www.waitrose.com/ecom/products/korbond-black-elastic-12mm/832133-588841-588842,Korbond Black Elastic 12mm,Each,£1.75,£1.75 each,,Home
832016,John Lewis ANYDAY Pack of 25 C5 Envelopes,G,false,341,https://ecom-su-static-prod.wtrecom.com/images/products/3/LN_832016_BP_3.jpg,https://www.waitrose.com/ecom/products/john-lewis-anyday-pack-of-25-c5-envelopes/832016-813804-813805,John Lewis ANYDAY Pack of 25 C5 Envelopes,each,£2.50,£2.50 each,,Home
831925,Tefal Titanium Excellence 20cm Frying Pan,G,false,342,https://ecom-su-static-prod.wtrecom.com/images/products/3/LN_831925_BP_3.jpg,https://www.waitrose.com/ecom/products/tefal-titanium-excellence-20cm-frying-pan/831925-812289-812290,Tefal Titanium Excellence 20cm Frying Pan,each,£20.00,£20 each,,Home
831903,Players Real Red SK TT,G,false,343,https://ecom-su-static-prod.wtrecom.com/images/products/3/LN_831903_BP_3.jpg,https://www.waitrose.com/ecom/products/players-real-red-sk-tt/831903-561307-561308,Players Real Red SK TT,20s,£13.50,67.5p each,,Home
831115,JL Studio Tumbler x 4,G,false,344,https://ecom-su-static-prod.wtrecom.com/images/products/3/LN_831115_BP_3.jpg,https://www.waitrose.com/ecom/products/jl-studio-tumbler-x-4/831115-810112-810113,JL Studio Tumbler x 4,each,£12.00,£12 each,,Home
830658,Clan Pipe Tobacco,G,false,345,https://ecom-su-static-prod.wtrecom.com/images/products/3/LN_830658_BP_3.jpg,https://www.waitrose.com/ecom/products/clan-pipe-tobacco/830658-697230-697231,Clan Pipe Tobacco,50g,£22.50,£45/100g,,Home
830651,"John Lewis ANYDAY Check Terry Cotton Tea Towel, Grey",G,false,346,https://ecom-su-static-prod.wtrecom.com/images/products/3/LN_830651_BP_3.jpg,https://www.waitrose.com/ecom/products/john-lewis-anyday-check-terry-cotton-tea-towel-grey/830651-743202-743203,"John Lewis ANYDAY Check Terry Cotton Tea Towel, Grey",each,£5.00,£5 each,,Home
830497,Mayfair Original Blue TT,G,false,347,https://ecom-su-static-prod.wtrecom.com/images/products/3/LN_830497_BP_3.jpg,https://www.waitrose.com/ecom/products/mayfair-original-blue-tt/830497-697226-697227,Mayfair Original Blue TT,20s,£14.70,73.5p each,,Home
830371,Glade Plug In Refill Superbloomm,G,false,348,https://ecom-su-static-prod.wtrecom.com/images/products/3/LN_830371_BP_3.jpg,https://www.waitrose.com/ecom/products/glade-plug-in-refill-superbloomm/830371-819175-819176,Glade Plug In Refill Superbloomm,20ml,£5.25,£26.25/100ml,,Home
829701,Nest It 5 Pack Mixed Sizes,G,false,349,https://ecom-su-static-prod.wtrecom.com/images/products/3/LN_829701_BP_3.jpg,https://www.waitrose.com/ecom/products/nest-it-5-pack-mixed-sizes/829701-782938-782939,Nest It 5 Pack Mixed Sizes,5s,£15.00,£3 each,,Home
829666,JL Succulent in Ceramic Cat Pot,G,false,350,https://ecom-su-static-prod.wtrecom.com/images/products/3/LN_829666_BP_3.jpg,https://www.waitrose.com/ecom/products/jl-succulent-in-ceramic-cat-pot/829666-809894-809895,JL Succulent in Ceramic Cat Pot,each,£6.00,£6 each,,Home
829524,Thermos King Food Flask 470ml,G,false,351,https://ecom-su-static-prod.wtrecom.com/images/products/3/LN_829524_BP_3.jpg,https://www.waitrose.com/ecom/products/thermos-king-food-flask-470ml/829524-176442-176443,Thermos King Food Flask 470ml,each,£25.00,£25 each,,Home
829133,JL Core Coastal Diffuser,G,false,352,https://ecom-su-static-prod.wtrecom.com/images/products/3/LN_829133_BP_3.jpg,https://www.waitrose.com/ecom/products/jl-core-coastal-diffuser/829133-797596-797597,JL Core Coastal Diffuser,each,£13.00,£13 each,,Home
828909,Amber Leaf RYO Original TT,G,false,353,https://ecom-su-static-prod.wtrecom.com/images/products/3/LN_828909_BP_3.jpg,https://www.waitrose.com/ecom/products/amber-leaf-ryo-original-tt/828909-697220-697221,Amber Leaf RYO Original TT,50g,£39.20,£78.40/100g,,Home
828624,Tinc Pink Fuzzy Guy Pen,G,false,354,https://ecom-su-static-prod.wtrecom.com/images/products/3/LN_828624_BP_3.jpg,https://www.waitrose.com/ecom/products/tinc-pink-fuzzy-guy-pen/828624-791615-791616,Tinc Pink Fuzzy Guy Pen,each,£3.00,£3 each,,Home
828143,Skye Cereal Bowl Light Blue,G,false,355,https://ecom-su-static-prod.wtrecom.com/images/products/3/LN_828143_BP_3.jpg,https://www.waitrose.com/ecom/products/skye-cereal-bowl-light-blue/828143-809892-809893,Skye Cereal Bowl Light Blue,each,£6.00,£6 each,,Home
827819,PlantGrow Indoor Houseplant Booster,G,false,356,https://ecom-su-static-prod.wtrecom.com/images/products/3/LN_827819_BP_3.jpg,https://www.waitrose.com/ecom/products/plantgrow-indoor-houseplant-booster/827819-794426-794427,PlantGrow Indoor Houseplant Booster,2500ml,£10.00,40p/100ml,,Home
827433,Under the Sea Napkins x16,G,false,357,https://ecom-su-static-prod.wtrecom.com/images/products/3/LN_827433_BP_3.jpg,https://www.waitrose.com/ecom/products/under-the-sea-napkins-x16/827433-822655-822656,Under the Sea Napkins x16,1Each,£2.50,£2.50 each,,Home
827353,John Lewis Loose Base Flan Dish 23cm,G,false,358,https://ecom-su-static-prod.wtrecom.com/images/products/3/LN_827353_BP_3.jpg,https://www.waitrose.com/ecom/products/john-lewis-loose-base-flan-dish-23cm/827353-744045-744046,John Lewis Loose Base Flan Dish 23cm,each,£10.00,£10 each,,Home
825698,Talking Tables Happy Birthday Balloons,G,false,359,https://ecom-su-static-prod.wtrecom.com/images/products/3/LN_825698_BP_3.jpg,https://www.waitrose.com/ecom/products/talking-tables-happy-birthday-balloons/825698-754953-754954,Talking Tables Happy Birthday Balloons,5Each,£3.50,70p each,,Home
825225,Astros Bottle bag,G,false,360,https://ecom-su-static-prod.wtrecom.com/images/products/3/LN_825225_BP_3.jpg,https://www.waitrose.com/ecom/products/astros-bottle-bag/825225-817784-817785,Astros Bottle bag,each,£4.50,£4.50 each,,Home
825156,Talking Tables Rainbow Napkins,G,false,361,https://ecom-su-static-prod.wtrecom.com/images/products/3/LN_825156_BP_3.jpg,https://www.waitrose.com/ecom/products/talking-tables-rainbow-napkins/825156-754945-754946,Talking Tables Rainbow Napkins,Each,£4.50,£4.50 each,,Home
824094,Lisbon Dip Bowls Set Of 3,G,false,362,https://ecom-su-static-prod.wtrecom.com/images/products/3/LN_824094_BP_3.jpg,https://www.waitrose.com/ecom/products/lisbon-dip-bowls-set-of-3/824094-816380-816381,Lisbon Dip Bowls Set Of 3,each,£10.00,£3.34 each,,Home
823844,Lambert & Butler Bright Gold KS TT,G,false,363,https://ecom-su-static-prod.wtrecom.com/images/products/3/LN_823844_BP_3.jpg,https://www.waitrose.com/ecom/products/lambert-butler-bright-gold-ks-tt/823844-561271-561272,Lambert & Butler Bright Gold KS TT,20s,£14.10,70.5p each,,Home
823632,John Lewis Acrylic Beer Goblet,G,false,364,https://ecom-su-static-prod.wtrecom.com/images/products/3/LN_823632_BP_3.jpg,https://www.waitrose.com/ecom/products/john-lewis-acrylic-beer-goblet/823632-658751-658752,John Lewis Acrylic Beer Goblet,each,£4.50,£4.50 each,,Home
823509,Waitrose Winged Corkscrew,G,false,365,https://ecom-su-static-prod.wtrecom.com/images/products/3/LN_823509_BP_3.jpg,https://www.waitrose.com/ecom/products/waitrose-winged-corkscrew/823509-625324-625325,Waitrose Winged Corkscrew,each,£6.50,£6.50 each,,Home
822238,John Lewis Coastal Napkin 33cm,G,true,366,https://ecom-su-static-prod.wtrecom.com/images/products/3/LN_822238_BP_3.jpg,https://www.waitrose.com/ecom/products/john-lewis-coastal-napkin-33cm/822238-794994-794995,John Lewis Coastal Napkin 33cm,20s,£1.50,7.5p each,25% Off. Was £2.00,Home
822178,Staedtler Gold/Silver Metallic markers,G,false,367,https://ecom-su-static-prod.wtrecom.com/images/products/3/LN_822178_BP_3.jpg,https://www.waitrose.com/ecom/products/staedtler-gold-silver-metallic-markers/822178-295741-295742,Staedtler Gold/Silver Metallic markers,each,£3.50,£3.50 each,,Home
821935,Air Wick Purple Lavender Meadow Refill,G,true,368,https://ecom-su-static-prod.wtrecom.com/images/products/3/LN_821935_BP_3.jpg,https://www.waitrose.com/ecom/products/air-wick-purple-lavender-meadow-refill/821935-819139-819140,Air Wick Purple Lavender Meadow Refill,19ml,£3.50,£18.43/100ml,save £1.50. Was £5.00,Home
821539,Air Wick White Crisp Linen and Lilac Electrical Plug Refill Air Freshener,G,true,369,https://ecom-su-static-prod.wtrecom.com/images/products/3/LN_821539_BP_3.jpg,https://www.waitrose.com/ecom/products/air-wick-white-crisp-linen-and-lilac-electrical-plug-refill-air-freshener/821539-762550-762551,Air Wick White Crisp Linen and Lilac Electrical Plug Refill Air Freshener,17ml,£3.50,£20.59/100ml,save £1.50. Was £5.00,Home
820959,Rothmans Original TT,G,false,370,https://ecom-su-static-prod.wtrecom.com/images/products/3/LN_820959_BP_3.jpg,https://www.waitrose.com/ecom/products/rothmans-original-tt/820959-697198-697199,Rothmans Original TT,20s,£17.70,88.5p each,,Home
820912,John Lewis ANYDAY Black Notebook A5,G,false,371,https://ecom-su-static-prod.wtrecom.com/images/products/3/LN_820912_BP_3.jpg,https://www.waitrose.com/ecom/products/john-lewis-anyday-black-notebook-a5/820912-813790-813791,John Lewis ANYDAY Black Notebook A5,each,£3.00,£3 each,,Home
820296,Waitrose Gold Bow,G,false,372,https://ecom-su-static-prod.wtrecom.com/images/products/3/LN_820296_BP_3.jpg,https://www.waitrose.com/ecom/products/waitrose-gold-bow/820296-352640-352641,Waitrose Gold Bow,each,£1.50,£1.50 each,,Home
820136,Nordic Spirit Mint Strong 9mg 20s,G,false,373,https://ecom-su-static-prod.wtrecom.com/images/products/3/LN_820136_BP_3.jpg,https://www.waitrose.com/ecom/products/nordic-spirit-mint-strong-9mg-20s/820136-723454-723455,Nordic Spirit Mint Strong 9mg 20s,20s,£5.00,25p each,,Home
820043,Tefal Titanium Excellence 24cm Frying Pan,G,false,374,https://ecom-su-static-prod.wtrecom.com/images/products/3/LN_820043_BP_3.jpg,https://www.waitrose.com/ecom/products/tefal-titanium-excellence-24cm-frying-pan/820043-812255-812256,Tefal Titanium Excellence 24cm Frying Pan,each,£22.00,£22 each,,Home
819521,Talking Tables Rainbow It's My Birthday Headband,G,false,375,https://ecom-su-static-prod.wtrecom.com/images/products/3/LN_819521_BP_3.jpg,https://www.waitrose.com/ecom/products/talking-tables-rainbow-its-my-birthday-headband/819521-739550-739551,Talking Tables Rainbow It's My Birthday Headband,each,£10.00,£10 each,,Home
819170,Lekue Ice Tray Round Blue,G,true,376,https://ecom-su-static-prod.wtrecom.com/images/products/3/LN_819170_BP_3.jpg,https://www.waitrose.com/ecom/products/lekue-ice-tray-round-blue/819170-821869-821870,Lekue Ice Tray Round Blue,each,£4.87,£4.87 each,25% Off. Was £6.50,Home
818788,"Tala Stainless Steel Sieve, 20cm",G,false,377,https://ecom-su-static-prod.wtrecom.com/images/products/3/LN_818788_BP_3.jpg,https://www.waitrose.com/ecom/products/tala-stainless-steel-sieve-20cm/818788-821997-821998,"Tala Stainless Steel Sieve, 20cm",each,£8.00,£8 each,,Home
818725,Happy Birthday Rosette Badge,G,false,378,https://ecom-su-static-prod.wtrecom.com/images/products/3/LN_818725_BP_3.jpg,https://www.waitrose.com/ecom/products/happy-birthday-rosette-badge/818725-772201-772202,Happy Birthday Rosette Badge,each,£2.50,£2.50 each,,Home
818436,John Lewis Watercolour Small,G,false,379,https://ecom-su-static-prod.wtrecom.com/images/products/3/LN_818436_BP_3.jpg,https://www.waitrose.com/ecom/products/john-lewis-watercolour-small/818436-797512-797513,John Lewis Watercolour Small,each,£3.00,£3 each,,Home
818276,Korbond Needle Compact,G,false,380,https://ecom-su-static-prod.wtrecom.com/images/products/3/LN_818276_BP_3.jpg,https://www.waitrose.com/ecom/products/korbond-needle-compact/818276-552132-552133,Korbond Needle Compact,30s,£1.70,5.7p each,,Home
817038,Players Real Red KS TT,G,false,381,https://ecom-su-static-prod.wtrecom.com/images/products/3/LN_817038_BP_3.jpg,https://www.waitrose.com/ecom/products/players-real-red-ks-tt/817038-561235-561236,Players Real Red KS TT,20s,£13.50,67.5p each,,Home
816901,"Tala Reversible Stainless Steel Cookie & Pastry Cutters, Set of 6",G,false,382,https://ecom-su-static-prod.wtrecom.com/images/products/3/LN_816901_BP_3.jpg,https://www.waitrose.com/ecom/products/tala-reversible-stainless-steel-cookie-pastry-cutters-set-of-6/816901-809878-809879,"Tala Reversible Stainless Steel Cookie & Pastry Cutters, Set of 6",each,£10.00,£10 each,,Home
816864,Weedol Path & Gravel Control,G,false,383,https://ecom-su-static-prod.wtrecom.com/images/products/3/LN_816864_BP_3.jpg,https://www.waitrose.com/ecom/products/weedol-path-gravel-control/816864-794412-794413,Weedol Path & Gravel Control,1litre,£7.00,70p/100ml,,Home
816447,Anyday Stripe Mug Blue,G,false,384,https://ecom-su-static-prod.wtrecom.com/images/products/3/LN_816447_BP_3.jpg,https://www.waitrose.com/ecom/products/anyday-stripe-mug-blue/816447-809876-809877,Anyday Stripe Mug Blue,each,£3.50,£3.50 each,,Home
816342,Amber Leaf RYO Original TT,G,false,385,https://ecom-su-static-prod.wtrecom.com/images/products/3/LN_816342_BP_3.jpg,https://www.waitrose.com/ecom/products/amber-leaf-ryo-original-tt/816342-697174-697175,Amber Leaf RYO Original TT,30g,£23.80,£79.34/100g,,Home
816216,Villiger Export Pressed Cigars,G,false,386,https://ecom-su-static-prod.wtrecom.com/images/products/3/LN_816216_BP_3.jpg,https://www.waitrose.com/ecom/products/villiger-export-pressed-cigars/816216-547126-547127,Villiger Export Pressed Cigars,5s,£21.50,£4.30 each,,Home
815796,CG Candles Roll Wrap 5M,G,false,387,https://ecom-su-static-prod.wtrecom.com/images/products/3/LN_815796_BP_3.jpg,https://www.waitrose.com/ecom/products/cg-candles-roll-wrap-5m/815796-789979-789980,CG Candles Roll Wrap 5M,each,£6.00,£6 each,,Home
815697,Air Wick 24/7 Refill Cotton,G,false,388,https://ecom-su-static-prod.wtrecom.com/images/products/3/LN_815697_BP_3.jpg,https://www.waitrose.com/ecom/products/air-wick-24-7-refill-cotton/815697-795836-795837,Air Wick 24/7 Refill Cotton,228ml,£7.00,£3.08/100ml,,Home
815428,Table Fun Sparklers Number 1,G,false,389,https://ecom-su-static-prod.wtrecom.com/images/products/3/LN_815428_BP_3.jpg,https://www.waitrose.com/ecom/products/table-fun-sparklers-number-1/815428-757773-757774,Table Fun Sparklers Number 1,Each,£2.00,£2 each,,Home
814787,Multi Spot Giftwrap 3m,G,false,390,https://ecom-su-static-prod.wtrecom.com/images/products/3/LN_814787_BP_3.jpg,https://www.waitrose.com/ecom/products/multi-spot-giftwrap-3m/814787-817776-817777,Multi Spot Giftwrap 3m,each,£2.50,£2.50 each,,Home
814305,Anyday Water Bottle Black,G,true,391,https://ecom-su-static-prod.wtrecom.com/images/products/3/LN_814305_BP_3.jpg,https://www.waitrose.com/ecom/products/anyday-water-bottle-black/814305-801508-801509,Anyday Water Bottle Black,each,£9.00,£9 each,25% Off. Was £12.00,Home
814047,HDMI Cable - 1 Meter - Nickel Plated 6mm Cable - Black,G,false,392,https://ecom-su-static-prod.wtrecom.com/images/products/3/LN_814047_BP_3.jpg,https://www.waitrose.com/ecom/products/hdmi-cable-1-meter-nickel-plated-6mm-cable-black/814047-818014-818015,HDMI Cable - 1 Meter - Nickel Plated 6mm Cable - Black,1Each,£2.00,£2 each,,Home
813827,Price's Chef's Kitchen Diffuser,G,true,393,https://ecom-su-static-prod.wtrecom.com/images/products/3/LN_813827_BP_3.jpg,https://www.waitrose.com/ecom/products/prices-chefs-kitchen-diffuser/813827-311376-311377,Price's Chef's Kitchen Diffuser,100ml,£6.66,£6.66/100ml,Save 1/3. Was £10.00,Home
812980,JL Core Rose Diffuser Refill,G,false,394,https://ecom-su-static-prod.wtrecom.com/images/products/3/LN_812980_BP_3.jpg,https://www.waitrose.com/ecom/products/jl-core-rose-diffuser-refill/812980-760176-760177,JL Core Rose Diffuser Refill,each,£13.00,£13 each,,Home
812734,Air Wick Fresh Spring Oasis Electric Refill,G,true,395,https://ecom-su-static-prod.wtrecom.com/images/products/3/LN_812734_BP_3.jpg,https://www.waitrose.com/ecom/products/air-wick-fresh-spring-oasis-electric-refill/812734-819095-819096,Air Wick Fresh Spring Oasis Electric Refill,19ml,£3.50,£18.43/100ml,save £1.50. Was £5.00,Home
811996,New Country Mum Mug,G,false,396,https://ecom-su-static-prod.wtrecom.com/images/products/3/LN_811996_BP_3.jpg,https://www.waitrose.com/ecom/products/new-country-mum-mug/811996-797462-797463,New Country Mum Mug,each,£7.00,£7 each,,Home
811281,Sterling Original Red TT,G,false,397,https://ecom-su-static-prod.wtrecom.com/images/products/3/LN_811281_BP_3.jpg,https://www.waitrose.com/ecom/products/sterling-original-red-tt/811281-697164-697165,Sterling Original Red TT,20s,£14.30,71.5p each,,Home
810662,118x180CM Duni Yellow Table Cover,G,true,398,https://ecom-su-static-prod.wtrecom.com/images/products/3/LN_810662_BP_3.jpg,https://www.waitrose.com/ecom/products/118x180cm-duni-yellow-table-cover/810662-822653-822654,118x180CM Duni Yellow Table Cover,1Each,£2.62,£2.62 each,25% Off. Was £3.50,Home
810579,John Lewis Celebration Stars Table Cover,G,false,399,https://ecom-su-static-prod.wtrecom.com/images/products/3/LN_810579_BP_3.jpg,https://www.waitrose.com/ecom/products/john-lewis-celebration-stars-table-cover/810579-702058-702059,John Lewis Celebration Stars Table Cover,8s,£5.00,62.5p each,,Home
810575,John Lewis Dogs Notebook A5,G,false,400,https://ecom-su-static-prod.wtrecom.com/images/products/3/LN_810575_BP_3.jpg,https://www.waitrose.com/ecom/products/john-lewis-dogs-notebook-a5/810575-804510-804511,John Lewis Dogs Notebook A5,each,£5.00,£5 each,,Home
809520,Cat Mug,G,false,401,https://ecom-su-static-prod.wtrecom.com/images/products/3/LN_809520_BP_3.jpg,https://www.waitrose.com/ecom/products/cat-mug/809520-817770-817771,Cat Mug,each,£6.00,£6 each,,Home
809217,Talking Tables Rainbow Paper Cups,G,false,402,https://ecom-su-static-prod.wtrecom.com/images/products/3/LN_809217_BP_3.jpg,https://www.waitrose.com/ecom/products/talking-tables-rainbow-paper-cups/809217-739399-739400,Talking Tables Rainbow Paper Cups,8s,£4.00,50p each,,Home
808879,Sterling New SK Green TT,G,false,403,https://ecom-su-static-prod.wtrecom.com/images/products/3/LN_808879_BP_3.jpg,https://www.waitrose.com/ecom/products/sterling-new-sk-green-tt/808879-729300-729301,Sterling New SK Green TT,20s,£14.40,72p each,,Home
807759,Table Fun Sparklers Number 9,G,false,404,https://ecom-su-static-prod.wtrecom.com/images/products/3/LN_807759_BP_3.jpg,https://www.waitrose.com/ecom/products/table-fun-sparklers-number-9/807759-757767-757768,Table Fun Sparklers Number 9,Each,£2.00,£2 each,,Home
807416,Lisbon 20cm Bowl Green,G,false,405,https://ecom-su-static-prod.wtrecom.com/images/products/3/LN_807416_BP_3.jpg,https://www.waitrose.com/ecom/products/lisbon-20cm-bowl-green/807416-816376-816377,Lisbon 20cm Bowl Green,each,£7.50,£7.50 each,,Home
807370,Glass Container Clip Lid 670ml…,G,false,406,https://ecom-su-static-prod.wtrecom.com/images/products/3/LN_807370_BP_3.jpg,https://www.waitrose.com/ecom/products/glass-container-clip-lid-670ml/807370-806530-806531,Glass Container Clip Lid 670ml…,each,£6.00,£6 each,,Home
807343,John Lewis ANYDAY Revision Cards,G,false,407,https://ecom-su-static-prod.wtrecom.com/images/products/3/LN_807343_BP_3.jpg,https://www.waitrose.com/ecom/products/john-lewis-anyday-revision-cards/807343-813778-813779,John Lewis ANYDAY Revision Cards,each,£2.50,£2.50 each,,Home
807260,Labradors,G,false,408,https://ecom-su-static-prod.wtrecom.com/images/products/3/LN_807260_BP_3.jpg,https://www.waitrose.com/ecom/products/labradors/807260-734464-734465,Labradors,1,£2.85,,,Home
807048,Uhu Super Glue,G,false,409,https://ecom-su-static-prod.wtrecom.com/images/products/3/LN_807048_BP_3.jpg,https://www.waitrose.com/ecom/products/uhu-super-glue/807048-167241-167242,Uhu Super Glue,each,£4.00,£4 each,,Home
806896,Table Fun Sparklers Number 3,G,false,410,https://ecom-su-static-prod.wtrecom.com/images/products/3/LN_806896_BP_3.jpg,https://www.waitrose.com/ecom/products/table-fun-sparklers-number-3/806896-757765-757766,Table Fun Sparklers Number 3,Each,£2.00,£2 each,,Home
805415,Waitrose 6 Bottle Recycled Bag,G,false,411,https://ecom-su-static-prod.wtrecom.com/images/products/3/LN_805415_BP_3.jpg,https://www.waitrose.com/ecom/products/waitrose-6-bottle-recycled-bag/805415-783042-783043,Waitrose 6 Bottle Recycled Bag,each,£3.00,£3 each,,Home
804804,John Lewis ANYDAY Black Notebook A4,G,false,412,https://ecom-su-static-prod.wtrecom.com/images/products/3/LN_804804_BP_3.jpg,https://www.waitrose.com/ecom/products/john-lewis-anyday-black-notebook-a4/804804-813772-813773,John Lewis ANYDAY Black Notebook A4,each,£4.00,£4 each,,Home
804700,Glass Container Clip Lid 400ml,G,false,413,https://ecom-su-static-prod.wtrecom.com/images/products/3/LN_804700_BP_3.jpg,https://www.waitrose.com/ecom/products/glass-container-clip-lid-400ml/804700-806528-806529,Glass Container Clip Lid 400ml,each,£4.00,£4 each,,Home
803304,John Lewis ANYDAY Black Notebook A6,G,false,414,https://ecom-su-static-prod.wtrecom.com/images/products/3/LN_803304_BP_3.jpg,https://www.waitrose.com/ecom/products/john-lewis-anyday-black-notebook-a6/803304-813768-813769,John Lewis ANYDAY Black Notebook A6,each,£2.00,£2 each,,Home
802445,JL Frame Black 6x8,G,true,415,https://ecom-su-static-prod.wtrecom.com/images/products/3/LN_802445_BP_3.jpg,https://www.waitrose.com/ecom/products/jl-frame-black-6x8/802445-734400-734401,JL Frame Black 6x8,each,£10.50,£10.50 each,25% Off. Was £14.00,Home
802411,Sistema 500ml Stainless Steel Bottle Assorted Colours,G,false,416,https://ecom-su-static-prod.wtrecom.com/images/products/3/LN_802411_BP_3.jpg,https://www.waitrose.com/ecom/products/sistema-500ml-stainless-steel-bottle-assorted-colours/802411-689614-689615,Sistema 500ml Stainless Steel Bottle Assorted Colours,each,£15.00,£15 each,,Home
801452,JL Core White Tea Diffuser,G,false,417,https://ecom-su-static-prod.wtrecom.com/images/products/3/LN_801452_BP_3.jpg,https://www.waitrose.com/ecom/products/jl-core-white-tea-diffuser/801452-760164-760165,JL Core White Tea Diffuser,each,£13.00,£13 each,,Home
801328,Confetti Balloon Happy Birthday Greetings Card,G,false,418,https://ecom-su-static-prod.wtrecom.com/images/products/3/LN_801328_BP_3.jpg,https://www.waitrose.com/ecom/products/confetti-balloon-happy-birthday-greetings-card/801328-774904-774905,Confetti Balloon Happy Birthday Greetings Card,1,£3.75,,,Home
800964,Navy Stripe Giftwrap 3m,G,false,419,https://ecom-su-static-prod.wtrecom.com/images/products/3/LN_800964_BP_3.jpg,https://www.waitrose.com/ecom/products/navy-stripe-giftwrap-3m/800964-817764-817765,Navy Stripe Giftwrap 3m,each,£2.50,£2.50 each,,Home
800854,Gardening Mug,G,false,420,https://ecom-su-static-prod.wtrecom.com/images/products/3/LN_800854_BP_3.jpg,https://www.waitrose.com/ecom/products/gardening-mug/800854-817762-817763,Gardening Mug,each,£5.00,£5 each,,Home
800620,John Lewis Handheld Sage Fan,G,false,421,https://ecom-su-static-prod.wtrecom.com/images/products/3/LN_800620_BP_3.jpg,https://www.waitrose.com/ecom/products/john-lewis-handheld-sage-fan/800620-806653-806654,John Lewis Handheld Sage Fan,each,£12.00,£12 each,,Home
800255,Table Fun Sparklers Number 0,G,false,422,https://ecom-su-static-prod.wtrecom.com/images/products/3/LN_800255_BP_3.jpg,https://www.waitrose.com/ecom/products/table-fun-sparklers-number-0/800255-757763-757764,Table Fun Sparklers Number 0,Each,£2.00,£2 each,,Home
799931,House By John Lewis House Steel Double Oven Glove,G,false,423,https://ecom-su-static-prod.wtrecom.com/images/products/3/LN_799931_BP_3.jpg,https://www.waitrose.com/ecom/products/house-by-john-lewis-house-steel-double-oven-glove/799931-703338-703339,House By John Lewis House Steel Double Oven Glove,each,£12.00,£12 each,,Home
798401,Tefal Titanium Excellence 28cm Frying Pan,G,false,424,https://ecom-su-static-prod.wtrecom.com/images/products/3/LN_798401_BP_3.jpg,https://www.waitrose.com/ecom/products/tefal-titanium-excellence-28cm-frying-pan/798401-812223-812224,Tefal Titanium Excellence 28cm Frying Pan,each,£24.00,£24 each,,Home
796552,JL Senti Red Love Diffuser,G,false,425,https://ecom-su-static-prod.wtrecom.com/images/products/3/LN_796552_BP_3.jpg,https://www.waitrose.com/ecom/products/jl-senti-red-love-diffuser/796552-810326-810327,JL Senti Red Love Diffuser,each,£10.00,£10 each,,Home
796545,Anyday Water Bottle Teal,G,true,426,https://ecom-su-static-prod.wtrecom.com/images/products/3/LN_796545_BP_3.jpg,https://www.waitrose.com/ecom/products/anyday-water-bottle-teal/796545-801486-801487,Anyday Water Bottle Teal,each,£9.00,,25% Off. Was £12.00,Home
796001,Vuse ePod vPro Blueberry Ice 18mg 2s,G,false,427,https://ecom-su-static-prod.wtrecom.com/images/products/3/LN_796001_BP_3.jpg,https://www.waitrose.com/ecom/products/vuse-epod-vpro-blueberry-ice-18mg-2s/796001-803898-803899,Vuse ePod vPro Blueberry Ice 18mg 2s,2s,£7.00,£3.50 each,,Home
795958,John Lewis Infusing Jug,G,true,428,https://ecom-su-static-prod.wtrecom.com/images/products/3/LN_795958_BP_3.jpg,https://www.waitrose.com/ecom/products/john-lewis-infusing-jug/795958-658653-658654,John Lewis Infusing Jug,each,£15.00,£15 each,25% Off. Was £15.00,Home
795946,Players Blue SK TT,G,false,429,https://ecom-su-static-prod.wtrecom.com/images/products/3/LN_795946_BP_3.jpg,https://www.waitrose.com/ecom/products/players-blue-sk-tt/795946-648216-648217,Players Blue SK TT,20s,£13.50,67.5p each,,Home
795776,Waitrose Barista Espresso Mug,G,false,430,https://ecom-su-static-prod.wtrecom.com/images/products/3/LN_795776_BP_3.jpg,https://www.waitrose.com/ecom/products/waitrose-barista-espresso-mug/795776-667245-667246,Waitrose Barista Espresso Mug,each,£3.00,£3 each,,Home
794397,Korbond Hook & Loop Black Stick On,G,false,431,https://ecom-su-static-prod.wtrecom.com/images/products/3/LN_794397_BP_3.jpg,https://www.waitrose.com/ecom/products/korbond-hook-loop-black-stick-on/794397-569486-569487,Korbond Hook & Loop Black Stick On,Each,£2.00,£2 each,,Home
794331,Miracle-Gro Pour & Feed All Purpose,G,true,432,https://ecom-su-static-prod.wtrecom.com/images/products/3/LN_794331_BP_3.jpg,https://www.waitrose.com/ecom/products/miracle-gro-pour-feed-all-purpose/794331-794404-794405,Miracle-Gro Pour & Feed All Purpose,1litre,£4.50,45p/100ml,25% Off. Was £6.00,Home
793057,Now Cup 12oz Black,G,false,433,https://ecom-su-static-prod.wtrecom.com/images/products/3/LN_793057_BP_3.jpg,https://www.waitrose.com/ecom/products/now-cup-12oz-black/793057-793162-793163,Now Cup 12oz Black,each,£8.95,£8.95 each,,Home
792670,OXO POP S Square Short 1L,G,false,434,https://ecom-su-static-prod.wtrecom.com/images/products/3/LN_792670_BP_3.jpg,https://www.waitrose.com/ecom/products/oxo-pop-s-square-short-1l/792670-743090-743091,OXO POP S Square Short 1L,1,£11.99,£11.99 each,,Home
792258,Vuse ePod Pods Very Berry 18mg 2s,G,false,435,https://ecom-su-static-prod.wtrecom.com/images/products/3/LN_792258_BP_3.jpg,https://www.waitrose.com/ecom/products/vuse-epod-pods-very-berry-18mg-2s/792258-757819-757820,Vuse ePod Pods Very Berry 18mg 2s,18mg,£6.99,,,Home
792083,Anyday Nylon Slot Turner Black,G,false,436,https://ecom-su-static-prod.wtrecom.com/images/products/3/LN_792083_BP_3.jpg,https://www.waitrose.com/ecom/products/anyday-nylon-slot-turner-black/792083-809852-809853,Anyday Nylon Slot Turner Black,each,£3.00,£3 each,,Home
789839,Vuse ePod Pods Golden Tobacco 18mg 2's,G,false,437,https://ecom-su-static-prod.wtrecom.com/images/products/3/LN_789839_BP_3.jpg,https://www.waitrose.com/ecom/products/vuse-epod-pods-golden-tobacco-18mg-2s/789839-757817-757818,Vuse ePod Pods Golden Tobacco 18mg 2's,18mg,£6.99,,,Home
788872,OXO POP S Square Medium 1.6L,G,false,438,https://ecom-su-static-prod.wtrecom.com/images/products/3/LN_788872_BP_3.jpg,https://www.waitrose.com/ecom/products/oxo-pop-s-square-medium-16l/788872-743082-743083,OXO POP S Square Medium 1.6L,1,£13.99,£13.99 each,,Home
786940,Chesapeake Bay Large Peace & Tranquility (Cashmere Jasmine),G,false,439,https://ecom-su-static-prod.wtrecom.com/images/products/3/LN_786940_BP_3.jpg,https://www.waitrose.com/ecom/products/chesapeake-bay-large-peace-tranquility-cashmere-jasmine/786940-820548-820549,Chesapeake Bay Large Peace & Tranquility (Cashmere Jasmine),355g,£20.00,,,Home
786286,Apple USB-C To USB Adaptor,G,false,440,https://ecom-su-static-prod.wtrecom.com/images/products/3/LN_786286_BP_3.jpg,https://www.waitrose.com/ecom/products/apple-usb-c-to-usb-adaptor/786286-706641-706642,Apple USB-C To USB Adaptor,each,£19.00,£19 each,,Home
786058,Talking Tables 10 Party Poppers Gold & Silver,G,false,441,https://ecom-su-static-prod.wtrecom.com/images/products/3/LN_786058_BP_3.jpg,https://www.waitrose.com/ecom/products/talking-tables-10-party-poppers-gold-silver/786058-750936-750937,Talking Tables 10 Party Poppers Gold & Silver,10x1each,£5.00,,,Home
784840,Anyday Nettle Stripe Mug,G,false,442,https://ecom-su-static-prod.wtrecom.com/images/products/3/LN_784840_BP_3.jpg,https://www.waitrose.com/ecom/products/anyday-nettle-stripe-mug/784840-809838-809839,Anyday Nettle Stripe Mug,each,£3.50,£3.50 each,,Home
784735,Camel Blue TT,G,false,443,https://ecom-su-static-prod.wtrecom.com/images/products/3/LN_784735_BP_3.jpg,https://www.waitrose.com/ecom/products/camel-blue-tt/784735-697114-697115,Camel Blue TT,20s,£17.30,86.5p each,,Home
784688,blu 2.0 Fresh Mint Vape Pods 18mg/ml,G,false,444,https://ecom-su-static-prod.wtrecom.com/images/products/3/LN_784688_BP_3.jpg,https://www.waitrose.com/ecom/products/blu-20-fresh-mint-vape-pods-18mg-ml/784688-803896-803897,blu 2.0 Fresh Mint Vape Pods 18mg/ml,Each,£6.99,£6.99 each,,Home
784086,Botanic Paradise Shopper,G,false,445,https://ecom-su-static-prod.wtrecom.com/images/products/3/LN_784086_BP_3.jpg,https://www.waitrose.com/ecom/products/botanic-paradise-shopper/784086-817760-817761,Botanic Paradise Shopper,each,£6.75,£6.75 each,,Home
783646,John Lewis Pink Bow,G,false,446,https://ecom-su-static-prod.wtrecom.com/images/products/3/LN_783646_BP_3.jpg,https://www.waitrose.com/ecom/products/john-lewis-pink-bow/783646-352256-352257,John Lewis Pink Bow,each,£1.50,£1.50 each,,Home
783478,Morris & Co Bower Dearle Medium Bag,G,false,447,https://ecom-su-static-prod.wtrecom.com/images/products/3/LN_783478_BP_3.jpg,https://www.waitrose.com/ecom/products/morris-co-bower-dearle-medium-bag/783478-817758-817759,Morris & Co Bower Dearle Medium Bag,ieach,£4.50,,,Home
782958,John Lewis Wedding Fleck Bottle Bag,G,false,448,https://ecom-su-static-prod.wtrecom.com/images/products/3/LN_782958_BP_3.jpg,https://www.waitrose.com/ecom/products/john-lewis-wedding-fleck-bottle-bag/782958-721506-721507,John Lewis Wedding Fleck Bottle Bag,each,£2.50,£2.50 each,,Home
780060,Febreze Fabric Freshener Pet,G,true,449,https://ecom-su-static-prod.wtrecom.com/images/products/3/LN_780060_BP_3.jpg,https://www.waitrose.com/ecom/products/febreze-fabric-freshener-pet/780060-795822-795823,Febreze Fabric Freshener Pet,375ml,£3.50,93.3p/100ml,Add 2 for £5,Home
779219,Ultra-Processed People,G,false,450,https://ecom-su-static-prod.wtrecom.com/images/products/3/LN_779219_BP_3.jpg,https://www.waitrose.com/ecom/products/ultra-processed-people/779219-825978-825979,Ultra-Processed People,1Each,£7.99,£7.99 each,,Home
779027,Rachel Ellen Pack of 3 Unicorn Colouring Book,G,false,451,https://ecom-su-static-prod.wtrecom.com/images/products/3/LN_779027_BP_3.jpg,https://www.waitrose.com/ecom/products/rachel-ellen-pack-of-3-unicorn-colouring-book/779027-813758-813759,Rachel Ellen Pack of 3 Unicorn Colouring Book,each,£6.00,£6 each,,Home
778597,Tinc Hot Cold Water Bottle Mallo,G,false,452,https://ecom-su-static-prod.wtrecom.com/images/products/3/LN_778597_BP_3.jpg,https://www.waitrose.com/ecom/products/tinc-hot-cold-water-bottle-mallo/778597-823773-823774,Tinc Hot Cold Water Bottle Mallo,each,£15.00,£15 each,,Home
778550,Peekaboo Dinosaur,G,false,453,https://ecom-su-static-prod.wtrecom.com/images/products/3/LN_778550_BP_3.jpg,https://www.waitrose.com/ecom/products/peekaboo-dinosaur/778550-824664-824665,Peekaboo Dinosaur,1Each,£5.99,£5.99 each,,Home
777848,Embassy Signature Gold SK TT,G,false,454,https://ecom-su-static-prod.wtrecom.com/images/products/3/LN_777848_BP_3.jpg,https://www.waitrose.com/ecom/products/embassy-signature-gold-sk-tt/777848-697106-697107,Embassy Signature Gold SK TT,20s,£12.75,63.8p each,,Home
777489,John Lewis Classic 12 Cup Muffin Tin,G,false,455,https://ecom-su-static-prod.wtrecom.com/images/products/3/LN_777489_BP_3.jpg,https://www.waitrose.com/ecom/products/john-lewis-classic-12-cup-muffin-tin/777489-709819-709820,John Lewis Classic 12 Cup Muffin Tin,each,£9.00,£9 each,,Home
776390,Sistema Microwave Round Bowl 915ml,G,false,456,https://ecom-su-static-prod.wtrecom.com/images/products/3/LN_776390_BP_3.jpg,https://www.waitrose.com/ecom/products/sistema-microwave-round-bowl-915ml/776390-377955-377956,Sistema Microwave Round Bowl 915ml,each,£5.99,£5.99 each,,Home
774311,Henri Wintermans Half Corona Cigars,G,false,457,https://ecom-su-static-prod.wtrecom.com/images/products/3/LN_774311_BP_3.jpg,https://www.waitrose.com/ecom/products/henri-wintermans-half-corona-cigars/774311-535561-535562,Henri Wintermans Half Corona Cigars,5s,£15.90,£3.18 each,,Home
773878,Waitrose Gold Star Napkins 33cm x 33cm,G,false,458,https://ecom-su-static-prod.wtrecom.com/images/products/3/LN_773878_BP_3.jpg,https://www.waitrose.com/ecom/products/waitrose-gold-star-napkins-33cm-x-33cm/773878-702038-702039,Waitrose Gold Star Napkins 33cm x 33cm,16s,£2.00,12.5p each,,Home
773236,John Lewis Anyday Wine Glass Set Of 4 Ribbed Blue,G,true,459,https://ecom-su-static-prod.wtrecom.com/images/products/3/LN_773236_BP_3.jpg,https://www.waitrose.com/ecom/products/john-lewis-anyday-wine-glass-set-of-4-ribbed-blue/773236-821851-821852,John Lewis Anyday Wine Glass Set Of 4 Ribbed Blue,4s,£9.00,£2.25 each,Save 1/3. Was £9.00,Home
772883,Waitrose Home Coloured Star Straws,G,false,460,https://ecom-su-static-prod.wtrecom.com/images/products/3/LN_772883_BP_3.jpg,https://www.waitrose.com/ecom/products/waitrose-home-coloured-star-straws/772883-669061-669062,Waitrose Home Coloured Star Straws,20s,£1.50,7.5p each,,Home
772597,Nordic Spirit Spearment X Strong 11mg 20s,G,false,461,https://ecom-su-static-prod.wtrecom.com/images/products/3/LN_772597_BP_3.jpg,https://www.waitrose.com/ecom/products/nordic-spirit-spearment-x-strong-11mg-20s/772597-793158-793159,Nordic Spirit Spearment X Strong 11mg 20s,20s,£5.00,25p each,,Home
771763,AWorks Restful Diffuser,G,true,462,https://ecom-su-static-prod.wtrecom.com/images/products/3/LN_771763_BP_3.jpg,https://www.waitrose.com/ecom/products/aworks-restful-diffuser/771763-720301-720302,AWorks Restful Diffuser,Each,£8.00,£8 each,20% Off. Was £10.00,Home
771221,Korbond Home Needle Kit,G,false,463,https://ecom-su-static-prod.wtrecom.com/images/products/3/LN_771221_BP_3.jpg,https://www.waitrose.com/ecom/products/korbond-home-needle-kit/771221-689534-689535,Korbond Home Needle Kit,1x6each,£2.00,,,Home
770569,Nordic Spirit Mint 12mg,G,false,464,https://ecom-su-static-prod.wtrecom.com/images/products/3/LN_770569_BP_3.jpg,https://www.waitrose.com/ecom/products/nordic-spirit-mint-12mg/770569-757751-757752,Nordic Spirit Mint 12mg,20s,£5.00,25p each,,Home
769954,Waitrose Gladioli Mombasa Corms,G,false,465,https://ecom-su-static-prod.wtrecom.com/images/products/3/LN_769954_BP_3.jpg,https://www.waitrose.com/ecom/products/waitrose-gladioli-mombasa-corms/769954-746397-746398,Waitrose Gladioli Mombasa Corms,12s,£4.00,33.3p each,,Home
769081,Caroline Gardner Bottle Bag,G,false,466,https://ecom-su-static-prod.wtrecom.com/images/products/3/LN_769081_BP_3.jpg,https://www.waitrose.com/ecom/products/caroline-gardner-bottle-bag/769081-250319-250320,Caroline Gardner Bottle Bag,each,£3.00,£3 each,,Home
768622,John Lewis Classic Side Plate,G,false,467,https://ecom-su-static-prod.wtrecom.com/images/products/3/LN_768622_BP_3.jpg,https://www.waitrose.com/ecom/products/john-lewis-classic-side-plate/768622-821849-821850,John Lewis Classic Side Plate,each,£12.00,£12 each,,Home
768227,Birthday Greetings Card - Special Friend,G,false,468,https://ecom-su-static-prod.wtrecom.com/images/products/3/LN_768227_BP_3.jpg,https://www.waitrose.com/ecom/products/birthday-greetings-card-special-friend/768227-734160-734161,Birthday Greetings Card - Special Friend,1,£4.00,,,Home
767937,John Lewis Classic Non-Stick 2lb Loaf Tin,G,false,469,https://ecom-su-static-prod.wtrecom.com/images/products/3/LN_767937_BP_3.jpg,https://www.waitrose.com/ecom/products/john-lewis-classic-non-stick-2lb-loaf-tin/767937-743963-743964,John Lewis Classic Non-Stick 2lb Loaf Tin,each,£10.00,£10 each,,Home
767803,Rainbow Strip Giftwrap 5M,G,false,470,https://ecom-su-static-prod.wtrecom.com/images/products/3/LN_767803_BP_3.jpg,https://www.waitrose.com/ecom/products/rainbow-strip-giftwrap-5m/767803-817750-817751,Rainbow Strip Giftwrap 5M,each,£4.00,£4 each,,Home
767302,John Lewis Serving Tongs,G,false,471,https://ecom-su-static-prod.wtrecom.com/images/products/3/LN_767302_BP_3.jpg,https://www.waitrose.com/ecom/products/john-lewis-serving-tongs/767302-678973-678974,John Lewis Serving Tongs,each,£8.00,£8 each,,Home
766472,Korbond Dark Mix Thread Selection,G,false,472,https://ecom-su-static-prod.wtrecom.com/images/products/3/LN_766472_BP_3.jpg,https://www.waitrose.com/ecom/products/korbond-dark-mix-thread-selection/766472-551980-551981,Korbond Dark Mix Thread Selection,12s,£2.75,22.9p each,,Home
766109,Morris & Co Pure Thistle Bottle Bag,G,false,473,https://ecom-su-static-prod.wtrecom.com/images/products/3/LN_766109_BP_3.jpg,https://www.waitrose.com/ecom/products/morris-co-pure-thistle-bottle-bag/766109-761453-761454,Morris & Co Pure Thistle Bottle Bag,each,£4.50,£4.50 each,,Home
765836,Swan Menthol Filter Tips 120s,G,false,474,https://ecom-su-static-prod.wtrecom.com/images/products/3/LN_765836_BP_3.jpg,https://www.waitrose.com/ecom/products/swan-menthol-filter-tips-120s/765836-108895-108896,Swan Menthol Filter Tips 120s,120s,£1.40,1.2p each,,Home
765704,John Lewis Stars Celebration Plates 23cm,G,false,475,https://ecom-su-static-prod.wtrecom.com/images/products/3/LN_765704_BP_3.jpg,https://www.waitrose.com/ecom/products/john-lewis-stars-celebration-plates-23cm/765704-702030-702031,John Lewis Stars Celebration Plates 23cm,8s,£2.50,31.3p each,,Home
765570,Superkings Original Black SK TT,G,false,476,https://ecom-su-static-prod.wtrecom.com/images/products/3/LN_765570_BP_3.jpg,https://www.waitrose.com/ecom/products/superkings-original-black-sk-tt/765570-561029-561030,Superkings Original Black SK TT,100s,£83.50,83.5p each,,Home
765382,Sovereign Sky Blue TT,G,false,477,https://ecom-su-static-prod.wtrecom.com/images/products/3/LN_765382_BP_3.jpg,https://www.waitrose.com/ecom/products/sovereign-sky-blue-tt/765382-697092-697093,Sovereign Sky Blue TT,20s,£12.75,63.8p each,,Home
764964,MULTI FLORAL NAPKIN 33CM,G,true,478,https://ecom-su-static-prod.wtrecom.com/images/products/3/LN_764964_BP_3.jpg,https://www.waitrose.com/ecom/products/multi-floral-napkin-33cm/764964-817425-817426,MULTI FLORAL NAPKIN 33CM,20s,£1.50,7.5p each,25% Off. Was £2.00,Home
763692,Waitrose Champagne Saver,G,false,479,https://ecom-su-static-prod.wtrecom.com/images/products/3/LN_763692_BP_3.jpg,https://www.waitrose.com/ecom/products/waitrose-champagne-saver/763692-625262-625263,Waitrose Champagne Saver,each,£4.50,£4.50 each,,Home
762190,John Lewis Lisbon Stripe Hi Ball Blue,G,true,480,https://ecom-su-static-prod.wtrecom.com/images/products/3/LN_762190_BP_3.jpg,https://www.waitrose.com/ecom/products/john-lewis-lisbon-stripe-hi-ball-blue/762190-821847-821848,John Lewis Lisbon Stripe Hi Ball Blue,each,£3.00,£3 each,Save 1/3. Was £4.50,Home
761821,Sellotape Sticky Tack,G,true,481,https://ecom-su-static-prod.wtrecom.com/images/products/3/LN_761821_BP_3.jpg,https://www.waitrose.com/ecom/products/sellotape-sticky-tack/761821-432897-432898,Sellotape Sticky Tack,each,£1.60,£1.60 each,20% Off. Was £2.00,Home
761503,Lisbon 15cm Bowl Red,G,false,482,https://ecom-su-static-prod.wtrecom.com/images/products/3/LN_761503_BP_3.jpg,https://www.waitrose.com/ecom/products/lisbon-15cm-bowl-red/761503-816366-816367,Lisbon 15cm Bowl Red,each,£4.50,£4.50 each,,Home
761446,Lékué Stackable Ice Mini Lolly Mould,G,true,483,https://ecom-su-static-prod.wtrecom.com/images/products/3/LN_761446_BP_3.jpg,https://www.waitrose.com/ecom/products/lekue-stackable-ice-mini-lolly-mould/761446-785544-785545,Lékué Stackable Ice Mini Lolly Mould,each,£12.67,£12.67 each,25% Off. Was £16.90,Home
761338,Bike PT2,G,false,484,https://ecom-su-static-prod.wtrecom.com/images/products/3/LN_761338_BP_3.jpg,https://www.waitrose.com/ecom/products/bike-pt2/761338-671053-671054,Bike PT2,Each,£5.75,,,Home
760773,Spear & Jackson Fabric Twin Pack Grow Bags,G,false,485,https://ecom-su-static-prod.wtrecom.com/images/products/3/LN_760773_BP_3.jpg,https://www.waitrose.com/ecom/products/spear-jackson-fabric-twin-pack-grow-bags/760773-745381-745382,Spear & Jackson Fabric Twin Pack Grow Bags,each,£13.00,,,Home
760498,HEETS Blue Selection,G,false,486,https://ecom-su-static-prod.wtrecom.com/images/products/3/LN_760498_BP_3.jpg,https://www.waitrose.com/ecom/products/heets-blue-selection/760498-697080-697081,HEETS Blue Selection,20s,£6.00,30p each,,Home
760445,Glade Pure Happiness Reed Diffusers,G,true,487,https://ecom-su-static-prod.wtrecom.com/images/products/3/LN_760445_BP_3.jpg,https://www.waitrose.com/ecom/products/glade-pure-happiness-reed-diffusers/760445-762496-762497,Glade Pure Happiness Reed Diffusers,80ml,£9.45,£11.82/100ml,Add 2 for £10,Home
760038,Hamlet Fine,G,false,488,https://ecom-su-static-prod.wtrecom.com/images/products/3/LN_760038_BP_3.jpg,https://www.waitrose.com/ecom/products/hamlet-fine/760038-561019-561020,Hamlet Fine,10s,£16.20,£1.62 each,,Home
759259,Air Wick Smooth Satin and Moon Lily Freshmatic Refill Air Freshener,G,false,489,https://ecom-su-static-prod.wtrecom.com/images/products/3/LN_759259_BP_3.jpg,https://www.waitrose.com/ecom/products/air-wick-smooth-satin-and-moon-lily-freshmatic-refill-air-freshener/759259-455032-455033,Air Wick Smooth Satin and Moon Lily Freshmatic Refill Air Freshener,250ml,£6.00,£2.40/100ml,,Home
759220,JL Seagull Mug,G,true,490,https://ecom-su-static-prod.wtrecom.com/images/products/3/LN_759220_BP_3.jpg,https://www.waitrose.com/ecom/products/jl-seagull-mug/759220-809806-809807,JL Seagull Mug,each,£3.75,£3.75 each,25% Off. Was £5.00,Home
759175,Leafy Jungle Napkins PK16,G,false,491,https://ecom-su-static-prod.wtrecom.com/images/products/3/LN_759175_BP_3.jpg,https://www.waitrose.com/ecom/products/leafy-jungle-napkins-pk16/759175-825215-825216,Leafy Jungle Napkins PK16,48Each,£2.50,5.2p each,,Home
757764,John Lewis Anyday Grid Rug,G,false,492,https://ecom-su-static-prod.wtrecom.com/images/products/3/LN_757764_BP_3.jpg,https://www.waitrose.com/ecom/products/john-lewis-anyday-grid-rug/757764-821845-821846,John Lewis Anyday Grid Rug,each,£12.00,£12 each,,Home
757312,JL 8 Cup Cafetiere Blk,G,false,493,https://ecom-su-static-prod.wtrecom.com/images/products/3/LN_757312_BP_3.jpg,https://www.waitrose.com/ecom/products/jl-8-cup-cafetiere-blk/757312-709721-709722,JL 8 Cup Cafetiere Blk,each,£10.50,£10.50 each,,Home
756703,Korbond Threaded Needle Kit,G,false,494,https://ecom-su-static-prod.wtrecom.com/images/products/3/LN_756703_BP_3.jpg,https://www.waitrose.com/ecom/products/korbond-threaded-needle-kit/756703-551970-551971,Korbond Threaded Needle Kit,Each,£2.50,£2.50 each,,Home
756621,John Lewis Acrylic Tumbler,G,false,495,https://ecom-su-static-prod.wtrecom.com/images/products/3/LN_756621_BP_3.jpg,https://www.waitrose.com/ecom/products/john-lewis-acrylic-tumbler/756621-658571-658572,John Lewis Acrylic Tumbler,each,£3.50,£3.50 each,,Home
755383,Riverstone RYO TT,G,false,496,https://ecom-su-static-prod.wtrecom.com/images/products/3/LN_755383_BP_3.jpg,https://www.waitrose.com/ecom/products/riverstone-ryo-tt/755383-697076-697077,Riverstone RYO TT,30g,£19.00,£63.34/100g,,Home
754711,Anyday White 5kg Scales,G,false,497,https://ecom-su-static-prod.wtrecom.com/images/products/3/LN_754711_BP_3.jpg,https://www.waitrose.com/ecom/products/anyday-white-5kg-scales/754711-797208-797209,Anyday White 5kg Scales,each,£10.00,£10 each,,Home
753073,AromaWorks essential Oil Diffuser,G,true,498,https://ecom-su-static-prod.wtrecom.com/images/products/3/LN_753073_BP_3.jpg,https://www.waitrose.com/ecom/products/aromaworks-essential-oil-diffuser/753073-736083-736084,AromaWorks essential Oil Diffuser,Each,£12.00,£12 each,20% Off. Was £15.00,Home
752341,Anyday Can Opener,G,false,499,https://ecom-su-static-prod.wtrecom.com/images/products/3/LN_752341_BP_3.jpg,https://www.waitrose.com/ecom/products/anyday-can-opener/752341-809804-809805,Anyday Can Opener,each,£5.00,£5 each,,Home
751137,John Lewis 27cm Mixing Bowl,G,false,500,https://ecom-su-static-prod.wtrecom.com/images/products/3/LN_751137_BP_3.jpg,https://www.waitrose.com/ecom/products/john-lewis-27cm-mixing-bowl/751137-660685-660686,John Lewis 27cm Mixing Bowl,each,£4.00,£4 each,,Home
749384,Glade Sense & Spray Relaxing Zen Refill,G,true,501,https://ecom-su-static-prod.wtrecom.com/images/products/3/LN_749384_BP_3.jpg,https://www.waitrose.com/ecom/products/glade-sense-spray-relaxing-zen-refill/749384-810784-810785,Glade Sense & Spray Relaxing Zen Refill,18ml,£2.50,£13.89/100ml,save £1.50. Was £4.00,Home
749333,Bee Giftwrap 3M,G,false,502,https://ecom-su-static-prod.wtrecom.com/images/products/3/LN_749333_BP_3.jpg,https://www.waitrose.com/ecom/products/bee-giftwrap-3m/749333-817732-817733,Bee Giftwrap 3M,each,£3.50,£3.50 each,,Home
748020,JL ANYDAY Sticky Notes,G,false,503,https://ecom-su-static-prod.wtrecom.com/images/products/3/LN_748020_BP_3.jpg,https://www.waitrose.com/ecom/products/jl-anyday-sticky-notes/748020-813754-813755,JL ANYDAY Sticky Notes,each,£5.00,£5 each,,Home
747793,JL Succulent in Ceramic Dog Pot,G,false,504,https://ecom-su-static-prod.wtrecom.com/images/products/3/LN_747793_BP_3.jpg,https://www.waitrose.com/ecom/products/jl-succulent-in-ceramic-dog-pot/747793-809796-809797,JL Succulent in Ceramic Dog Pot,each,£6.00,£6 each,,Home
747562,Birthday Greetings Card - Hummingbird,G,false,505,https://ecom-su-static-prod.wtrecom.com/images/products/3/LN_747562_BP_3.jpg,https://www.waitrose.com/ecom/products/birthday-greetings-card-hummingbird/747562-734026-734027,Birthday Greetings Card - Hummingbird,1,£3.75,,,Home
745181,Waitrose Home Stainless Steel Skewers,G,false,506,https://ecom-su-static-prod.wtrecom.com/images/products/3/LN_745181_BP_3.jpg,https://www.waitrose.com/ecom/products/waitrose-home-stainless-steel-skewers/745181-680405-680406,Waitrose Home Stainless Steel Skewers,6s,£4.99,83.2p each,,Home
744887,Sistema Microwave Rectangular Box,G,false,507,https://ecom-su-static-prod.wtrecom.com/images/products/3/LN_744887_BP_3.jpg,https://www.waitrose.com/ecom/products/sistema-microwave-rectangular-box/744887-377829-377830,Sistema Microwave Rectangular Box,each,£5.10,£5.10 each,,Home
744648,Tala Stainless Steel Measuring Cups,G,false,508,https://ecom-su-static-prod.wtrecom.com/images/products/3/LN_744648_BP_3.jpg,https://www.waitrose.com/ecom/products/tala-stainless-steel-measuring-cups/744648-809794-809795,Tala Stainless Steel Measuring Cups,4s,£12.00,£3 each,,Home
744619,Stadteler Norris Pack of 5 HB Pencils,G,false,509,https://ecom-su-static-prod.wtrecom.com/images/products/3/LN_744619_BP_3.jpg,https://www.waitrose.com/ecom/products/stadteler-norris-pack-of-5-hb-pencils/744619-105842-105843,Stadteler Norris Pack of 5 HB Pencils,each,£3.00,£3 each,,Home
744520,Time For Wine,G,false,510,https://ecom-su-static-prod.wtrecom.com/images/products/3/LN_744520_BP_3.jpg,https://www.waitrose.com/ecom/products/time-for-wine/744520-801076-801077,Time For Wine,each,£2.85,,,Home
743587,Nu: Brown Paper roll 10m,G,false,511,https://ecom-su-static-prod.wtrecom.com/images/products/3/LN_743587_BP_3.jpg,https://www.waitrose.com/ecom/products/nu-brown-paper-roll-10m/743587-514393-514394,Nu: Brown Paper roll 10m,Each,£2.50,£2.50 each,,Home
743078,Korbond Stitch Ripper,G,false,512,https://ecom-su-static-prod.wtrecom.com/images/products/3/LN_743078_BP_3.jpg,https://www.waitrose.com/ecom/products/korbond-stitch-ripper/743078-569344-569345,Korbond Stitch Ripper,Each,£2.50,£2.50 each,,Home
743044,Pall Mall Flow Blue KS TT,G,false,513,https://ecom-su-static-prod.wtrecom.com/images/products/3/LN_743044_BP_3.jpg,https://www.waitrose.com/ecom/products/pall-mall-flow-blue-ks-tt/743044-729194-729195,Pall Mall Flow Blue KS TT,20s,£13.60,68p each,,Home
742796,Sterling Original Red SK TT,G,false,514,https://ecom-su-static-prod.wtrecom.com/images/products/3/LN_742796_BP_3.jpg,https://www.waitrose.com/ecom/products/sterling-original-red-sk-tt/742796-697060-697061,Sterling Original Red SK TT,20s,£14.30,71.5p each,,Home
742244,John Lewis Anyday 4 Porcelain Bowls,G,false,515,https://ecom-su-static-prod.wtrecom.com/images/products/3/LN_742244_BP_3.jpg,https://www.waitrose.com/ecom/products/john-lewis-anyday-4-porcelain-bowls/742244-761407-761408,John Lewis Anyday 4 Porcelain Bowls,4s,£12.00,£3 each,,Home
742130,Create a Cake Silver Foil Cases,G,false,516,https://ecom-su-static-prod.wtrecom.com/images/products/3/LN_742130_BP_3.jpg,https://www.waitrose.com/ecom/products/create-a-cake-silver-foil-cases/742130-711792-711793,Create a Cake Silver Foil Cases,45s,£1.70,3.8p each,,Home
741717,Korbond Sewing Kit,G,false,517,https://ecom-su-static-prod.wtrecom.com/images/products/3/LN_741717_BP_3.jpg,https://www.waitrose.com/ecom/products/korbond-sewing-kit/741717-569334-569335,Korbond Sewing Kit,Each,£4.00,£4 each,,Home
740187,Waitrose Cooking knife sharpener,G,false,518,https://ecom-su-static-prod.wtrecom.com/images/products/3/LN_740187_BP_3.jpg,https://www.waitrose.com/ecom/products/waitrose-cooking-knife-sharpener/740187-171120-171121,Waitrose Cooking knife sharpener,each,£17.00,£17 each,,Home
738376,Tinc Stacking Hi-Lighter,G,false,519,https://ecom-su-static-prod.wtrecom.com/images/products/3/LN_738376_BP_3.jpg,https://www.waitrose.com/ecom/products/tinc-stacking-hi-lighter/738376-791581-791582,Tinc Stacking Hi-Lighter,each,£2.50,£2.50 each,,Home
737060,Chesapeake Bay Medium Balance & Harmony (Waterlily Pear),G,false,520,https://ecom-su-static-prod.wtrecom.com/images/products/3/LN_737060_BP_3.jpg,https://www.waitrose.com/ecom/products/chesapeake-bay-medium-balance-harmony-waterlily-pear/737060-820540-820541,Chesapeake Bay Medium Balance & Harmony (Waterlily Pear),250g,£15.00,,,Home
736680,Contemporary Floral Giftwrap 3M,G,false,521,https://ecom-su-static-prod.wtrecom.com/images/products/3/LN_736680_BP_3.jpg,https://www.waitrose.com/ecom/products/contemporary-floral-giftwrap-3m/736680-795510-795511,Contemporary Floral Giftwrap 3M,each,£3.50,£3.50 each,,Home
736438,Waitrose Large Insulated Bag,G,false,522,https://ecom-su-static-prod.wtrecom.com/images/products/3/LN_736438_BP_3.jpg,https://www.waitrose.com/ecom/products/waitrose-large-insulated-bag/736438-730340-730341,Waitrose Large Insulated Bag,Each,£4.50,£4.50 each,,Home
735690,Chesapeake Bay Large Stillness & Purity (Rose Water),G,false,523,https://ecom-su-static-prod.wtrecom.com/images/products/3/LN_735690_BP_3.jpg,https://www.waitrose.com/ecom/products/chesapeake-bay-large-stillness-purity-rose-water/735690-820538-820539,Chesapeake Bay Large Stillness & Purity (Rose Water),355g,£20.00,,,Home
735546,Cutters Choice Original RYO TT,G,false,524,https://ecom-su-static-prod.wtrecom.com/images/products/3/LN_735546_BP_3.jpg,https://www.waitrose.com/ecom/products/cutters-choice-original-ryo-tt/735546-697048-697049,Cutters Choice Original RYO TT,30g,£23.80,£79.34/100g,,Home
735078,American Spirit RYO Blue TT,G,false,525,https://ecom-su-static-prod.wtrecom.com/images/products/3/LN_735078_BP_3.jpg,https://www.waitrose.com/ecom/products/american-spirit-ryo-blue-tt/735078-697044-697045,American Spirit RYO Blue TT,30g,£26.20,£87.34/100g,,Home
734728,Waitrose Garden Climbing Plant Wire 50m,G,false,526,https://ecom-su-static-prod.wtrecom.com/images/products/3/LN_734728_BP_3.jpg,https://www.waitrose.com/ecom/products/waitrose-garden-climbing-plant-wire-50m/734728-407286-407287,Waitrose Garden Climbing Plant Wire 50m,Each,£4.00,£4 each,,Home
734230,Korbond Double Sided Lint Brush,G,false,527,https://ecom-su-static-prod.wtrecom.com/images/products/3/LN_734230_BP_3.jpg,https://www.waitrose.com/ecom/products/korbond-double-sided-lint-brush/734230-588699-588700,Korbond Double Sided Lint Brush,Each,£4.00,£4 each,,Home
732396,John Lewis Anyday 3 Piece Barbecue Tool Set,G,false,528,https://ecom-su-static-prod.wtrecom.com/images/products/3/LN_732396_BP_3.jpg,https://www.waitrose.com/ecom/products/john-lewis-anyday-3-piece-barbecue-tool-set/732396-680389-680390,John Lewis Anyday 3 Piece Barbecue Tool Set,each,£11.99,£11.99 each,,Home
732035,JL Daya Frame No Mount 5x7 inch,G,true,529,https://ecom-su-static-prod.wtrecom.com/images/products/3/LN_732035_BP_3.jpg,https://www.waitrose.com/ecom/products/jl-daya-frame-no-mount-5x7-inch/732035-712229-712230,JL Daya Frame No Mount 5x7 inch,each,£10.50,£10.50 each,25% Off. Was £14.00,Home
732029,John Lewis Kraft Tags,G,false,530,https://ecom-su-static-prod.wtrecom.com/images/products/3/LN_732029_BP_3.jpg,https://www.waitrose.com/ecom/products/john-lewis-kraft-tags/732029-351990-351991,John Lewis Kraft Tags,5s,£1.00,20p each,,Home
731813,Tinc Fidget Pen,G,false,531,https://ecom-su-static-prod.wtrecom.com/images/products/3/LN_731813_BP_3.jpg,https://www.waitrose.com/ecom/products/tinc-fidget-pen/731813-809364-809365,Tinc Fidget Pen,each,£3.50,£3.50 each,,Home
730732,Stop Them Dead,G,false,532,https://ecom-su-static-prod.wtrecom.com/images/products/3/LN_730732_BP_3.jpg,https://www.waitrose.com/ecom/products/stop-them-dead/730732-825976-825977,Stop Them Dead,1Each,£6.99,£6.99 each,,Home
730718,Uhu - Textile Glue,G,false,533,https://ecom-su-static-prod.wtrecom.com/images/products/3/LN_730718_BP_3.jpg,https://www.waitrose.com/ecom/products/uhu-textile-glue/730718-103803-103804,Uhu - Textile Glue,1,£3.99,£3.99 each,,Home
730522,Mayfair New Green TT,G,false,534,https://ecom-su-static-prod.wtrecom.com/images/products/3/LN_730522_BP_3.jpg,https://www.waitrose.com/ecom/products/mayfair-new-green-tt/730522-729178-729179,Mayfair New Green TT,20s,£14.80,74p each,,Home
729942,Apple Earpods with Lightning Connector,G,false,535,https://ecom-su-static-prod.wtrecom.com/images/products/3/LN_729942_BP_3.jpg,https://www.waitrose.com/ecom/products/apple-earpods-with-lightning-connector/729942-706561-706562,Apple Earpods with Lightning Connector,each,£19.00,£19 each,,Home
729922,"John Lewis ANYDAY Check Terry Cotton Tea Towel, Blue",G,false,536,https://ecom-su-static-prod.wtrecom.com/images/products/3/LN_729922_BP_3.jpg,https://www.waitrose.com/ecom/products/john-lewis-anyday-check-terry-cotton-tea-towel-blue/729922-592503-592504,"John Lewis ANYDAY Check Terry Cotton Tea Towel, Blue",each,£5.00,£5 each,,Home
728665,Korbond Black Bra Extender 38mm,G,false,537,https://ecom-su-static-prod.wtrecom.com/images/products/3/LN_728665_BP_3.jpg,https://www.waitrose.com/ecom/products/korbond-black-bra-extender-38mm/728665-588691-588692,Korbond Black Bra Extender 38mm,Each,£1.00,£1 each,,Home
728176,Table Fun Sparklers Number 6,G,false,538,https://ecom-su-static-prod.wtrecom.com/images/products/3/LN_728176_BP_3.jpg,https://www.waitrose.com/ecom/products/table-fun-sparklers-number-6/728176-757735-757736,Table Fun Sparklers Number 6,Each,£2.00,£2 each,,Home
728132,JL Mini Square Lantern,G,false,539,https://ecom-su-static-prod.wtrecom.com/images/products/3/LN_728132_BP_3.jpg,https://www.waitrose.com/ecom/products/jl-mini-square-lantern/728132-709567-709568,JL Mini Square Lantern,each,£12.00,£12 each,,Home
728027,Under the Sea Paper Cups x8,G,false,540,https://ecom-su-static-prod.wtrecom.com/images/products/3/LN_728027_BP_3.jpg,https://www.waitrose.com/ecom/products/under-the-sea-paper-cups-x8/728027-822645-822646,Under the Sea Paper Cups x8,1Each,£2.50,£2.50 each,,Home
727350,Superkings Bright Blue SK TT,G,false,541,https://ecom-su-static-prod.wtrecom.com/images/products/3/LN_727350_BP_3.jpg,https://www.waitrose.com/ecom/products/superkings-bright-blue-sk-tt/727350-560929-560930,Superkings Bright Blue SK TT,100s,£83.50,83.5p each,,Home
726952,Waitrose Home Barbecue Grill Basket,G,false,542,https://ecom-su-static-prod.wtrecom.com/images/products/3/LN_726952_BP_3.jpg,https://www.waitrose.com/ecom/products/waitrose-home-barbecue-grill-basket/726952-680383-680384,Waitrose Home Barbecue Grill Basket,each,£10.99,£10.99 each,,Home
726860,OCB Virgin Slim Papers & Filters 32s,G,false,543,https://ecom-su-static-prod.wtrecom.com/images/products/3/LN_726860_BP_3.jpg,https://www.waitrose.com/ecom/products/ocb-virgin-slim-papers-filters-32s/726860-793148-793149,OCB Virgin Slim Papers & Filters 32s,Each,£1.50,,,Home
726108,John Lewis The Pan Saucepan 16cm,G,true,544,https://ecom-su-static-prod.wtrecom.com/images/products/3/LN_726108_BP_3.jpg,https://www.waitrose.com/ecom/products/john-lewis-the-pan-saucepan-16cm/726108-764668-764669,John Lewis The Pan Saucepan 16cm,each,£24.00,£24 each,20% Off. Was £30.00,Home
725286,Small Split Ocean Bound Plastic,G,false,545,https://ecom-su-static-prod.wtrecom.com/images/products/3/LN_725286_BP_3.jpg,https://www.waitrose.com/ecom/products/small-split-ocean-bound-plastic/725286-783124-783125,Small Split Ocean Bound Plastic,each,£4.50,£4.50 each,,Home
724717,Uni-Ball Eye Fine Pack of 3 Black/Blue/Red Pens,G,false,546,https://ecom-su-static-prod.wtrecom.com/images/products/3/LN_724717_BP_3.jpg,https://www.waitrose.com/ecom/products/uni-ball-eye-fine-pack-of-3-black-blue-red-pens/724717-721445-721446,Uni-Ball Eye Fine Pack of 3 Black/Blue/Red Pens,3s,£7.00,£2.34 each,,Home
723553,Talking Tables Rainbow Shaped Plates,G,false,547,https://ecom-su-static-prod.wtrecom.com/images/products/3/LN_723553_BP_3.jpg,https://www.waitrose.com/ecom/products/talking-tables-rainbow-shaped-plates/723553-738591-738592,Talking Tables Rainbow Shaped Plates,12s,£5.00,41.7p each,,Home
722958,Energizer Vision Headlamp,G,false,548,https://ecom-su-static-prod.wtrecom.com/images/products/3/LN_722958_BP_3.jpg,https://www.waitrose.com/ecom/products/energizer-vision-headlamp/722958-817984-817985,Energizer Vision Headlamp,1Each,£13.00,£13 each,,Home
721974,John Lewis Union Jack Napkins 33cm,G,true,549,https://ecom-su-static-prod.wtrecom.com/images/products/3/LN_721974_BP_3.jpg,https://www.waitrose.com/ecom/products/john-lewis-union-jack-napkins-33cm/721974-747029-747030,John Lewis Union Jack Napkins 33cm,16s,£1.50,9.4p each,25% Off. Was £2.00,Home
720906,Waitrose Cotton Bag,G,false,550,https://ecom-su-static-prod.wtrecom.com/images/products/3/LN_720906_BP_3.jpg,https://www.waitrose.com/ecom/products/waitrose-cotton-bag/720906-700166-700167,Waitrose Cotton Bag,Each,£4.00,£4 each,,Home
720624,Pink Stripe Giftwrap 3m,G,false,551,https://ecom-su-static-prod.wtrecom.com/images/products/3/LN_720624_BP_3.jpg,https://www.waitrose.com/ecom/products/pink-stripe-giftwrap-3m/720624-817718-817719,Pink Stripe Giftwrap 3m,each,£2.50,£2.50 each,,Home
720480,Big Flower Cushion 50x50cm,G,true,552,https://ecom-su-static-prod.wtrecom.com/images/products/3/LN_720480_BP_3.jpg,https://www.waitrose.com/ecom/products/big-flower-cushion-50x50cm/720480-823999-824000,Big Flower Cushion 50x50cm,each,£10.00,£10 each,Save 1/3. Was £15.00,Home
719344,Door Kit Bright,G,false,553,https://ecom-su-static-prod.wtrecom.com/images/products/3/LN_719344_BP_3.jpg,https://www.waitrose.com/ecom/products/door-kit-bright/719344-821825-821826,Door Kit Bright,each,£10.00,£10 each,,Home
719098,ANYDAY Cannon Glass Vase,G,false,554,https://ecom-su-static-prod.wtrecom.com/images/products/3/LN_719098_BP_3.jpg,https://www.waitrose.com/ecom/products/anyday-cannon-glass-vase/719098-738537-738538,ANYDAY Cannon Glass Vase,each,£13.00,£13 each,,Home
718429,Under the Sea Party Hats,G,false,555,https://ecom-su-static-prod.wtrecom.com/images/products/3/LN_718429_BP_3.jpg,https://www.waitrose.com/ecom/products/under-the-sea-party-hats/718429-822643-822644,Under the Sea Party Hats,1Each,£3.00,£3 each,,Home
718275,Helix Oxford Single Hole Sharpener,G,false,556,https://ecom-su-static-prod.wtrecom.com/images/products/3/LN_718275_BP_3.jpg,https://www.waitrose.com/ecom/products/helix-oxford-single-hole-sharpener/718275-593845-593846,Helix Oxford Single Hole Sharpener,each,£1.25,£1.25 each,,Home
717109,i Daily,G,false,557,https://ecom-su-static-prod.wtrecom.com/images/products/3/LN_717109_BP_3.jpg,https://www.waitrose.com/ecom/products/i-daily/717109-101895-101896,i Daily,Each,90p,,,Home
717105,Price's Lavender & Lemongrass Reed Diffuser,G,true,558,https://ecom-su-static-prod.wtrecom.com/images/products/3/LN_717105_BP_3.jpg,https://www.waitrose.com/ecom/products/prices-lavender-lemongrass-reed-diffuser/717105-818878-818879,Price's Lavender & Lemongrass Reed Diffuser,100ml,£6.66,£6.66/100ml,Save 1/3. Was £10.00,Home
716734,PK Extra Goodness Energy Ball 6 Pack,G,false,559,https://ecom-su-static-prod.wtrecom.com/images/products/3/LN_716734_BP_3.jpg,https://www.waitrose.com/ecom/products/pk-extra-goodness-energy-ball-6-pack/716734-816474-816475,PK Extra Goodness Energy Ball 6 Pack,12Each,£3.99,,,Home
715894,Signature Original Cigars,G,false,560,https://ecom-su-static-prod.wtrecom.com/images/products/3/LN_715894_BP_3.jpg,https://www.waitrose.com/ecom/products/signature-original-cigars/715894-535495-535496,Signature Original Cigars,20s,£16.35,81.8p each,,Home
715467,Westland SafeLawn 80m2 Spreader Box,G,false,561,https://ecom-su-static-prod.wtrecom.com/images/products/3/LN_715467_BP_3.jpg,https://www.waitrose.com/ecom/products/westland-safelawn-80m2-spreader-box/715467-816472-816473,Westland SafeLawn 80m2 Spreader Box,Each,£10.99,£10.99 each,,Home
713410,Anyday Nylon Slotted Spoon Black,G,false,562,https://ecom-su-static-prod.wtrecom.com/images/products/3/LN_713410_BP_3.jpg,https://www.waitrose.com/ecom/products/anyday-nylon-slotted-spoon-black/713410-809772-809773,Anyday Nylon Slotted Spoon Black,each,£3.00,£3 each,,Home
713138,Waitrose Stripe Core Pouch Bag,G,false,563,https://ecom-su-static-prod.wtrecom.com/images/products/3/LN_713138_BP_3.jpg,https://www.waitrose.com/ecom/products/waitrose-stripe-core-pouch-bag/713138-686673-686674,Waitrose Stripe Core Pouch Bag,Each,£2.00,£2 each,,Home
712715,Levington Organic Tomorite Tomato Food,G,true,564,https://ecom-su-static-prod.wtrecom.com/images/products/3/LN_712715_BP_3.jpg,https://www.waitrose.com/ecom/products/levington-organic-tomorite-tomato-food/712715-771973-771974,Levington Organic Tomorite Tomato Food,1litre,£8.40,£8.40/litre,Add 2 get 2nd half price,Home
712346,Glade Moment of Zen Reed Diffusers,G,true,565,https://ecom-su-static-prod.wtrecom.com/images/products/3/LN_712346_BP_3.jpg,https://www.waitrose.com/ecom/products/glade-moment-of-zen-reed-diffusers/712346-762472-762473,Glade Moment of Zen Reed Diffusers,80ml,£9.45,£11.82/100ml,Add 2 for £10,Home
712182,Leafy Jungle Character Candles PK5,G,false,566,https://ecom-su-static-prod.wtrecom.com/images/products/3/LN_712182_BP_3.jpg,https://www.waitrose.com/ecom/products/leafy-jungle-character-candles-pk5/712182-825193-825194,Leafy Jungle Character Candles PK5,1Each,£2.50,£2.50 each,,Home
711632,Talking Tables Gold Metallic Balloons 5pk,G,false,567,https://ecom-su-static-prod.wtrecom.com/images/products/3/LN_711632_BP_3.jpg,https://www.waitrose.com/ecom/products/talking-tables-gold-metallic-balloons-5pk/711632-764566-764567,Talking Tables Gold Metallic Balloons 5pk,5s,£3.50,70p each,,Home
711323,Rothmans Blue TT,G,false,568,https://ecom-su-static-prod.wtrecom.com/images/products/3/LN_711323_BP_3.jpg,https://www.waitrose.com/ecom/products/rothmans-blue-tt/711323-697026-697027,Rothmans Blue TT,20s,£13.70,68.5p each,,Home
711081,John Lewis Blue Waves Stacking Mug,G,false,569,https://ecom-su-static-prod.wtrecom.com/images/products/3/LN_711081_BP_3.jpg,https://www.waitrose.com/ecom/products/john-lewis-blue-waves-stacking-mug/711081-797052-797053,John Lewis Blue Waves Stacking Mug,each,£5.00,£5 each,,Home
710510,Lékué Rectangular Ice Cube Tray Red,G,true,570,https://ecom-su-static-prod.wtrecom.com/images/products/3/LN_710510_BP_3.jpg,https://www.waitrose.com/ecom/products/lekue-rectangular-ice-cube-tray-red/710510-785526-785527,Lékué Rectangular Ice Cube Tray Red,each,£4.87,£4.87 each,25% Off. Was £6.50,Home
709057,Dragonfly In Rushes,G,false,571,https://ecom-su-static-prod.wtrecom.com/images/products/3/LN_709057_BP_3.jpg,https://www.waitrose.com/ecom/products/dragonfly-in-rushes/709057-733832-733833,Dragonfly In Rushes,1,£3.00,,,Home
709014,Price's Household Diffuser,G,true,572,https://ecom-su-static-prod.wtrecom.com/images/products/3/LN_709014_BP_3.jpg,https://www.waitrose.com/ecom/products/prices-household-diffuser/709014-454697-454698,Price's Household Diffuser,100ml,£6.66,£6.66/100ml,Save 1/3. Was £10.00,Home
708703,John Lewis Steel Roaster L40 x W28 x H7.7cm,G,false,573,https://ecom-su-static-prod.wtrecom.com/images/products/3/LN_708703_BP_3.jpg,https://www.waitrose.com/ecom/products/john-lewis-steel-roaster-l40-x-w28-x-h77cm/708703-709453-709454,John Lewis Steel Roaster L40 x W28 x H7.7cm,each,£17.00,£17 each,,Home
708313,Blu 2.0 Device Kit,G,false,574,https://ecom-su-static-prod.wtrecom.com/images/products/3/LN_708313_BP_3.jpg,https://www.waitrose.com/ecom/products/blu-20-device-kit/708313-803890-803891,Blu 2.0 Device Kit,59.5g,£9.99,,,Home
708069,John Lewis Gold/Silver Star Straws,G,false,575,https://ecom-su-static-prod.wtrecom.com/images/products/3/LN_708069_BP_3.jpg,https://www.waitrose.com/ecom/products/john-lewis-gold-silver-star-straws/708069-669025-669026,John Lewis Gold/Silver Star Straws,20s,£1.50,7.5p each,,Home
707753,Ginger Ray Rainbow Confetti Balloons,G,false,576,https://ecom-su-static-prod.wtrecom.com/images/products/3/LN_707753_BP_3.jpg,https://www.waitrose.com/ecom/products/ginger-ray-rainbow-confetti-balloons/707753-738441-738442,Ginger Ray Rainbow Confetti Balloons,each,£4.00,£4 each,,Home
707715,Sellotape Parcel Tape,G,false,577,https://ecom-su-static-prod.wtrecom.com/images/products/3/LN_707715_BP_3.jpg,https://www.waitrose.com/ecom/products/sellotape-parcel-tape/707715-669023-669024,Sellotape Parcel Tape,each,£5.00,£5 each,,Home
707595,Helix Oxford Pack of 2 Large Sleeved Erasers,G,false,578,https://ecom-su-static-prod.wtrecom.com/images/products/3/LN_707595_BP_3.jpg,https://www.waitrose.com/ecom/products/helix-oxford-pack-of-2-large-sleeved-erasers/707595-509378-509379,Helix Oxford Pack of 2 Large Sleeved Erasers,2s,£1.80,90p each,,Home
706006,Apple Earpods with 3.5mm Plug,G,false,579,https://ecom-su-static-prod.wtrecom.com/images/products/3/LN_706006_BP_3.jpg,https://www.waitrose.com/ecom/products/apple-earpods-with-35mm-plug/706006-711228-711229,Apple Earpods with 3.5mm Plug,each,£19.00,£19 each,,Home
705997,Rachel Ellen Pack of 3 Dinosaur Colouring Book,G,false,580,https://ecom-su-static-prod.wtrecom.com/images/products/3/LN_705997_BP_3.jpg,https://www.waitrose.com/ecom/products/rachel-ellen-pack-of-3-dinosaur-colouring-book/705997-813740-813741,Rachel Ellen Pack of 3 Dinosaur Colouring Book,each,£6.00,£6 each,,Home
705081,Big K Premium-Grade Charcoal,G,false,581,https://ecom-su-static-prod.wtrecom.com/images/products/3/LN_705081_BP_3.jpg,https://www.waitrose.com/ecom/products/big-k-premium-grade-charcoal/705081-688329-688330,Big K Premium-Grade Charcoal,5kg,£11.75,£2.35/kg,,Home
704556,Lekue Tropical Fruit Molds,G,true,582,https://ecom-su-static-prod.wtrecom.com/images/products/3/LN_704556_BP_3.jpg,https://www.waitrose.com/ecom/products/lekue-tropical-fruit-molds/704556-821815-821816,Lekue Tropical Fruit Molds,4s,£12.67,£3.17 each,25% Off. Was £16.90,Home
703983,John Lewis The Pan Saucepan 20cm,G,true,583,https://ecom-su-static-prod.wtrecom.com/images/products/3/LN_703983_BP_3.jpg,https://www.waitrose.com/ecom/products/john-lewis-the-pan-saucepan-20cm/703983-764516-764517,John Lewis The Pan Saucepan 20cm,each,£32.00,£32 each,20% Off. Was £40.00,Home
703971,Sterling Duel Capsule Leaf Wrap,G,false,584,https://ecom-su-static-prod.wtrecom.com/images/products/3/LN_703971_BP_3.jpg,https://www.waitrose.com/ecom/products/sterling-duel-capsule-leaf-wrap/703971-761355-761356,Sterling Duel Capsule Leaf Wrap,20s,£13.00,65p each,,Home
703806,John Lewis Plastic Measuring Jug 1L,G,false,585,https://ecom-su-static-prod.wtrecom.com/images/products/3/LN_703806_BP_3.jpg,https://www.waitrose.com/ecom/products/john-lewis-plastic-measuring-jug-1l/703806-709433-709434,John Lewis Plastic Measuring Jug 1L,each,£2.00,£2 each,,Home
703791,Sodastream Gas Pink Cannister,G,false,586,https://ecom-su-static-prod.wtrecom.com/images/products/3/LN_703791_BP_3.jpg,https://www.waitrose.com/ecom/products/sodastream-gas-pink-cannister/703791-823727-823728,Sodastream Gas Pink Cannister,each,£22.99,£22.99 each,,Home
702673,John Lewis Classic Square Deep Cake Tin 20cm,G,false,587,https://ecom-su-static-prod.wtrecom.com/images/products/3/LN_702673_BP_3.jpg,https://www.waitrose.com/ecom/products/john-lewis-classic-square-deep-cake-tin-20cm/702673-743892-743893,John Lewis Classic Square Deep Cake Tin 20cm,each,£8.00,£8 each,,Home
699156,Purple Dream Diffuser,G,false,588,https://ecom-su-static-prod.wtrecom.com/images/products/3/LN_699156_BP_3.jpg,https://www.waitrose.com/ecom/products/purple-dream-diffuser/699156-810318-810319,Purple Dream Diffuser,each,£10.00,£10 each,,Home
698565,John Lewis Soft Touch Garlic Press,G,false,589,https://ecom-su-static-prod.wtrecom.com/images/products/3/LN_698565_BP_3.jpg,https://www.waitrose.com/ecom/products/john-lewis-soft-touch-garlic-press/698565-797000-797001,John Lewis Soft Touch Garlic Press,each,£8.00,£8 each,,Home
697972,Helix Oxford Scientific Calculator,G,false,590,https://ecom-su-static-prod.wtrecom.com/images/products/3/LN_697972_BP_3.jpg,https://www.waitrose.com/ecom/products/helix-oxford-scientific-calculator/697972-509364-509365,Helix Oxford Scientific Calculator,each,£13.50,£13.50 each,,Home
697799,Leafy Jungle Paper Cups PK8,G,false,591,https://ecom-su-static-prod.wtrecom.com/images/products/3/LN_697799_BP_3.jpg,https://www.waitrose.com/ecom/products/leafy-jungle-paper-cups-pk8/697799-825185-825186,Leafy Jungle Paper Cups PK8,1Each,£2.50,£2.50 each,,Home
696946,John Lewis Classic Round Cake Tin 20cm,G,false,592,https://ecom-su-static-prod.wtrecom.com/images/products/3/LN_696946_BP_3.jpg,https://www.waitrose.com/ecom/products/john-lewis-classic-round-cake-tin-20cm/696946-709387-709388,John Lewis Classic Round Cake Tin 20cm,each,£9.00,£9 each,,Home
696116,Glade Refreshing Eucalyptus & Lavender,G,true,593,https://ecom-su-static-prod.wtrecom.com/images/products/3/LN_696116_BP_3.jpg,https://www.waitrose.com/ecom/products/glade-refreshing-eucalyptus-lavender/696116-818832-818833,Glade Refreshing Eucalyptus & Lavender,300ml,£2.25,75p/100ml,Add 2 for £3,Home
695931,Febreze 3Volution Refill Vanilla,G,true,594,https://ecom-su-static-prod.wtrecom.com/images/products/3/LN_695931_BP_3.jpg,https://www.waitrose.com/ecom/products/febreze-3volution-refill-vanilla/695931-810764-810765,Febreze 3Volution Refill Vanilla,20ml,£5.00,£25/100ml,Add 2 for £7,Home
695507,JL Senti White Calm Diffuser,G,false,595,https://ecom-su-static-prod.wtrecom.com/images/products/3/LN_695507_BP_3.jpg,https://www.waitrose.com/ecom/products/jl-senti-white-calm-diffuser/695507-810316-810317,JL Senti White Calm Diffuser,each,£10.00,£10 each,,Home
695215,JL Senti Blue Balance Diffuser,G,false,596,https://ecom-su-static-prod.wtrecom.com/images/products/3/LN_695215_BP_3.jpg,https://www.waitrose.com/ecom/products/jl-senti-blue-balance-diffuser/695215-810314-810315,JL Senti Blue Balance Diffuser,each,£10.00,£10 each,,Home
694441,Lisbon Rectangular Platter,G,false,597,https://ecom-su-static-prod.wtrecom.com/images/products/3/LN_694441_BP_3.jpg,https://www.waitrose.com/ecom/products/lisbon-rectangular-platter/694441-816354-816355,Lisbon Rectangular Platter,each,£7.50,£7.50 each,,Home
692982,"Lékué Ice Pop Lolly Moulds, Set of 3",G,true,598,https://ecom-su-static-prod.wtrecom.com/images/products/3/LN_692982_BP_3.jpg,https://www.waitrose.com/ecom/products/lekue-ice-pop-lolly-moulds-set-of-3/692982-823993-823994,"Lékué Ice Pop Lolly Moulds, Set of 3",each,£9.67,£9.67 each,25% Off. Was £12.90,Home
690808,John Lewis Ripple Tumbler Green,G,true,599,https://ecom-su-static-prod.wtrecom.com/images/products/3/LN_690808_BP_3.jpg,https://www.waitrose.com/ecom/products/john-lewis-ripple-tumbler-green/690808-823713-823714,John Lewis Ripple Tumbler Green,each,£4.00,£4 each,25% Off. Was £4.00,Home
689864,John Lewis ANYDAY Memo Block,G,false,600,https://ecom-su-static-prod.wtrecom.com/images/products/3/LN_689864_BP_3.jpg,https://www.waitrose.com/ecom/products/john-lewis-anyday-memo-block/689864-813732-813733,John Lewis ANYDAY Memo Block,each,£5.00,£5 each,,Home
689413,John Lewis Bees Notebook A5,G,false,601,https://ecom-su-static-prod.wtrecom.com/images/products/3/LN_689413_BP_3.jpg,https://www.waitrose.com/ecom/products/john-lewis-bees-notebook-a5/689413-791559-791560,John Lewis Bees Notebook A5,each,£5.00,£5 each,,Home
689153,Staedtler Pack of 4 Textsurfer Highlighters,G,false,602,https://ecom-su-static-prod.wtrecom.com/images/products/3/LN_689153_BP_3.jpg,https://www.waitrose.com/ecom/products/staedtler-pack-of-4-textsurfer-highlighters/689153-722930-722931,Staedtler Pack of 4 Textsurfer Highlighters,each,£5.25,£5.25 each,,Home
688336,Korbond 40 Berry Pins,G,false,603,https://ecom-su-static-prod.wtrecom.com/images/products/3/LN_688336_BP_3.jpg,https://www.waitrose.com/ecom/products/korbond-40-berry-pins/688336-588651-588652,Korbond 40 Berry Pins,40s,£1.90,4.8p each,,Home
688229,Lunch Plus With Cutlery Ocean Bound Plastic,G,false,604,https://ecom-su-static-prod.wtrecom.com/images/products/3/LN_688229_BP_3.jpg,https://www.waitrose.com/ecom/products/lunch-plus-with-cutlery-ocean-bound-plastic/688229-790417-790418,Lunch Plus With Cutlery Ocean Bound Plastic,each,£7.50,£7.50 each,,Home
688142,Under the Sea Paper Plates x8,G,false,605,https://ecom-su-static-prod.wtrecom.com/images/products/3/LN_688142_BP_3.jpg,https://www.waitrose.com/ecom/products/under-the-sea-paper-plates-x8/688142-822639-822640,Under the Sea Paper Plates x8,1Each,£2.75,£2.75 each,,Home
687149,Apple Magsafe Charger,G,false,606,https://ecom-su-static-prod.wtrecom.com/images/products/3/LN_687149_BP_3.jpg,https://www.waitrose.com/ecom/products/apple-magsafe-charger/687149-754397-754398,Apple Magsafe Charger,each,£45.00,£45 each,,Home
685816,John Lewis Tritan Bottle Navy,G,true,607,https://ecom-su-static-prod.wtrecom.com/images/products/3/LN_685816_BP_3.jpg,https://www.waitrose.com/ecom/products/john-lewis-tritan-bottle-navy/685816-807695-807696,John Lewis Tritan Bottle Navy,each,£4.87,£4.87 each,25% Off. Was £6.50,Home
685606,Korbond Darning Needles 1/5,G,false,608,https://ecom-su-static-prod.wtrecom.com/images/products/3/LN_685606_BP_3.jpg,https://www.waitrose.com/ecom/products/korbond-darning-needles-1-5/685606-588647-588648,Korbond Darning Needles 1/5,10s,£1.50,15p each,,Home
685568,TINC LOVELY MALLO SATCHEL LUNCHBOX,G,false,609,https://ecom-su-static-prod.wtrecom.com/images/products/3/LN_685568_BP_3.jpg,https://www.waitrose.com/ecom/products/tinc-lovely-mallo-satchel-lunchbox/685568-823705-823706,TINC LOVELY MALLO SATCHEL LUNCHBOX,each,£15.00,£15 each,,Home
684086,Signature Blue Cigars,G,false,610,https://ecom-su-static-prod.wtrecom.com/images/products/3/LN_684086_BP_3.jpg,https://www.waitrose.com/ecom/products/signature-blue-cigars/684086-535445-535446,Signature Blue Cigars,5x10s,£40.00,80p each,,Home
683325,John Lewis Acrylic Drinks Dispenser,G,true,611,https://ecom-su-static-prod.wtrecom.com/images/products/3/LN_683325_BP_3.jpg,https://www.waitrose.com/ecom/products/john-lewis-acrylic-drinks-dispenser/683325-680308-680309,John Lewis Acrylic Drinks Dispenser,each,£15.00,£15 each,25% Off. Was £20.00,Home
682620,Villiger Premium No.7,G,false,612,https://ecom-su-static-prod.wtrecom.com/images/products/3/LN_682620_BP_3.jpg,https://www.waitrose.com/ecom/products/villiger-premium-no7/682620-803886-803887,Villiger Premium No.7,5s,£21.50,£4.30 each,,Home
680973,John Lewis Acrylic Champagne Glass,G,false,613,https://ecom-su-static-prod.wtrecom.com/images/products/3/LN_680973_BP_3.jpg,https://www.waitrose.com/ecom/products/john-lewis-acrylic-champagne-glass/680973-713938-713939,John Lewis Acrylic Champagne Glass,each,£4.50,£4.50 each,,Home
680566,"John Lewis 4"" Handheld Fan Rechargeable White",G,false,614,https://ecom-su-static-prod.wtrecom.com/images/products/3/LN_680566_BP_3.jpg,https://www.waitrose.com/ecom/products/john-lewis-4-handheld-fan-rechargeable-white/680566-691764-691765,"John Lewis 4"" Handheld Fan Rechargeable White",each,£12.00,£12 each,,Home
678890,JUUL2 Pods UK Crisp Menthol 18mg 2s,G,false,615,https://ecom-su-static-prod.wtrecom.com/images/products/3/LN_678890_BP_3.jpg,https://www.waitrose.com/ecom/products/juul2-pods-uk-crisp-menthol-18mg-2s/678890-779679-779680,JUUL2 Pods UK Crisp Menthol 18mg 2s,13.8Each,£6.00,,,Home
678880,John Lewis Pink Stripe Bottle Bag,G,false,616,https://ecom-su-static-prod.wtrecom.com/images/products/3/LN_678880_BP_3.jpg,https://www.waitrose.com/ecom/products/john-lewis-pink-stripe-bottle-bag/678880-761315-761316,John Lewis Pink Stripe Bottle Bag,each,£1.50,£1.50 each,,Home
678389,Entertain White Wine Glasses x4,G,false,617,https://ecom-su-static-prod.wtrecom.com/images/products/3/LN_678389_BP_3.jpg,https://www.waitrose.com/ecom/products/entertain-white-wine-glasses-x4/678389-809744-809745,Entertain White Wine Glasses x4,4s,£30.00,£7.50 each,,Home
676349,Waitrose Double Jigger Measure,G,false,618,https://ecom-su-static-prod.wtrecom.com/images/products/3/LN_676349_BP_3.jpg,https://www.waitrose.com/ecom/products/waitrose-double-jigger-measure/676349-625187-625188,Waitrose Double Jigger Measure,each,£4.50,£4.50 each,,Home
676006,Cutters Choice Extra Fine RYO TT,G,false,619,https://ecom-su-static-prod.wtrecom.com/images/products/3/LN_676006_BP_3.jpg,https://www.waitrose.com/ecom/products/cutters-choice-extra-fine-ryo-tt/676006-696993-696994,Cutters Choice Extra Fine RYO TT,30g,£21.90,£73/100g,,Home
675552,Anyday Steel Plump Posy Vase,G,false,620,https://ecom-su-static-prod.wtrecom.com/images/products/3/LN_675552_BP_3.jpg,https://www.waitrose.com/ecom/products/anyday-steel-plump-posy-vase/675552-794896-794897,Anyday Steel Plump Posy Vase,each,£8.00,£8 each,,Home
674782,Lily-Flame Candle Tin Happy Birthday,G,false,621,https://ecom-su-static-prod.wtrecom.com/images/products/3/LN_674782_BP_3.jpg,https://www.waitrose.com/ecom/products/lily-flame-candle-tin-happy-birthday/674782-560785-560786,Lily-Flame Candle Tin Happy Birthday,each,£11.00,£11 each,,Home
674271,Happy Birthday Paper Cups,G,false,622,https://ecom-su-static-prod.wtrecom.com/images/products/3/LN_674271_BP_3.jpg,https://www.waitrose.com/ecom/products/happy-birthday-paper-cups/674271-771891-771892,Happy Birthday Paper Cups,8s,£2.50,31.3p each,,Home
673597,Blue Stripe Napkin 33CM 20PK,G,true,623,https://ecom-su-static-prod.wtrecom.com/images/products/3/LN_673597_BP_3.jpg,https://www.waitrose.com/ecom/products/blue-stripe-napkin-33cm-20pk/673597-817415-817416,Blue Stripe Napkin 33CM 20PK,each,£1.50,£1.50 each,25% Off. Was £2.00,Home
672953,Anniversary Balloons,G,false,624,https://ecom-su-static-prod.wtrecom.com/images/products/3/LN_672953_BP_3.jpg,https://www.waitrose.com/ecom/products/anniversary-balloons/672953-733582-733583,Anniversary Balloons,1,£3.75,,,Home
672421,Smash Burger Press,G,false,625,https://ecom-su-static-prod.wtrecom.com/images/products/3/LN_672421_BP_3.jpg,https://www.waitrose.com/ecom/products/smash-burger-press/672421-817383-817384,Smash Burger Press,each,£9.99,£9.99 each,,Home
671529,John Lewis Set of 2 Ice Cube Trays,G,false,626,https://ecom-su-static-prod.wtrecom.com/images/products/3/LN_671529_BP_3.jpg,https://www.waitrose.com/ecom/products/john-lewis-set-of-2-ice-cube-trays/671529-612096-612097,John Lewis Set of 2 Ice Cube Trays,2s,£3.00,£1.50 each,,Home
671403,ANYDAY Ribbed Mug Green,G,false,627,https://ecom-su-static-prod.wtrecom.com/images/products/3/LN_671403_BP_3.jpg,https://www.waitrose.com/ecom/products/anyday-ribbed-mug-green/671403-817698-817699,ANYDAY Ribbed Mug Green,each,£2.25,£2.25 each,,Home
669805,Miracle-Gro Rose & Shrub Plant Food,G,true,628,https://ecom-su-static-prod.wtrecom.com/images/products/3/LN_669805_BP_3.jpg,https://www.waitrose.com/ecom/products/miracle-gro-rose-shrub-plant-food/669805-794384-794385,Miracle-Gro Rose & Shrub Plant Food,800ml,£5.10,63.8p/100ml,25% Off. Was £6.85,Home
669337,Febreze 3volution Plug In Starter Kit Vanilla,G,true,629,https://ecom-su-static-prod.wtrecom.com/images/products/3/LN_669337_BP_3.jpg,https://www.waitrose.com/ecom/products/febreze-3volution-plug-in-starter-kit-vanilla/669337-818787-818788,Febreze 3volution Plug In Starter Kit Vanilla,20ml,£6.00,£30/100ml,Save 1/3. Was £9.00,Home
669056,MULTI STRIPE NAPKIN 33CM 20PK,G,true,630,https://ecom-su-static-prod.wtrecom.com/images/products/3/LN_669056_BP_3.jpg,https://www.waitrose.com/ecom/products/multi-stripe-napkin-33cm-20pk/669056-817413-817414,MULTI STRIPE NAPKIN 33CM 20PK,20s,£1.50,,25% Off. Was £2.00,Home
668161,Polar Gear Freezer Boards Medium,G,true,631,https://ecom-su-static-prod.wtrecom.com/images/products/3/LN_668161_BP_3.jpg,https://www.waitrose.com/ecom/products/polar-gear-freezer-boards-medium/668161-823695-823696,Polar Gear Freezer Boards Medium,each,£2.62,£2.62 each,25% Off. Was £3.50,Home
667609,John Lewis Whisk,G,false,632,https://ecom-su-static-prod.wtrecom.com/images/products/3/LN_667609_BP_3.jpg,https://www.waitrose.com/ecom/products/john-lewis-whisk/667609-678899-678900,John Lewis Whisk,each,£6.00,£6 each,,Home
665921,Mayfair Silver KS 20,G,false,633,https://ecom-su-static-prod.wtrecom.com/images/products/3/LN_665921_BP_3.jpg,https://www.waitrose.com/ecom/products/mayfair-silver-ks-20/665921-793128-793129,Mayfair Silver KS 20,20s,£12.75,63.8p each,,Home
664765,Medium Gold/Black Spot Bag,G,false,634,https://ecom-su-static-prod.wtrecom.com/images/products/3/LN_664765_BP_3.jpg,https://www.waitrose.com/ecom/products/medium-gold-black-spot-bag/664765-795462-795463,Medium Gold/Black Spot Bag,each,£2.00,£2 each,,Home
664285,JL Anyday Checkerboard 30 Litre Cool Bag,G,true,635,https://ecom-su-static-prod.wtrecom.com/images/products/3/LN_664285_BP_3.jpg,https://www.waitrose.com/ecom/products/jl-anyday-checkerboard-30-litre-cool-bag/664285-821805-821806,JL Anyday Checkerboard 30 Litre Cool Bag,each,£11.25,£11.25 each,25% Off. Was £15.00,Home
664148,Waitrose Apple Crumble Juco Bag,G,false,636,https://ecom-su-static-prod.wtrecom.com/images/products/3/LN_664148_BP_3.jpg,https://www.waitrose.com/ecom/products/waitrose-apple-crumble-juco-bag/664148-813054-813055,Waitrose Apple Crumble Juco Bag,each,£5.00,£5 each,,Home
664043,Lessons in Chemistry,G,false,637,https://ecom-su-static-prod.wtrecom.com/images/products/3/LN_664043_BP_3.jpg,https://www.waitrose.com/ecom/products/lessons-in-chemistry/664043-801688-801689,Lessons in Chemistry,Each,£6.99,£6.99 each,,Home
661826,Korbond White Elastic 12mm,G,false,638,https://ecom-su-static-prod.wtrecom.com/images/products/3/LN_661826_BP_3.jpg,https://www.waitrose.com/ecom/products/korbond-white-elastic-12mm/661826-569156-569157,Korbond White Elastic 12mm,Each,£1.75,£1.75 each,,Home
661165,Miracle-Gro Peat Free All Purpose Compost,G,false,639,https://ecom-su-static-prod.wtrecom.com/images/products/3/LN_661165_BP_3.jpg,https://www.waitrose.com/ecom/products/miracle-gro-peat-free-all-purpose-compost/661165-771877-771878,Miracle-Gro Peat Free All Purpose Compost,20Litre,£6.00,30p/litre,,Home
661128,33CM Duni Yellow Napkins,G,true,640,https://ecom-su-static-prod.wtrecom.com/images/products/3/LN_661128_BP_3.jpg,https://www.waitrose.com/ecom/products/33cm-duni-yellow-napkins/661128-822637-822638,33CM Duni Yellow Napkins,20Sheet,£1.50,,25% Off. Was £2.00,Home
660767,JPS Players Easy Rolling Tobacco,G,false,641,https://ecom-su-static-prod.wtrecom.com/images/products/3/LN_660767_BP_3.jpg,https://www.waitrose.com/ecom/products/jps-players-easy-rolling-tobacco/660767-771873-771874,JPS Players Easy Rolling Tobacco,50g,£31.25,£62.50/100g,,Home
658850,HEETS Sienna Selection,G,false,642,https://ecom-su-static-prod.wtrecom.com/images/products/3/LN_658850_BP_3.jpg,https://www.waitrose.com/ecom/products/heets-sienna-selection/658850-696979-696980,HEETS Sienna Selection,20s,£6.00,30p each,,Home
658108,Lily-Flame Candle Tin Thank You,G,false,643,https://ecom-su-static-prod.wtrecom.com/images/products/3/LN_658108_BP_3.jpg,https://www.waitrose.com/ecom/products/lily-flame-candle-tin-thank-you/658108-560737-560738,Lily-Flame Candle Tin Thank You,each,£11.00,£11 each,,Home
657944,Door Kit Gold,G,false,644,https://ecom-su-static-prod.wtrecom.com/images/products/3/LN_657944_BP_3.jpg,https://www.waitrose.com/ecom/products/door-kit-gold/657944-816980-816981,Door Kit Gold,each,£10.00,£10 each,,Home
657674,Price's Diffuser Grapefruit & Mint,G,true,645,https://ecom-su-static-prod.wtrecom.com/images/products/3/LN_657674_BP_3.jpg,https://www.waitrose.com/ecom/products/prices-diffuser-grapefruit-mint/657674-795806-795807,Price's Diffuser Grapefruit & Mint,100ml,£6.66,£6.66/100ml,Save 1/3. Was £10.00,Home
657654,B&H Gold 100 Multipack TT,G,false,646,https://ecom-su-static-prod.wtrecom.com/images/products/3/LN_657654_BP_3.jpg,https://www.waitrose.com/ecom/products/bh-gold-100-multipack-tt/657654-696975-696976,B&H Gold 100 Multipack TT,100s,£82.50,82.5p each,,Home
657306,JL Core Lavender Diffuser,G,false,647,https://ecom-su-static-prod.wtrecom.com/images/products/3/LN_657306_BP_3.jpg,https://www.waitrose.com/ecom/products/jl-core-lavender-diffuser/657306-796834-796835,JL Core Lavender Diffuser,each,£13.00,£13 each,,Home
657004,Tinc Spy Pen,G,false,648,https://ecom-su-static-prod.wtrecom.com/images/products/3/LN_657004_BP_3.jpg,https://www.waitrose.com/ecom/products/tinc-spy-pen/657004-791543-791544,Tinc Spy Pen,each,£3.50,£3.50 each,,Home
656347,Waitrose Premium Foldaway Bag,G,false,649,https://ecom-su-static-prod.wtrecom.com/images/products/3/LN_656347_BP_3.jpg,https://www.waitrose.com/ecom/products/waitrose-premium-foldaway-bag/656347-761818-761819,Waitrose Premium Foldaway Bag,Each,£4.00,£4 each,,Home
656140,John Lewis White Paper Plates,G,false,650,https://ecom-su-static-prod.wtrecom.com/images/products/3/LN_656140_BP_3.jpg,https://www.waitrose.com/ecom/products/john-lewis-white-paper-plates/656140-722225-722226,John Lewis White Paper Plates,8s,£2.25,28.1p each,,Home
655470,John Lewis Alis Vase Medium,G,false,651,https://ecom-su-static-prod.wtrecom.com/images/products/3/LN_655470_BP_3.jpg,https://www.waitrose.com/ecom/products/john-lewis-alis-vase-medium/655470-764164-764165,John Lewis Alis Vase Medium,each,£16.00,£16 each,,Home
655469,Floral Mug Blue Flower,G,false,652,https://ecom-su-static-prod.wtrecom.com/images/products/3/LN_655469_BP_3.jpg,https://www.waitrose.com/ecom/products/floral-mug-blue-flower/655469-796826-796827,Floral Mug Blue Flower,each,£7.00,£7 each,,Home
655069,Woodvale Meadow Floral 2 Sheets 2 Tags,G,false,653,https://ecom-su-static-prod.wtrecom.com/images/products/3/LN_655069_BP_3.jpg,https://www.waitrose.com/ecom/products/woodvale-meadow-floral-2-sheets-2-tags/655069-817692-817693,Woodvale Meadow Floral 2 Sheets 2 Tags,each,£1.50,,,Home
654562,Well Behaved Woman Greetings Card,G,false,654,https://ecom-su-static-prod.wtrecom.com/images/products/3/LN_654562_BP_3.jpg,https://www.waitrose.com/ecom/products/well-behaved-woman-greetings-card/654562-733476-733477,Well Behaved Woman Greetings Card,1,£3.75,,,Home
653619,Sorry For Your Loss,G,false,655,https://ecom-su-static-prod.wtrecom.com/images/products/3/LN_653619_BP_3.jpg,https://www.waitrose.com/ecom/products/sorry-for-your-loss/653619-774534-774535,Sorry For Your Loss,1,£3.25,,,Home
653507,Sterling Dual Caps Leaf Wrapped,G,false,656,https://ecom-su-static-prod.wtrecom.com/images/products/3/LN_653507_BP_3.jpg,https://www.waitrose.com/ecom/products/sterling-dual-caps-leaf-wrapped/653507-729106-729107,Sterling Dual Caps Leaf Wrapped,10s,£6.90,69p each,,Home
651424,Helix Clear Pencil Case,G,false,657,https://ecom-su-static-prod.wtrecom.com/images/products/3/LN_651424_BP_3.jpg,https://www.waitrose.com/ecom/products/helix-clear-pencil-case/651424-441681-441682,Helix Clear Pencil Case,each,£1.70,£1.70 each,,Home
650555,John Lewis Barbecue Starter,G,false,658,https://ecom-su-static-prod.wtrecom.com/images/products/3/LN_650555_BP_3.jpg,https://www.waitrose.com/ecom/products/john-lewis-barbecue-starter/650555-680262-680263,John Lewis Barbecue Starter,each,£16.99,£16.99 each,,Home
649891,Tinc Blue Star Highlighter,G,false,659,https://ecom-su-static-prod.wtrecom.com/images/products/3/LN_649891_BP_3.jpg,https://www.waitrose.com/ecom/products/tinc-blue-star-highlighter/649891-809362-809363,Tinc Blue Star Highlighter,each,£3.75,£3.75 each,,Home
649757,Anyday Ribbed Mug Celeste,G,false,660,https://ecom-su-static-prod.wtrecom.com/images/products/3/LN_649757_BP_3.jpg,https://www.waitrose.com/ecom/products/anyday-ribbed-mug-celeste/649757-796802-796803,Anyday Ribbed Mug Celeste,each,£2.25,£2.25 each,,Home
649312,Terea Amber,G,false,661,https://ecom-su-static-prod.wtrecom.com/images/products/3/LN_649312_BP_3.jpg,https://www.waitrose.com/ecom/products/terea-amber/649312-813714-813715,Terea Amber,1Each,£6.00,£6 each,,Home
649250,Flora Love Hearts Mug Red,G,false,662,https://ecom-su-static-prod.wtrecom.com/images/products/3/LN_649250_BP_3.jpg,https://www.waitrose.com/ecom/products/flora-love-hearts-mug-red/649250-816346-816347,Flora Love Hearts Mug Red,each,£7.00,£7 each,,Home
648760,Anyday Bar Tool Set,G,false,663,https://ecom-su-static-prod.wtrecom.com/images/products/3/LN_648760_BP_3.jpg,https://www.waitrose.com/ecom/products/anyday-bar-tool-set/648760-807693-807694,Anyday Bar Tool Set,each,£13.00,£13 each,,Home
648436,B&H Blue 100 Multipack TT,G,false,664,https://ecom-su-static-prod.wtrecom.com/images/products/3/LN_648436_BP_3.jpg,https://www.waitrose.com/ecom/products/bh-blue-100-multipack-tt/648436-696971-696972,B&H Blue 100 Multipack TT,100s,£65.00,65p each,,Home
647952,Just Married Wrapping Paper 2 Sheet,G,false,665,https://ecom-su-static-prod.wtrecom.com/images/products/3/LN_647952_BP_3.jpg,https://www.waitrose.com/ecom/products/just-married-wrapping-paper-2-sheet/647952-817688-817689,Just Married Wrapping Paper 2 Sheet,2s,£3.00,£15/10 sheets,,Home
647853,John Lewis Lisbon Pasta Bowl,G,false,666,https://ecom-su-static-prod.wtrecom.com/images/products/3/LN_647853_BP_3.jpg,https://www.waitrose.com/ecom/products/john-lewis-lisbon-pasta-bowl/647853-821795-821796,John Lewis Lisbon Pasta Bowl,each,£18.00,£18 each,,Home
645821,Glade Refreshing Energy Reed Diffuser,G,true,667,https://ecom-su-static-prod.wtrecom.com/images/products/3/LN_645821_BP_3.jpg,https://www.waitrose.com/ecom/products/glade-refreshing-energy-reed-diffuser/645821-795802-795803,Glade Refreshing Energy Reed Diffuser,80ml,£9.45,£11.82/100ml,Add 2 for £10,Home
644232,Anyday Nylon Spagetti Spoon Black,G,false,668,https://ecom-su-static-prod.wtrecom.com/images/products/3/LN_644232_BP_3.jpg,https://www.waitrose.com/ecom/products/anyday-nylon-spagetti-spoon-black/644232-809714-809715,Anyday Nylon Spagetti Spoon Black,each,£3.00,£3 each,,Home
643970,Standing in the Shadows - Peter Robinson,G,false,669,https://ecom-su-static-prod.wtrecom.com/images/products/3/LN_643970_BP_3.jpg,https://www.waitrose.com/ecom/products/standing-in-the-shadows-peter-robinson/643970-816540-816541,Standing in the Shadows - Peter Robinson,1Each,£5.59,£5.59 each,,Home
641621,Floral Mug Blue Fern,G,false,670,https://ecom-su-static-prod.wtrecom.com/images/products/3/LN_641621_BP_3.jpg,https://www.waitrose.com/ecom/products/floral-mug-blue-fern/641621-796774-796775,Floral Mug Blue Fern,each,£7.00,£7 each,,Home
638280,JL Stainless Steel Y-Shaped Peeler,G,false,671,https://ecom-su-static-prod.wtrecom.com/images/products/3/LN_638280_BP_3.jpg,https://www.waitrose.com/ecom/products/jl-stainless-steel-y-shaped-peeler/638280-678887-678888,JL Stainless Steel Y-Shaped Peeler,each,£6.00,£6 each,,Home
637612,Leafy Jungle Character Fun Glasses,G,false,672,https://ecom-su-static-prod.wtrecom.com/images/products/3/LN_637612_BP_3.jpg,https://www.waitrose.com/ecom/products/leafy-jungle-character-fun-glasses/637612-825153-825154,Leafy Jungle Character Fun Glasses,1Each,£3.00,£3 each,,Home
637047,Tinc Orange Fuzzy Guy Pen,G,false,673,https://ecom-su-static-prod.wtrecom.com/images/products/3/LN_637047_BP_3.jpg,https://www.waitrose.com/ecom/products/tinc-orange-fuzzy-guy-pen/637047-813706-813707,Tinc Orange Fuzzy Guy Pen,each,£3.00,£3 each,,Home
636994,Polar Gear Large Cooler 16L,G,true,674,https://ecom-su-static-prod.wtrecom.com/images/products/3/LN_636994_BP_3.jpg,https://www.waitrose.com/ecom/products/polar-gear-large-cooler-16l/636994-823665-823666,Polar Gear Large Cooler 16L,each,£14.99,£14.99 each,25% Off. Was £19.99,Home
636019,John Lewis Bright Spot Bottle Bag,G,false,675,https://ecom-su-static-prod.wtrecom.com/images/products/3/LN_636019_BP_3.jpg,https://www.waitrose.com/ecom/products/john-lewis-bright-spot-bottle-bag/636019-761243-761244,John Lewis Bright Spot Bottle Bag,each,£1.50,£1.50 each,,Home
635350,John Lewis Pink Tissue Paper,G,false,676,https://ecom-su-static-prod.wtrecom.com/images/products/3/LN_635350_BP_3.jpg,https://www.waitrose.com/ecom/products/john-lewis-pink-tissue-paper/635350-702222-702223,John Lewis Pink Tissue Paper,5sheets,£2.00,,,Home
634882,Marlboro Gold KS TT 200s,G,false,677,https://ecom-su-static-prod.wtrecom.com/images/products/3/LN_634882_BP_3.jpg,https://www.waitrose.com/ecom/products/marlboro-gold-ks-tt-200s/634882-713794-713795,Marlboro Gold KS TT 200s,10x20Each,£159.00,79.5p each,,Home
634839,Sistema Quick Flip Drinks Bottle 520ml,G,false,678,https://ecom-su-static-prod.wtrecom.com/images/products/3/LN_634839_BP_3.jpg,https://www.waitrose.com/ecom/products/sistema-quick-flip-drinks-bottle-520ml/634839-658381-658382,Sistema Quick Flip Drinks Bottle 520ml,each,£9.00,£9 each,,Home
633845,Welcome To The World,G,false,679,https://ecom-su-static-prod.wtrecom.com/images/products/3/LN_633845_BP_3.jpg,https://www.waitrose.com/ecom/products/welcome-to-the-world/633845-774468-774469,Welcome To The World,1,£3.25,,,Home
633119,John Lewis White & Gold Marble Bottle Bag,G,false,680,https://ecom-su-static-prod.wtrecom.com/images/products/3/LN_633119_BP_3.jpg,https://www.waitrose.com/ecom/products/john-lewis-white-gold-marble-bottle-bag/633119-721338-721339,John Lewis White & Gold Marble Bottle Bag,each,£2.50,£2.50 each,,Home
631400,John Lewis Anyday Drink Wine Glasses 370ml,G,false,681,https://ecom-su-static-prod.wtrecom.com/images/products/3/LN_631400_BP_3.jpg,https://www.waitrose.com/ecom/products/john-lewis-anyday-drink-wine-glasses-370ml/631400-759108-759109,John Lewis Anyday Drink Wine Glasses 370ml,4s,£6.00,£1.50 each,,Home
631202,John Lewis ANYDAY Pack of 25 DL Envelopes,G,false,682,https://ecom-su-static-prod.wtrecom.com/images/products/3/LN_631202_BP_3.jpg,https://www.waitrose.com/ecom/products/john-lewis-anyday-pack-of-25-dl-envelopes/631202-813702-813703,John Lewis ANYDAY Pack of 25 DL Envelopes,each,£2.50,£2.50 each,,Home
631116,JL Beach Hut Mug,G,true,683,https://ecom-su-static-prod.wtrecom.com/images/products/3/LN_631116_BP_3.jpg,https://www.waitrose.com/ecom/products/jl-beach-hut-mug/631116-809706-809707,JL Beach Hut Mug,each,£3.75,£3.75 each,25% Off. Was £5.00,Home
630678,Anyday Glass Sundae,G,false,684,https://ecom-su-static-prod.wtrecom.com/images/products/3/LN_630678_BP_3.jpg,https://www.waitrose.com/ecom/products/anyday-glass-sundae/630678-801404-801405,Anyday Glass Sundae,each,£3.00,£3 each,,Home
630587,Anyday Blue Rim Tumbler,G,false,685,https://ecom-su-static-prod.wtrecom.com/images/products/3/LN_630587_BP_3.jpg,https://www.waitrose.com/ecom/products/anyday-blue-rim-tumbler/630587-796728-796729,Anyday Blue Rim Tumbler,each,£3.50,£3.50 each,,Home
630557,JPS Players Green Filter SK TT 20s,G,false,686,https://ecom-su-static-prod.wtrecom.com/images/products/3/LN_630557_BP_3.jpg,https://www.waitrose.com/ecom/products/jps-players-green-filter-sk-tt-20s/630557-730278-730279,JPS Players Green Filter SK TT 20s,20s,£13.50,67.5p each,,Home
629268,Timeless Lutyens Swing Seat Feeder,G,false,687,https://ecom-su-static-prod.wtrecom.com/images/products/3/LN_629268_BP_3.jpg,https://www.waitrose.com/ecom/products/timeless-lutyens-swing-seat-feeder/629268-794372-794373,Timeless Lutyens Swing Seat Feeder,Each,£20.00,£20 each,,Home
629105,Sistema Snack 'N' Nest To Go Pots,G,false,688,https://ecom-su-static-prod.wtrecom.com/images/products/3/LN_629105_BP_3.jpg,https://www.waitrose.com/ecom/products/sistema-snack-n-nest-to-go-pots/629105-551626-551627,Sistema Snack 'N' Nest To Go Pots,each,£8.50,£8.50 each,,Home
628155,Apple Lightning To USB Cable 0.5m,G,false,689,https://ecom-su-static-prod.wtrecom.com/images/products/3/LN_628155_BP_3.jpg,https://www.waitrose.com/ecom/products/apple-lightning-to-usb-cable-05m/628155-706455-706456,Apple Lightning To USB Cable 0.5m,each,£19.00,£19 each,,Home
628139,Woodvale Safari Animals 2 Sheets & 2 Tags,G,false,690,https://ecom-su-static-prod.wtrecom.com/images/products/3/LN_628139_BP_3.jpg,https://www.waitrose.com/ecom/products/woodvale-safari-animals-2-sheets-2-tags/628139-817672-817673,Woodvale Safari Animals 2 Sheets & 2 Tags,each,£1.50,£1.50 each,,Home
626995,Air Wick Freshmatic Refill Fresh Spring Oasis,G,false,691,https://ecom-su-static-prod.wtrecom.com/images/products/3/LN_626995_BP_3.jpg,https://www.waitrose.com/ecom/products/air-wick-freshmatic-refill-fresh-spring-oasis/626995-818682-818683,Air Wick Freshmatic Refill Fresh Spring Oasis,250ml,£6.00,£2.40/100ml,,Home
625935,With Sympathy Greetings Card,G,false,692,https://ecom-su-static-prod.wtrecom.com/images/products/3/LN_625935_BP_3.jpg,https://www.waitrose.com/ecom/products/with-sympathy-greetings-card/625935-733298-733299,With Sympathy Greetings Card,1,£2.25,,,Home
625490,John Lewis Anyday Tumblers Set Of 4 Ribbed Blue,G,true,693,https://ecom-su-static-prod.wtrecom.com/images/products/3/LN_625490_BP_3.jpg,https://www.waitrose.com/ecom/products/john-lewis-anyday-tumblers-set-of-4-ribbed-blue/625490-821785-821786,John Lewis Anyday Tumblers Set Of 4 Ribbed Blue,4s,£8.00,£2 each,25% Off. Was £8.00,Home
625160,Tinc Orange Jumbo Scented Highlighter,G,false,694,https://ecom-su-static-prod.wtrecom.com/images/products/3/LN_625160_BP_3.jpg,https://www.waitrose.com/ecom/products/tinc-orange-jumbo-scented-highlighter/625160-813698-813699,Tinc Orange Jumbo Scented Highlighter,each,£3.00,£3 each,,Home
625067,John Lewis Anyday 22cm Coupe Plate,G,false,695,https://ecom-su-static-prod.wtrecom.com/images/products/3/LN_625067_BP_3.jpg,https://www.waitrose.com/ecom/products/john-lewis-anyday-22cm-coupe-plate/625067-689278-689279,John Lewis Anyday 22cm Coupe Plate,each,£5.00,£5 each,,Home
622791,Big K Instant Light Charcoal Briquettes,G,false,696,https://ecom-su-static-prod.wtrecom.com/images/products/3/LN_622791_BP_3.jpg,https://www.waitrose.com/ecom/products/big-k-instant-light-charcoal-briquettes/622791-131996-131997,Big K Instant Light Charcoal Briquettes,1.5kg,£4.75,£3.17/kg,,Home
622479,Happy Birthday Bunting,G,false,697,https://ecom-su-static-prod.wtrecom.com/images/products/3/LN_622479_BP_3.jpg,https://www.waitrose.com/ecom/products/happy-birthday-bunting/622479-771805-771806,Happy Birthday Bunting,each,£5.00,£5 each,,Home
621418,Lego Star Wars,G,false,698,https://ecom-su-static-prod.wtrecom.com/images/products/3/LN_621418_BP_3.jpg,https://www.waitrose.com/ecom/products/lego-star-wars/621418-441593-441594,Lego Star Wars,Each,£6.99,,,Home
620961,"John Lewis ANYDAY Stainless Steel Kitchen Scissors, 8cm, Black",G,false,699,https://ecom-su-static-prod.wtrecom.com/images/products/3/LN_620961_BP_3.jpg,https://www.waitrose.com/ecom/products/john-lewis-anyday-stainless-steel-kitchen-scissors-8cm-black/620961-644943-644944,"John Lewis ANYDAY Stainless Steel Kitchen Scissors, 8cm, Black",each,£5.00,£5 each,,Home
619459,ANYDAY Set of 2 Oval Roasters,G,false,700,https://ecom-su-static-prod.wtrecom.com/images/products/3/LN_619459_BP_3.jpg,https://www.waitrose.com/ecom/products/anyday-set-of-2-oval-roasters/619459-795796-795797,ANYDAY Set of 2 Oval Roasters,2s,£16.00,£8 each,,Home
618394,Sterling Dual TT 20s,G,false,701,https://ecom-su-static-prod.wtrecom.com/images/products/3/LN_618394_BP_3.jpg,https://www.waitrose.com/ecom/products/sterling-dual-tt-20s/618394-729076-729077,Sterling Dual TT 20s,20s,£14.70,73.5p each,,Home
616575,Vegafina Classic Corona Cigar,G,false,702,https://ecom-su-static-prod.wtrecom.com/images/products/3/LN_616575_BP_3.jpg,https://www.waitrose.com/ecom/products/vegafina-classic-corona-cigar/616575-793124-793125,Vegafina Classic Corona Cigar,11.5g,£17.50,£152.18/100g,,Home
615198,John Lewis Ripple Jug Aqua,G,true,703,https://ecom-su-static-prod.wtrecom.com/images/products/3/LN_615198_BP_3.jpg,https://www.waitrose.com/ecom/products/john-lewis-ripple-jug-aqua/615198-803803-803804,John Lewis Ripple Jug Aqua,each,£10.00,£10 each,25% Off. Was £15.00,Home
615174,"Tala Rolling Pin, 40cm, FSC-Certified (Beech Wood), Natural",G,false,704,https://ecom-su-static-prod.wtrecom.com/images/products/3/LN_615174_BP_3.jpg,https://www.waitrose.com/ecom/products/tala-rolling-pin-40cm-fsc-certified-beech-wood-natural/615174-809688-809689,"Tala Rolling Pin, 40cm, FSC-Certified (Beech Wood), Natural",each,£4.00,£4 each,,Home
614000,JUUL2 UK Starter Kit,G,false,705,https://ecom-su-static-prod.wtrecom.com/images/products/3/LN_614000_BP_3.jpg,https://www.waitrose.com/ecom/products/juul2-uk-starter-kit/614000-779619-779620,JUUL2 UK Starter Kit,50.4g,£10.00,,,Home
612149,JUUL2 Pods UK Virginia Tobacco 18mg 2s,G,false,706,https://ecom-su-static-prod.wtrecom.com/images/products/3/LN_612149_BP_3.jpg,https://www.waitrose.com/ecom/products/juul2-pods-uk-virginia-tobacco-18mg-2s/612149-779617-779618,JUUL2 Pods UK Virginia Tobacco 18mg 2s,1s,£6.00,£6 each,,Home
611338,John Lewis Classic Oven Tray 33.5cm,G,false,707,https://ecom-su-static-prod.wtrecom.com/images/products/3/LN_611338_BP_3.jpg,https://www.waitrose.com/ecom/products/john-lewis-classic-oven-tray-335cm/611338-708967-708968,John Lewis Classic Oven Tray 33.5cm,each,£8.00,£8 each,,Home
610849,Church At Easter Happy Easter,G,false,708,https://ecom-su-static-prod.wtrecom.com/images/products/3/LN_610849_BP_3.jpg,https://www.waitrose.com/ecom/products/church-at-easter-happy-easter/610849-778050-778051,Church At Easter Happy Easter,each,£2.85,,,Home
610550,John Lewis Classic Springform Cake Tin 20cm,G,false,709,https://ecom-su-static-prod.wtrecom.com/images/products/3/LN_610550_BP_3.jpg,https://www.waitrose.com/ecom/products/john-lewis-classic-springform-cake-tin-20cm/610550-708963-708964,John Lewis Classic Springform Cake Tin 20cm,each,£9.00,£9 each,,Home
610545,Talking Tables 5 Gold Star Sparklers,G,false,710,https://ecom-su-static-prod.wtrecom.com/images/products/3/LN_610545_BP_3.jpg,https://www.waitrose.com/ecom/products/talking-tables-5-gold-star-sparklers/610545-749833-749834,Talking Tables 5 Gold Star Sparklers,5s,£5.00,£1 each,,Home
608371,Match Of The Day,G,false,711,https://ecom-su-static-prod.wtrecom.com/images/products/3/LN_608371_BP_3.jpg,https://www.waitrose.com/ecom/products/match-of-the-day/608371-86293-86294,Match Of The Day,Each,£4.50,,,Home
608239,Terea Turquoise,G,false,712,https://ecom-su-static-prod.wtrecom.com/images/products/3/LN_608239_BP_3.jpg,https://www.waitrose.com/ecom/products/terea-turquoise/608239-813694-813695,Terea Turquoise,1Each,£6.00,£6 each,,Home
608168,Amber Leaf Original 3in1 CPB TT,G,false,713,https://ecom-su-static-prod.wtrecom.com/images/products/3/LN_608168_BP_3.jpg,https://www.waitrose.com/ecom/products/amber-leaf-original-3in1-cpb-tt/608168-696921-696922,Amber Leaf Original 3in1 CPB TT,30g,£23.80,£79.34/100g,,Home
608007,Leafy Jungle Paper Straws PK24,G,false,714,https://ecom-su-static-prod.wtrecom.com/images/products/3/LN_608007_BP_3.jpg,https://www.waitrose.com/ecom/products/leafy-jungle-paper-straws-pk24/608007-825127-825128,Leafy Jungle Paper Straws PK24,1Each,£2.25,£2.25 each,,Home
606566,JUUL 2pods Crisp Menthol Twin Pack 18mg,G,false,715,https://ecom-su-static-prod.wtrecom.com/images/products/3/LN_606566_BP_3.jpg,https://www.waitrose.com/ecom/products/juul-2pods-crisp-menthol-twin-pack-18mg/606566-813692-813693,JUUL 2pods Crisp Menthol Twin Pack 18mg,2x2.4ml,£13.00,£2708.34/litre,,Home
604662,"Levington Fish, Blood & Bone Plant Food",G,false,716,https://ecom-su-static-prod.wtrecom.com/images/products/3/LN_604662_BP_3.jpg,https://www.waitrose.com/ecom/products/levington-fish-blood-bone-plant-food/604662-794366-794367,"Levington Fish, Blood & Bone Plant Food",1.5Kg,£7.00,46.7p/100g,,Home
602811,John Lewis Bird Notebook A5,G,false,717,https://ecom-su-static-prod.wtrecom.com/images/products/3/LN_602811_BP_3.jpg,https://www.waitrose.com/ecom/products/john-lewis-bird-notebook-a5/602811-804464-804465,John Lewis Bird Notebook A5,each,£5.00,£5 each,,Home
602250,Leafy Jungle Paper Plates PK8,G,false,718,https://ecom-su-static-prod.wtrecom.com/images/products/3/LN_602250_BP_3.jpg,https://www.waitrose.com/ecom/products/leafy-jungle-paper-plates-pk8/602250-825121-825122,Leafy Jungle Paper Plates PK8,1Each,£2.75,£2.75 each,,Home
601447,Waitrose Garden Jute Twine,G,false,719,https://ecom-su-static-prod.wtrecom.com/images/products/3/LN_601447_BP_3.jpg,https://www.waitrose.com/ecom/products/waitrose-garden-jute-twine/601447-327790-327791,Waitrose Garden Jute Twine,Each,£3.90,£3.90 each,,Home
601147,Klip It Lunch 400ml 3 Pack,G,false,720,https://ecom-su-static-prod.wtrecom.com/images/products/3/LN_601147_BP_3.jpg,https://www.waitrose.com/ecom/products/klip-it-lunch-400ml-3-pack/601147-783478-783479,Klip It Lunch 400ml 3 Pack,3s,£7.50,£2.50 each,,Home
600271,Orange Foliage Napkin 33cm,G,true,721,https://ecom-su-static-prod.wtrecom.com/images/products/3/LN_600271_BP_3.jpg,https://www.waitrose.com/ecom/products/orange-foliage-napkin-33cm/600271-817409-817410,Orange Foliage Napkin 33cm,each,£1.50,£1.50 each,25% Off. Was £2.00,Home
600132,Öpso Mediterranean Citrus Grove Reed Diffuser,G,false,722,https://ecom-su-static-prod.wtrecom.com/images/products/3/LN_600132_BP_3.jpg,https://www.waitrose.com/ecom/products/opso-mediterranean-citrus-grove-reed-diffuser/600132-736047-736048,Öpso Mediterranean Citrus Grove Reed Diffuser,50ml,£9.00,£18/100ml,,Home
599797,Bee Bottle Bag,G,false,723,https://ecom-su-static-prod.wtrecom.com/images/products/3/LN_599797_BP_3.jpg,https://www.waitrose.com/ecom/products/bee-bottle-bag/599797-817662-817663,Bee Bottle Bag,each,£2.50,£2.50 each,,Home
598773,Anyday Soft Teal Ear Vase,G,false,724,https://ecom-su-static-prod.wtrecom.com/images/products/3/LN_598773_BP_3.jpg,https://www.waitrose.com/ecom/products/anyday-soft-teal-ear-vase/598773-794892-794893,Anyday Soft Teal Ear Vase,each,£7.00,£7 each,,Home
598692,Mayfair Sky Blue TT,G,false,725,https://ecom-su-static-prod.wtrecom.com/images/products/3/LN_598692_BP_3.jpg,https://www.waitrose.com/ecom/products/mayfair-sky-blue-tt/598692-696913-696914,Mayfair Sky Blue TT,20s,£14.80,74p each,,Home
598688,Table Fun Sparklers Number 8,G,false,726,https://ecom-su-static-prod.wtrecom.com/images/products/3/LN_598688_BP_3.jpg,https://www.waitrose.com/ecom/products/table-fun-sparklers-number-8/598688-757703-757704,Table Fun Sparklers Number 8,Each,£2.00,£2 each,,Home
598416,Cash Vault Jewels Scratchcard,G,false,727,https://ecom-su-static-prod.wtrecom.com/images/products/3/LN_598416_BP_3.jpg,https://www.waitrose.com/ecom/products/cash-vault-jewels-scratchcard/598416-813076-813077,Cash Vault Jewels Scratchcard,1Each,£1.00,,,Home
598307,Montecristo Minis,G,false,728,https://ecom-su-static-prod.wtrecom.com/images/products/3/LN_598307_BP_3.jpg,https://www.waitrose.com/ecom/products/montecristo-minis/598307-803876-803877,Montecristo Minis,10s,£12.00,£1.20 each,,Home
598262,Waitrose Pink Spot Bag Medium,G,false,729,https://ecom-su-static-prod.wtrecom.com/images/products/3/LN_598262_BP_3.jpg,https://www.waitrose.com/ecom/products/waitrose-pink-spot-bag-medium/598262-749761-749762,Waitrose Pink Spot Bag Medium,each,£2.00,£2 each,,Home
597988,Sistema Twist 'N' Sip Bottle,G,false,730,https://ecom-su-static-prod.wtrecom.com/images/products/3/LN_597988_BP_3.jpg,https://www.waitrose.com/ecom/products/sistema-twist-n-sip-bottle/597988-84776-84777,Sistema Twist 'N' Sip Bottle,each,£3.69,£3.69 each,,Home
597592,Glade Sense & Spray Holder Relaxing Zen,G,true,731,https://ecom-su-static-prod.wtrecom.com/images/products/3/LN_597592_BP_3.jpg,https://www.waitrose.com/ecom/products/glade-sense-spray-holder-relaxing-zen/597592-810723-810724,Glade Sense & Spray Holder Relaxing Zen,1Each,£4.00,£4 each,Better Than Half Price. Was £10.00,Home
595982,Rose Spring Green 3m,G,false,732,https://ecom-su-static-prod.wtrecom.com/images/products/3/LN_595982_BP_3.jpg,https://www.waitrose.com/ecom/products/rose-spring-green-3m/595982-817660-817661,Rose Spring Green 3m,each,£4.50,£4.50 each,,Home
594917,Sovereign Blue TT 20s,G,false,733,https://ecom-su-static-prod.wtrecom.com/images/products/3/LN_594917_BP_3.jpg,https://www.waitrose.com/ecom/products/sovereign-blue-tt-20s/594917-696911-696912,Sovereign Blue TT 20s,20s,£12.75,63.8p each,,Home
594212,Korbond White Elastic 6mm,G,false,734,https://ecom-su-static-prod.wtrecom.com/images/products/3/LN_594212_BP_3.jpg,https://www.waitrose.com/ecom/products/korbond-white-elastic-6mm/594212-568978-568979,Korbond White Elastic 6mm,Each,£2.00,£2 each,,Home
593608,Tala Palette Knife Angled Small,G,false,735,https://ecom-su-static-prod.wtrecom.com/images/products/3/LN_593608_BP_3.jpg,https://www.waitrose.com/ecom/products/tala-palette-knife-angled-small/593608-809658-809659,Tala Palette Knife Angled Small,each,£4.00,£4 each,,Home
593493,Blow the Candles Birthday Greetings Card,G,false,736,https://ecom-su-static-prod.wtrecom.com/images/products/3/LN_593493_BP_3.jpg,https://www.waitrose.com/ecom/products/blow-the-candles-birthday-greetings-card/593493-799179-799180,Blow the Candles Birthday Greetings Card,each,£4.50,,,Home
593048,Dunhill Red TT 20s,G,false,737,https://ecom-su-static-prod.wtrecom.com/images/products/3/LN_593048_BP_3.jpg,https://www.waitrose.com/ecom/products/dunhill-red-tt-20s/593048-696905-696906,Dunhill Red TT 20s,20s,£17.50,87.5p each,,Home
592682,John Lewis Studio Red Wine Glasses,G,false,738,https://ecom-su-static-prod.wtrecom.com/images/products/3/LN_592682_BP_3.jpg,https://www.waitrose.com/ecom/products/john-lewis-studio-red-wine-glasses/592682-810066-810067,John Lewis Studio Red Wine Glasses,each,£15.00,£15 each,,Home
590900,John Lewis Anyday White Teapot,G,false,739,https://ecom-su-static-prod.wtrecom.com/images/products/3/LN_590900_BP_3.jpg,https://www.waitrose.com/ecom/products/john-lewis-anyday-white-teapot/590900-783114-783115,John Lewis Anyday White Teapot,each,£10.00,£10 each,,Home
590822,Rose Gold Bow & Twine,G,false,740,https://ecom-su-static-prod.wtrecom.com/images/products/3/LN_590822_BP_3.jpg,https://www.waitrose.com/ecom/products/rose-gold-bow-twine/590822-817658-817659,Rose Gold Bow & Twine,each,£3.00,£3 each,,Home
590803,Korbond Pet Hair Roller Refills,G,false,741,https://ecom-su-static-prod.wtrecom.com/images/products/3/LN_590803_BP_3.jpg,https://www.waitrose.com/ecom/products/korbond-pet-hair-roller-refills/590803-551524-551525,Korbond Pet Hair Roller Refills,2x33 sheets,£3.50,53p/10 sheets,,Home
588345,Sistema Bento Lunch Box,G,false,742,https://ecom-su-static-prod.wtrecom.com/images/products/3/LN_588345_BP_3.jpg,https://www.waitrose.com/ecom/products/sistema-bento-lunch-box/588345-658309-658310,Sistema Bento Lunch Box,each,£8.00,£8 each,,Home
587420,ANYDAY Sutton Stripe 45x45 Steel Cushion,G,false,743,https://ecom-su-static-prod.wtrecom.com/images/products/3/LN_587420_BP_3.jpg,https://www.waitrose.com/ecom/products/anyday-sutton-stripe-45x45-steel-cushion/587420-807199-807200,ANYDAY Sutton Stripe 45x45 Steel Cushion,each,£15.00,£15 each,,Home
586987,John Lewis Tritan Bottle Lilac,G,true,744,https://ecom-su-static-prod.wtrecom.com/images/products/3/LN_586987_BP_3.jpg,https://www.waitrose.com/ecom/products/john-lewis-tritan-bottle-lilac/586987-807691-807692,John Lewis Tritan Bottle Lilac,each,£4.87,£4.87 each,25% Off. Was £6.50,Home
586433,Good Housekeeping,G,false,745,https://ecom-su-static-prod.wtrecom.com/images/products/3/LN_586433_BP_3.jpg,https://www.waitrose.com/ecom/products/good-housekeeping/586433-682169-682170,Good Housekeeping,Each,£5.99,,,Home
583859,John Lewis Floral Notebook A5,G,false,746,https://ecom-su-static-prod.wtrecom.com/images/products/3/LN_583859_BP_3.jpg,https://www.waitrose.com/ecom/products/john-lewis-floral-notebook-a5/583859-804456-804457,John Lewis Floral Notebook A5,each,£5.00,£5 each,,Home
583549,Öpso Nordic Birch Forest Reed Diffuser,G,false,747,https://ecom-su-static-prod.wtrecom.com/images/products/3/LN_583549_BP_3.jpg,https://www.waitrose.com/ecom/products/opso-nordic-birch-forest-reed-diffuser/583549-736041-736042,Öpso Nordic Birch Forest Reed Diffuser,50ml,£9.00,£18/100ml,,Home
582941,Table Fun Sparklers Number 7,G,false,748,https://ecom-su-static-prod.wtrecom.com/images/products/3/LN_582941_BP_3.jpg,https://www.waitrose.com/ecom/products/table-fun-sparklers-number-7/582941-757699-757700,Table Fun Sparklers Number 7,Each,£1.60,£1.60 each,,Home
582324,John Lewis Anyday 24.5 Coupe Pasta Bowl,G,false,749,https://ecom-su-static-prod.wtrecom.com/images/products/3/LN_582324_BP_3.jpg,https://www.waitrose.com/ecom/products/john-lewis-anyday-245-coupe-pasta-bowl/582324-689202-689203,John Lewis Anyday 24.5 Coupe Pasta Bowl,each,£7.00,£7 each,,Home
581943,Oxford Helix Maths Set,G,false,750,https://ecom-su-static-prod.wtrecom.com/images/products/3/LN_581943_BP_3.jpg,https://www.waitrose.com/ecom/products/oxford-helix-maths-set/581943-825103-825104,Oxford Helix Maths Set,1Each,£6.60,£6.60 each,,Home
581271,Chesapeake Bay Medium Joy & Laughter (Cranberry Dahlia),G,false,751,https://ecom-su-static-prod.wtrecom.com/images/products/3/LN_581271_BP_3.jpg,https://www.waitrose.com/ecom/products/chesapeake-bay-medium-joy-laughter-cranberry-dahlia/581271-820526-820527,Chesapeake Bay Medium Joy & Laughter (Cranberry Dahlia),250g,£15.00,,,Home
581162,Thank you so much Greetings Card,G,false,752,https://ecom-su-static-prod.wtrecom.com/images/products/3/LN_581162_BP_3.jpg,https://www.waitrose.com/ecom/products/thank-you-so-much-greetings-card/581162-733062-733063,Thank you so much Greetings Card,1,£3.25,,,Home
580465,JL Mango Sald Servers,G,false,753,https://ecom-su-static-prod.wtrecom.com/images/products/3/LN_580465_BP_3.jpg,https://www.waitrose.com/ecom/products/jl-mango-sald-servers/580465-771725-771726,JL Mango Sald Servers,each,£7.00,£7 each,,Home
579203,Toasting another Year Together Anniversary Greetings Card,G,false,754,https://ecom-su-static-prod.wtrecom.com/images/products/3/LN_579203_BP_3.jpg,https://www.waitrose.com/ecom/products/toasting-another-year-together-anniversary-greetings-card/579203-733046-733047,Toasting another Year Together Anniversary Greetings Card,1,£2.85,,,Home
578880,John Lewis Party Red Party Poppers,G,false,755,https://ecom-su-static-prod.wtrecom.com/images/products/3/LN_578880_BP_3.jpg,https://www.waitrose.com/ecom/products/john-lewis-party-red-party-poppers/578880-593791-593792,John Lewis Party Red Party Poppers,30s,£3.50,£3.50 each,,Home
578473,Silk Cut Blue SK TT 20s,G,false,756,https://ecom-su-static-prod.wtrecom.com/images/products/3/LN_578473_BP_3.jpg,https://www.waitrose.com/ecom/products/silk-cut-blue-sk-tt-20s/578473-696887-696888,Silk Cut Blue SK TT 20s,20s,£17.30,86.5p each,,Home
578110,blu 2.0 Polar Menthol Vape Pods 18mg/ml,G,false,757,https://ecom-su-static-prod.wtrecom.com/images/products/3/LN_578110_BP_3.jpg,https://www.waitrose.com/ecom/products/blu-20-polar-menthol-vape-pods-18mg-ml/578110-813680-813681,blu 2.0 Polar Menthol Vape Pods 18mg/ml,28.14g,£6.99,£248.41/kg,,Home
577552,Round Grill Basket,G,false,758,https://ecom-su-static-prod.wtrecom.com/images/products/3/LN_577552_BP_3.jpg,https://www.waitrose.com/ecom/products/round-grill-basket/577552-817381-817382,Round Grill Basket,each,£9.99,£9.99 each,,Home
576362,John Lewis Bright Star Bottle Bag,G,false,759,https://ecom-su-static-prod.wtrecom.com/images/products/3/LN_576362_BP_3.jpg,https://www.waitrose.com/ecom/products/john-lewis-bright-star-bottle-bag/576362-761135-761136,John Lewis Bright Star Bottle Bag,each,£1.50,£1.50 each,,Home
575474,Apple Lightning To USB Cable 2m,G,false,760,https://ecom-su-static-prod.wtrecom.com/images/products/3/LN_575474_BP_3.jpg,https://www.waitrose.com/ecom/products/apple-lightning-to-usb-cable-2m/575474-706387-706388,Apple Lightning To USB Cable 2m,each,£35.00,£35 each,,Home
575217,Rothmans Blue SK TT 20s,G,false,761,https://ecom-su-static-prod.wtrecom.com/images/products/3/LN_575217_BP_3.jpg,https://www.waitrose.com/ecom/products/rothmans-blue-sk-tt-20s/575217-696885-696886,Rothmans Blue SK TT 20s,20s,£13.70,68.5p each,,Home
574794,John Lewis Champagne Bottle Bag,G,false,762,https://ecom-su-static-prod.wtrecom.com/images/products/3/LN_574794_BP_3.jpg,https://www.waitrose.com/ecom/products/john-lewis-champagne-bottle-bag/574794-761127-761128,John Lewis Champagne Bottle Bag,each,£2.50,£2.50 each,,Home
571858,Korbond Pastel Mix Thread Selection,G,false,763,https://ecom-su-static-prod.wtrecom.com/images/products/3/LN_571858_BP_3.jpg,https://www.waitrose.com/ecom/products/korbond-pastel-mix-thread-selection/571858-551468-551469,Korbond Pastel Mix Thread Selection,12s,£1.25,10.4p each,,Home
571131,John Lewis Acrylic White Wine Goblet,G,false,764,https://ecom-su-static-prod.wtrecom.com/images/products/3/LN_571131_BP_3.jpg,https://www.waitrose.com/ecom/products/john-lewis-acrylic-white-wine-goblet/571131-658275-658276,John Lewis Acrylic White Wine Goblet,each,£4.50,£4.50 each,,Home
570891,Multi Purpose Compost with John Innes Peat Free 40L,G,false,765,https://ecom-su-static-prod.wtrecom.com/images/products/3/LN_570891_BP_3.jpg,https://www.waitrose.com/ecom/products/multi-purpose-compost-with-john-innes-peat-free-40l/570891-824057-824058,Multi Purpose Compost with John Innes Peat Free 40L,40litre,£8.00,,,Home
569909,Korbond Crewel Needles 3/9,G,false,766,https://ecom-su-static-prod.wtrecom.com/images/products/3/LN_569909_BP_3.jpg,https://www.waitrose.com/ecom/products/korbond-crewel-needles-3-9/569909-588507-588508,Korbond Crewel Needles 3/9,16s,£1.50,9.4p each,,Home
569467,With Sympathy Greetings Card,G,false,767,https://ecom-su-static-prod.wtrecom.com/images/products/3/LN_569467_BP_3.jpg,https://www.waitrose.com/ecom/products/with-sympathy-greetings-card/569467-732968-732969,With Sympathy Greetings Card,1,£2.85,,,Home
567968,New England Nest Box Green,G,false,768,https://ecom-su-static-prod.wtrecom.com/images/products/3/LN_567968_BP_3.jpg,https://www.waitrose.com/ecom/products/new-england-nest-box-green/567968-794356-794357,New England Nest Box Green,Each,£20.00,£20 each,,Home
567595,JL Mango Salad Bowl 24cm,G,false,769,https://ecom-su-static-prod.wtrecom.com/images/products/3/LN_567595_BP_3.jpg,https://www.waitrose.com/ecom/products/jl-mango-salad-bowl-24cm/567595-771699-771700,JL Mango Salad Bowl 24cm,each,£13.50,£13.50 each,,Home
566895,Febreze 3Volution Air Freshener Starter Kit Cotton,G,false,770,https://ecom-su-static-prod.wtrecom.com/images/products/3/LN_566895_BP_3.jpg,https://www.waitrose.com/ecom/products/febreze-3volution-air-freshener-starter-kit-cotton/566895-519947-519948,Febreze 3Volution Air Freshener Starter Kit Cotton,20ml,£9.00,£45/100ml,,Home
565677,John Lewis The Pan Saucepan 18cm,G,true,771,https://ecom-su-static-prod.wtrecom.com/images/products/3/LN_565677_BP_3.jpg,https://www.waitrose.com/ecom/products/john-lewis-the-pan-saucepan-18cm/565677-763642-763643,John Lewis The Pan Saucepan 18cm,each,£28.00,£28 each,20% Off. Was £35.00,Home
565175,WR MULTI DOG 33CM 20PK,G,true,772,https://ecom-su-static-prod.wtrecom.com/images/products/3/LN_565175_BP_3.jpg,https://www.waitrose.com/ecom/products/wr-multi-dog-33cm-20pk/565175-817403-817404,WR MULTI DOG 33CM 20PK,20s,£1.50,,25% Off. Was £2.00,Home
564900,Kobond Black & White Thread,G,false,773,https://ecom-su-static-prod.wtrecom.com/images/products/3/LN_564900_BP_3.jpg,https://www.waitrose.com/ecom/products/kobond-black-white-thread/564900-731296-731297,Kobond Black & White Thread,2s,£1.79,89.5p each,,Home
564709,Anyday Eat Dessert Spoon,G,false,774,https://ecom-su-static-prod.wtrecom.com/images/products/3/LN_564709_BP_3.jpg,https://www.waitrose.com/ecom/products/anyday-eat-dessert-spoon/564709-796486-796487,Anyday Eat Dessert Spoon,4s,£6.00,£1.50 each,,Home
564081,John Lewis The Pan Frypan 24cm,G,true,775,https://ecom-su-static-prod.wtrecom.com/images/products/3/LN_564081_BP_3.jpg,https://www.waitrose.com/ecom/products/john-lewis-the-pan-frypan-24cm/564081-763634-763635,John Lewis The Pan Frypan 24cm,each,£21.60,£21.60 each,20% Off. Was £27.00,Home
563955,Miracle-Gro Professional Super Seed,G,false,776,https://ecom-su-static-prod.wtrecom.com/images/products/3/LN_563955_BP_3.jpg,https://www.waitrose.com/ecom/products/miracle-gro-professional-super-seed/563955-783600-783601,Miracle-Gro Professional Super Seed,per kg,£17.00,£17/kg,,Home
563816,Air Wick Freshmatic Spring Oasis Kit,G,false,777,https://ecom-su-static-prod.wtrecom.com/images/products/3/LN_563816_BP_3.jpg,https://www.waitrose.com/ecom/products/air-wick-freshmatic-spring-oasis-kit/563816-818555-818556,Air Wick Freshmatic Spring Oasis Kit,250ml,£11.00,£4.40/100ml,,Home
563611,Nest It 3 Pack Mixed Sizes,G,false,778,https://ecom-su-static-prod.wtrecom.com/images/products/3/LN_563611_BP_3.jpg,https://www.waitrose.com/ecom/products/nest-it-3-pack-mixed-sizes/563611-791445-791446,Nest It 3 Pack Mixed Sizes,each,£10.00,£3.34 each,,Home
561319,JL Core Coastal Diffuser Refill,G,false,779,https://ecom-su-static-prod.wtrecom.com/images/products/3/LN_561319_BP_3.jpg,https://www.waitrose.com/ecom/products/jl-core-coastal-diffuser-refill/561319-759998-759999,JL Core Coastal Diffuser Refill,each,£13.00,£13 each,,Home
561198,John Lewis Anyday BBQ Tongs,G,false,780,https://ecom-su-static-prod.wtrecom.com/images/products/3/LN_561198_BP_3.jpg,https://www.waitrose.com/ecom/products/john-lewis-anyday-bbq-tongs/561198-680117-680118,John Lewis Anyday BBQ Tongs,each,£8.99,£8.99 each,,Home
561135,Make a Wish Candles & Spots,G,false,781,https://ecom-su-static-prod.wtrecom.com/images/products/3/LN_561135_BP_3.jpg,https://www.waitrose.com/ecom/products/make-a-wish-candles-spots/561135-799169-799170,Make a Wish Candles & Spots,each,£3.75,,,Home
560670,Daily Mirror Scotland PT,G,false,782,https://ecom-su-static-prod.wtrecom.com/images/products/3/LN_560670_BP_3.jpg,https://www.waitrose.com/ecom/products/daily-mirror-scotland-pt/560670-772548-772549,Daily Mirror Scotland PT,Each,50p,,,Home
560194,Waitrose Barista Latte Mug,G,false,783,https://ecom-su-static-prod.wtrecom.com/images/products/3/LN_560194_BP_3.jpg,https://www.waitrose.com/ecom/products/waitrose-barista-latte-mug/560194-660409-660410,Waitrose Barista Latte Mug,,£6.00,£6 each,,Home
559633,Waitrose Set Of 3 Trolley Bags,G,false,784,https://ecom-su-static-prod.wtrecom.com/images/products/3/LN_559633_BP_3.jpg,https://www.waitrose.com/ecom/products/waitrose-set-of-3-trolley-bags/559633-763608-763609,Waitrose Set Of 3 Trolley Bags,Each,£15.00,£15 each,,Home
559390,Sovereign New Dual TT 20s,G,false,785,https://ecom-su-static-prod.wtrecom.com/images/products/3/LN_559390_BP_3.jpg,https://www.waitrose.com/ecom/products/sovereign-new-dual-tt-20s/559390-729020-729021,Sovereign New Dual TT 20s,20s,£13.15,65.8p each,,Home
559332,ANYDAY Set of 4 Porcelain Ramekins,G,false,786,https://ecom-su-static-prod.wtrecom.com/images/products/3/LN_559332_BP_3.jpg,https://www.waitrose.com/ecom/products/anyday-set-of-4-porcelain-ramekins/559332-795786-795787,ANYDAY Set of 4 Porcelain Ramekins,4s,£10.00,£2.50 each,,Home
557587,Lego Specials,G,false,787,https://ecom-su-static-prod.wtrecom.com/images/products/3/LN_557587_BP_3.jpg,https://www.waitrose.com/ecom/products/lego-specials/557587-568882-568883,Lego Specials,Each,£8.99,,,Home
557451,4 Way 1 Meter Extension Socket,G,false,788,https://ecom-su-static-prod.wtrecom.com/images/products/3/LN_557451_BP_3.jpg,https://www.waitrose.com/ecom/products/4-way-1-meter-extension-socket/557451-817936-817937,4 Way 1 Meter Extension Socket,1 Each,£5.00,£5 each,,Home
556060,Marlboro Red KS TT 100s,G,false,789,https://ecom-su-static-prod.wtrecom.com/images/products/3/LN_556060_BP_3.jpg,https://www.waitrose.com/ecom/products/marlboro-red-ks-tt-100s/556060-707450-707451,Marlboro Red KS TT 100s,5x20Each,£80.00,80p each,,Home
554007,JL Mango Serve Board,G,false,790,https://ecom-su-static-prod.wtrecom.com/images/products/3/LN_554007_BP_3.jpg,https://www.waitrose.com/ecom/products/jl-mango-serve-board/554007-775724-775725,JL Mango Serve Board,each,£12.00,£12 each,,Home
552476,Korbond Fastener Pack,G,false,791,https://ecom-su-static-prod.wtrecom.com/images/products/3/LN_552476_BP_3.jpg,https://www.waitrose.com/ecom/products/korbond-fastener-pack/552476-551418-551419,Korbond Fastener Pack,each,£4.00,,,Home
551682,Waitrose 4 Piping Nozzles,G,false,792,https://ecom-su-static-prod.wtrecom.com/images/products/3/LN_551682_BP_3.jpg,https://www.waitrose.com/ecom/products/waitrose-4-piping-nozzles/551682-790648-790649,Waitrose 4 Piping Nozzles,4s,£2.00,50p each,,Home
549377,JL Core White Tea Diffuser Refill,G,false,793,https://ecom-su-static-prod.wtrecom.com/images/products/3/LN_549377_BP_3.jpg,https://www.waitrose.com/ecom/products/jl-core-white-tea-diffuser-refill/549377-759990-759991,JL Core White Tea Diffuser Refill,each,£13.00,£13 each,,Home
549312,40 Heart Balloons,G,false,794,https://ecom-su-static-prod.wtrecom.com/images/products/3/LN_549312_BP_3.jpg,https://www.waitrose.com/ecom/products/40-heart-balloons/549312-774244-774245,40 Heart Balloons,1,£4.00,,,Home
547890,JUUL2 Pods UK Ruby Menthol 18mg 2s,G,false,795,https://ecom-su-static-prod.wtrecom.com/images/products/3/LN_547890_BP_3.jpg,https://www.waitrose.com/ecom/products/juul2-pods-uk-ruby-menthol-18mg-2s/547890-779559-779560,JUUL2 Pods UK Ruby Menthol 18mg 2s,1s,£6.00,£6 each,,Home
547770,Anyday Eat Table Fork,G,false,796,https://ecom-su-static-prod.wtrecom.com/images/products/3/LN_547770_BP_3.jpg,https://www.waitrose.com/ecom/products/anyday-eat-table-fork/547770-796414-796415,Anyday Eat Table Fork,4s,£6.00,£1.50 each,,Home
547094,Tinc Set of 4 Sweetie Hi-Lighters,G,false,797,https://ecom-su-static-prod.wtrecom.com/images/products/3/LN_547094_BP_3.jpg,https://www.waitrose.com/ecom/products/tinc-set-of-4-sweetie-hi-lighters/547094-791513-791514,Tinc Set of 4 Sweetie Hi-Lighters,4s,£4.50,£1.13 each,,Home
546606,John Lewis Stainless Steel Balti Dish Gold Set of 2,G,false,798,https://ecom-su-static-prod.wtrecom.com/images/products/3/LN_546606_BP_3.jpg,https://www.waitrose.com/ecom/products/john-lewis-stainless-steel-balti-dish-gold-set-of-2/546606-740684-740685,John Lewis Stainless Steel Balti Dish Gold Set of 2,2s,£15.00,£7.50 each,,Home
546557,Duchy Reusable Cotton Bag,G,false,799,https://ecom-su-static-prod.wtrecom.com/images/products/3/LN_546557_BP_3.jpg,https://www.waitrose.com/ecom/products/duchy-reusable-cotton-bag/546557-753875-753876,Duchy Reusable Cotton Bag,Each,£6.00,£6 each,,Home
545480,Korbond Lint Roller,G,false,800,https://ecom-su-static-prod.wtrecom.com/images/products/3/LN_545480_BP_3.jpg,https://www.waitrose.com/ecom/products/korbond-lint-roller/545480-551392-551393,Korbond Lint Roller,35 sheets,£2.80,80p/10 sheets,,Home
544202,Plant Grow Natural Fertiliser Plant Food,G,false,801,https://ecom-su-static-prod.wtrecom.com/images/products/3/LN_544202_BP_3.jpg,https://www.waitrose.com/ecom/products/plant-grow-natural-fertiliser-plant-food/544202-749439-749440,Plant Grow Natural Fertiliser Plant Food,1 Litre,£7.00,£7/litre,,Home
544067,"Tala Stainless Steel Sieve, 8cm",G,false,802,https://ecom-su-static-prod.wtrecom.com/images/products/3/LN_544067_BP_3.jpg,https://www.waitrose.com/ecom/products/tala-stainless-steel-sieve-8cm/544067-821959-821960,"Tala Stainless Steel Sieve, 8cm",each,£3.50,£3.50 each,,Home
543902,John Lewis Ripple Wine Glass Green,G,true,803,https://ecom-su-static-prod.wtrecom.com/images/products/3/LN_543902_BP_3.jpg,https://www.waitrose.com/ecom/products/john-lewis-ripple-wine-glass-green/543902-823605-823606,John Lewis Ripple Wine Glass Green,each,£4.50,£4.50 each,Save 1/3. Was £4.50,Home
543854,Twist & Chug 900ml Tritan,G,false,804,https://ecom-su-static-prod.wtrecom.com/images/products/3/LN_543854_BP_3.jpg,https://www.waitrose.com/ecom/products/twist-chug-900ml-tritan/543854-783450-783451,Twist & Chug 900ml Tritan,each,£14.00,£14 each,,Home
543623,TINC HUGGA CAMO LUNCLUNCHBOX,G,false,805,https://ecom-su-static-prod.wtrecom.com/images/products/3/LN_543623_BP_3.jpg,https://www.waitrose.com/ecom/products/tinc-hugga-camo-lunclunchbox/543623-823603-823604,TINC HUGGA CAMO LUNCLUNCHBOX,each,£15.00,£15 each,,Home
543254,Waitrose Home Silicone Spatula,G,false,806,https://ecom-su-static-prod.wtrecom.com/images/products/3/LN_543254_BP_3.jpg,https://www.waitrose.com/ecom/products/waitrose-home-silicone-spatula/543254-678815-678816,Waitrose Home Silicone Spatula,each,£5.00,£5 each,,Home
541601,GV Original 30g + Papers TT,G,false,807,https://ecom-su-static-prod.wtrecom.com/images/products/3/LN_541601_BP_3.jpg,https://www.waitrose.com/ecom/products/gv-original-30g-papers-tt/541601-560435-560436,GV Original 30g + Papers TT,30g,£23.50,£78.34/100g,,Home
540685,Maped Gel Scissors 17cm,G,false,808,https://ecom-su-static-prod.wtrecom.com/images/products/3/LN_540685_BP_3.jpg,https://www.waitrose.com/ecom/products/maped-gel-scissors-17cm/540685-695042-695043,Maped Gel Scissors 17cm,each,£4.50,£4.50 each,,Home
540510,John Lewis Steel Roaster 34x26cm,G,false,809,https://ecom-su-static-prod.wtrecom.com/images/products/3/LN_540510_BP_3.jpg,https://www.waitrose.com/ecom/products/john-lewis-steel-roaster-34x26cm/540510-708585-708586,John Lewis Steel Roaster 34x26cm,each,£14.00,£14 each,,Home
539966,Penny Kennedy Linen Astros 3m,G,false,810,https://ecom-su-static-prod.wtrecom.com/images/products/3/LN_539966_BP_3.jpg,https://www.waitrose.com/ecom/products/penny-kennedy-linen-astros-3m/539966-817640-817641,Penny Kennedy Linen Astros 3m,each,£4.50,£4.50 each,,Home
539369,Waitrose Home Silicone Pastry Brush,G,false,811,https://ecom-su-static-prod.wtrecom.com/images/products/3/LN_539369_BP_3.jpg,https://www.waitrose.com/ecom/products/waitrose-home-silicone-pastry-brush/539369-678813-678814,Waitrose Home Silicone Pastry Brush,each,£5.00,£5 each,,Home
538998,John Lewis Pastel Ombre Giftwrap 2m,G,false,812,https://ecom-su-static-prod.wtrecom.com/images/products/3/LN_538998_BP_3.jpg,https://www.waitrose.com/ecom/products/john-lewis-pastel-ombre-giftwrap-2m/538998-771635-771636,John Lewis Pastel Ombre Giftwrap 2m,each,£2.00,£2 each,,Home
538331,Korbond Dressmaker Pins,G,false,813,https://ecom-su-static-prod.wtrecom.com/images/products/3/LN_538331_BP_3.jpg,https://www.waitrose.com/ecom/products/korbond-dressmaker-pins/538331-568834-568835,Korbond Dressmaker Pins,25g,75p,£3/100g,,Home
538263,Dinosaur Giftwrap 3M,G,false,814,https://ecom-su-static-prod.wtrecom.com/images/products/3/LN_538263_BP_3.jpg,https://www.waitrose.com/ecom/products/dinosaur-giftwrap-3m/538263-817638-817639,Dinosaur Giftwrap 3M,each,£3.50,£3.50 each,,Home
537271,John Lewis Handheld Fan 4'' Lake Blue,G,false,815,https://ecom-su-static-prod.wtrecom.com/images/products/3/LN_537271_BP_3.jpg,https://www.waitrose.com/ecom/products/john-lewis-handheld-fan-4-lake-blue/537271-823220-823221,John Lewis Handheld Fan 4'' Lake Blue,each,£12.00,£12 each,,Home
537175,Tinc Pack of 6 Macaroon Erasers,G,false,816,https://ecom-su-static-prod.wtrecom.com/images/products/3/LN_537175_BP_3.jpg,https://www.waitrose.com/ecom/products/tinc-pack-of-6-macaroon-erasers/537175-791507-791508,Tinc Pack of 6 Macaroon Erasers,6s,£4.00,£4 each,,Home
537145,Cherry Blossom Giftwrap 3M,G,false,817,https://ecom-su-static-prod.wtrecom.com/images/products/3/LN_537145_BP_3.jpg,https://www.waitrose.com/ecom/products/cherry-blossom-giftwrap-3m/537145-817636-817637,Cherry Blossom Giftwrap 3M,each,£3.50,£3.50 each,,Home
536618,JUUL2pods UK Polar Menthol 18mg 2s,G,false,818,https://ecom-su-static-prod.wtrecom.com/images/products/3/LN_536618_BP_3.jpg,https://www.waitrose.com/ecom/products/juul2pods-uk-polar-menthol-18mg-2s/536618-779547-779548,JUUL2pods UK Polar Menthol 18mg 2s,1s,£6.00,£6 each,,Home
535819,John Lewis ANYDAY Bamboo Large Board,G,false,819,https://ecom-su-static-prod.wtrecom.com/images/products/3/LN_535819_BP_3.jpg,https://www.waitrose.com/ecom/products/john-lewis-anyday-bamboo-large-board/535819-809606-809607,John Lewis ANYDAY Bamboo Large Board,each,£14.00,£14 each,,Home
534804,Korbond Tape Measure,G,false,820,https://ecom-su-static-prod.wtrecom.com/images/products/3/LN_534804_BP_3.jpg,https://www.waitrose.com/ecom/products/korbond-tape-measure/534804-568826-568827,Korbond Tape Measure,150cm,£2.50,£2.50 each,,Home
533889,Woodvale Baby Animals 2 sheets & 2 Tags,G,false,821,https://ecom-su-static-prod.wtrecom.com/images/products/3/LN_533889_BP_3.jpg,https://www.waitrose.com/ecom/products/woodvale-baby-animals-2-sheets-2-tags/533889-817634-817635,Woodvale Baby Animals 2 sheets & 2 Tags,each,£1.50,£1.50 each,,Home
533748,Sistema Lunch Stack,G,false,822,https://ecom-su-static-prod.wtrecom.com/images/products/3/LN_533748_BP_3.jpg,https://www.waitrose.com/ecom/products/sistema-lunch-stack/533748-803606-803607,Sistema Lunch Stack,each,£9.50,£9.50 each,,Home
533482,Chesterfield Blue KS 20s,G,false,823,https://ecom-su-static-prod.wtrecom.com/images/products/3/LN_533482_BP_3.jpg,https://www.waitrose.com/ecom/products/chesterfield-blue-ks-20s/533482-793098-793099,Chesterfield Blue KS 20s,20s,£11.50,57.5p each,,Home
533223,Anyday Water Bottle Sage,G,true,824,https://ecom-su-static-prod.wtrecom.com/images/products/3/LN_533223_BP_3.jpg,https://www.waitrose.com/ecom/products/anyday-water-bottle-sage/533223-801358-801359,Anyday Water Bottle Sage,each,£9.00,£9 each,25% Off. Was £12.00,Home
533159,Richmond Original SK TT 20s,G,false,825,https://ecom-su-static-prod.wtrecom.com/images/products/3/LN_533159_BP_3.jpg,https://www.waitrose.com/ecom/products/richmond-original-sk-tt-20s/533159-560409-560410,Richmond Original SK TT 20s,20s,£12.75,63.8p each,,Home
531746,Bluey,G,false,826,https://ecom-su-static-prod.wtrecom.com/images/products/3/LN_531746_BP_3.jpg,https://www.waitrose.com/ecom/products/bluey/531746-780469-780470,Bluey,1 each,£5.99,,,Home
530568,American Spirit Yellow TT 20s,G,false,827,https://ecom-su-static-prod.wtrecom.com/images/products/3/LN_530568_BP_3.jpg,https://www.waitrose.com/ecom/products/american-spirit-yellow-tt-20s/530568-696843-696844,American Spirit Yellow TT 20s,20s,£17.20,86p each,,Home
530319,ANYDAY Little Leaf 40x40 Steel Cushion,G,false,828,https://ecom-su-static-prod.wtrecom.com/images/products/3/LN_530319_BP_3.jpg,https://www.waitrose.com/ecom/products/anyday-little-leaf-40x40-steel-cushion/530319-807197-807198,ANYDAY Little Leaf 40x40 Steel Cushion,each,£20.00,£20 each,,Home
529947,2000W Quartz Outdoor Patio Heater Black,G,false,829,https://ecom-su-static-prod.wtrecom.com/images/products/3/LN_529947_BP_3.jpg,https://www.waitrose.com/ecom/products/2000w-quartz-outdoor-patio-heater-black/529947-824223-824224,2000W Quartz Outdoor Patio Heater Black,1Each,£35.00,£35 each,,Home
528909,John Lewis Soft Touch Ice Cream Scoop,G,false,830,https://ecom-su-static-prod.wtrecom.com/images/products/3/LN_528909_BP_3.jpg,https://www.waitrose.com/ecom/products/john-lewis-soft-touch-ice-cream-scoop/528909-678809-678810,John Lewis Soft Touch Ice Cream Scoop,each,£6.00,£6 each,,Home
528774,Waitrose Wine Vacuum & 2 Wine Stoppers,G,false,831,https://ecom-su-static-prod.wtrecom.com/images/products/3/LN_528774_BP_3.jpg,https://www.waitrose.com/ecom/products/waitrose-wine-vacuum-2-wine-stoppers/528774-625082-625083,Waitrose Wine Vacuum & 2 Wine Stoppers,each,£10.00,£10 each,,Home
527755,JUUL2 UK Slate Device Kit,G,false,832,https://ecom-su-static-prod.wtrecom.com/images/products/3/LN_527755_BP_3.jpg,https://www.waitrose.com/ecom/products/juul2-uk-slate-device-kit/527755-779535-779536,JUUL2 UK Slate Device Kit,39.6g,£7.00,,,Home
527390,Eureka! Firefly Lantern,G,false,833,https://ecom-su-static-prod.wtrecom.com/images/products/3/LN_527390_BP_3.jpg,https://www.waitrose.com/ecom/products/eureka-firefly-lantern/527390-794478-794479,Eureka! Firefly Lantern,Each,£6.99,£6.99 each,,Home
526752,John Lewis Tags Silver/Gold Hearts,G,false,834,https://ecom-su-static-prod.wtrecom.com/images/products/3/LN_526752_BP_3.jpg,https://www.waitrose.com/ecom/products/john-lewis-tags-silver-gold-hearts/526752-350954-350955,John Lewis Tags Silver/Gold Hearts,5s,£1.00,20p each,,Home
525289,JL Studio White Wine x 4,G,false,835,https://ecom-su-static-prod.wtrecom.com/images/products/3/LN_525289_BP_3.jpg,https://www.waitrose.com/ecom/products/jl-studio-white-wine-x-4/525289-810056-810057,JL Studio White Wine x 4,4s,£15.00,£3.75 each,,Home
522494,Sterling Blue SK TT 20s,G,false,836,https://ecom-su-static-prod.wtrecom.com/images/products/3/LN_522494_BP_3.jpg,https://www.waitrose.com/ecom/products/sterling-blue-sk-tt-20s/522494-696827-696828,Sterling Blue SK TT 20s,20s,£14.30,71.5p each,,Home
522267,Korbond Thimble & Needle Threaders,G,false,837,https://ecom-su-static-prod.wtrecom.com/images/products/3/LN_522267_BP_3.jpg,https://www.waitrose.com/ecom/products/korbond-thimble-needle-threaders/522267-588449-588450,Korbond Thimble & Needle Threaders,Each,£1.75,£1.75 each,,Home
521861,Sistema Snack Capsule To Go Assorted,G,false,838,https://ecom-su-static-prod.wtrecom.com/images/products/3/LN_521861_BP_3.jpg,https://www.waitrose.com/ecom/products/sistema-snack-capsule-to-go-assorted/521861-803604-803605,Sistema Snack Capsule To Go Assorted,each,£6.50,£6.50 each,,Home
521477,Air Wick Freshmatic Refill Sweet Pea,G,false,839,https://ecom-su-static-prod.wtrecom.com/images/products/3/LN_521477_BP_3.jpg,https://www.waitrose.com/ecom/products/air-wick-freshmatic-refill-sweet-pea/521477-818446-818447,Air Wick Freshmatic Refill Sweet Pea,250ml,£6.00,£2.40/100ml,,Home
520065,A Huge Thank You,G,false,840,https://ecom-su-static-prod.wtrecom.com/images/products/3/LN_520065_BP_3.jpg,https://www.waitrose.com/ecom/products/a-huge-thank-you/520065-777524-777525,A Huge Thank You,1,£3.75,,,Home
519642,Korbond Lint Roller Refills,G,false,841,https://ecom-su-static-prod.wtrecom.com/images/products/3/LN_519642_BP_3.jpg,https://www.waitrose.com/ecom/products/korbond-lint-roller-refills/519642-551330-551331,Korbond Lint Roller Refills,2x21 sheets,£3.09,£7.36/100 sheets,,Home
516293,New Beginnings,G,false,842,https://ecom-su-static-prod.wtrecom.com/images/products/3/LN_516293_BP_3.jpg,https://www.waitrose.com/ecom/products/new-beginnings/516293-798392-798393,New Beginnings,Each,£2.85,,,Home
516231,Glade Sense & Spray Eucalyptus & Lavender Refill,G,true,843,https://ecom-su-static-prod.wtrecom.com/images/products/3/LN_516231_BP_3.jpg,https://www.waitrose.com/ecom/products/glade-sense-spray-eucalyptus-lavender-refill/516231-818433-818434,Glade Sense & Spray Eucalyptus & Lavender Refill,18ml,£2.50,£13.89/100ml,save £1.50. Was £4.00,Home
516183,Chesapeake Bay Medium Love & Passion (Grapefruit Mango),G,false,844,https://ecom-su-static-prod.wtrecom.com/images/products/3/LN_516183_BP_3.jpg,https://www.waitrose.com/ecom/products/chesapeake-bay-medium-love-passion-grapefruit-mango/516183-820522-820523,Chesapeake Bay Medium Love & Passion (Grapefruit Mango),250g,£15.00,,,Home
516060,JUUL 2pods UK Virginia Tobacco Twin Pack,G,false,845,https://ecom-su-static-prod.wtrecom.com/images/products/3/LN_516060_BP_3.jpg,https://www.waitrose.com/ecom/products/juul-2pods-uk-virginia-tobacco-twin-pack/516060-813654-813655,JUUL 2pods UK Virginia Tobacco Twin Pack,2x2.4ml,£13.05,£2718.75/litre,,Home
513265,John Lewis Anyday Flutes 180ml,G,false,846,https://ecom-su-static-prod.wtrecom.com/images/products/3/LN_513265_BP_3.jpg,https://www.waitrose.com/ecom/products/john-lewis-anyday-flutes-180ml/513265-759044-759045,John Lewis Anyday Flutes 180ml,4s,£10.50,£2.63 each,,Home
512872,Febreze Bathroom Anti-Mould Citrus Freshener,G,true,847,https://ecom-su-static-prod.wtrecom.com/images/products/3/LN_512872_BP_3.jpg,https://www.waitrose.com/ecom/products/febreze-bathroom-anti-mould-citrus-freshener/512872-810685-810686,Febreze Bathroom Anti-Mould Citrus Freshener,7.5ml,£3.50,£4.67/10ml,Add 2 for £5,Home
512017,Terea Sienna,G,false,848,https://ecom-su-static-prod.wtrecom.com/images/products/3/LN_512017_BP_3.jpg,https://www.waitrose.com/ecom/products/terea-sienna/512017-813650-813651,Terea Sienna,1Each,£6.00,£6 each,,Home
509990,Modern Gardens,G,false,849,https://ecom-su-static-prod.wtrecom.com/images/products/3/LN_509990_BP_3.jpg,https://www.waitrose.com/ecom/products/modern-gardens/509990-493972-493973,Modern Gardens,Each,£4.99,,,Home
509593,Velo Ice Cool 6mg 20s,G,false,850,https://ecom-su-static-prod.wtrecom.com/images/products/3/LN_509593_BP_3.jpg,https://www.waitrose.com/ecom/products/velo-ice-cool-6mg-20s/509593-813648-813649,Velo Ice Cool 6mg 20s,1Each,£7.00,£7 each,,Home
508434,Sistema Cutlery Set,G,false,851,https://ecom-su-static-prod.wtrecom.com/images/products/3/LN_508434_BP_3.jpg,https://www.waitrose.com/ecom/products/sistema-cutlery-set/508434-723264-723265,Sistema Cutlery Set,each,£7.00,£7 each,,Home
507669,JL Core Jasmine Diffuser Refill,G,false,852,https://ecom-su-static-prod.wtrecom.com/images/products/3/LN_507669_BP_3.jpg,https://www.waitrose.com/ecom/products/jl-core-jasmine-diffuser-refill/507669-759964-759965,JL Core Jasmine Diffuser Refill,each,£13.00,£13 each,,Home
506469,John Lewis House White Cutting Board,G,false,853,https://ecom-su-static-prod.wtrecom.com/images/products/3/LN_506469_BP_3.jpg,https://www.waitrose.com/ecom/products/john-lewis-house-white-cutting-board/506469-716049-716050,John Lewis House White Cutting Board,each,£4.00,£4 each,,Home
505220,Stackable Coloured Wine Glasses,G,true,854,https://ecom-su-static-prod.wtrecom.com/images/products/3/LN_505220_BP_3.jpg,https://www.waitrose.com/ecom/products/stackable-coloured-wine-glasses/505220-821753-821754,Stackable Coloured Wine Glasses,4s,£12.00,£3 each,Save 1/3. Was £12.00,Home
504719,John Lewis Roll Wrap Rose Gold,G,false,855,https://ecom-su-static-prod.wtrecom.com/images/products/3/LN_504719_BP_3.jpg,https://www.waitrose.com/ecom/products/john-lewis-roll-wrap-rose-gold/504719-749160-749161,John Lewis Roll Wrap Rose Gold,each,£4.50,£4.50 each,,Home
502421,Cake Happy Birthday Greetings Card,G,false,856,https://ecom-su-static-prod.wtrecom.com/images/products/3/LN_502421_BP_3.jpg,https://www.waitrose.com/ecom/products/cake-happy-birthday-greetings-card/502421-755601-755602,Cake Happy Birthday Greetings Card,1,£3.00,,,Home
502007,33cm Tropical Leaves Napkins,G,true,857,https://ecom-su-static-prod.wtrecom.com/images/products/3/LN_502007_BP_3.jpg,https://www.waitrose.com/ecom/products/33cm-tropical-leaves-napkins/502007-822561-822562,33cm Tropical Leaves Napkins,25Sheet,£1.68,,25% Off. Was £2.25,Home
501564,Korbond Sewing Bag,G,false,858,https://ecom-su-static-prod.wtrecom.com/images/products/3/LN_501564_BP_3.jpg,https://www.waitrose.com/ecom/products/korbond-sewing-bag/501564-731260-731261,Korbond Sewing Bag,Each,£5.95,£5.95 each,,Home
500627,Energizer Metal Hand Torch 3AAA,G,false,859,https://ecom-su-static-prod.wtrecom.com/images/products/3/LN_500627_BP_3.jpg,https://www.waitrose.com/ecom/products/energizer-metal-hand-torch-3aaa/500627-817908-817909,Energizer Metal Hand Torch 3AAA,1,£6.00,£6 each,,Home
500619,John Lewis The Pan Milkpan 14cm,G,true,860,https://ecom-su-static-prod.wtrecom.com/images/products/3/LN_500619_BP_3.jpg,https://www.waitrose.com/ecom/products/john-lewis-the-pan-milkpan-14cm/500619-763246-763247,John Lewis The Pan Milkpan 14cm,each,£16.00,£16 each,20% Off. Was £20.00,Home
500498,Anyday John Lewis 1.7L Kettle Silver,G,false,861,https://ecom-su-static-prod.wtrecom.com/images/products/3/LN_500498_BP_3.jpg,https://www.waitrose.com/ecom/products/anyday-john-lewis-17l-kettle-silver/500498-708367-708368,Anyday John Lewis 1.7L Kettle Silver,each,£25.00,£25 each,,Home
499735,Westland Boost All Purpose Plant Food 1L,G,false,862,https://ecom-su-static-prod.wtrecom.com/images/products/3/LN_499735_BP_3.jpg,https://www.waitrose.com/ecom/products/westland-boost-all-purpose-plant-food-1l/499735-816426-816427,Westland Boost All Purpose Plant Food 1L,1litre,£5.99,,,Home
498933,John Lewis Classic Pizza Tray 30cm,G,false,863,https://ecom-su-static-prod.wtrecom.com/images/products/3/LN_498933_BP_3.jpg,https://www.waitrose.com/ecom/products/john-lewis-classic-pizza-tray-30cm/498933-708355-708356,John Lewis Classic Pizza Tray 30cm,each,£9.00,£9 each,,Home
498304,"Miracle-Gro Azalea, Camellia & Rhododendron",G,true,864,https://ecom-su-static-prod.wtrecom.com/images/products/3/LN_498304_BP_3.jpg,https://www.waitrose.com/ecom/products/miracle-gro-azalea-camellia-rhododendron/498304-794334-794335,"Miracle-Gro Azalea, Camellia & Rhododendron",800ml,£5.70,71.3p/100ml,25% Off. Was £7.60,Home
497849,AMBER LEAF 40G,G,false,865,https://ecom-su-static-prod.wtrecom.com/images/products/3/LN_497849_BP_3.jpg,https://www.waitrose.com/ecom/products/amber-leaf-40g/497849-803857-803858,AMBER LEAF 40G,40g,£31.20,£78/100g,,Home
496836,Air Wick Linen & Lilac Electrical Complete Plug Kit Air Freshener,G,true,866,https://ecom-su-static-prod.wtrecom.com/images/products/3/LN_496836_BP_3.jpg,https://www.waitrose.com/ecom/products/air-wick-linen-lilac-electrical-complete-plug-kit-air-freshener/496836-762332-762333,Air Wick Linen & Lilac Electrical Complete Plug Kit Air Freshener,19ml,£5.00,£26.32/100ml,save £2.00. Was £7.00,Home
496428,Stripe Bottle Bag,G,false,867,https://ecom-su-static-prod.wtrecom.com/images/products/3/LN_496428_BP_3.jpg,https://www.waitrose.com/ecom/products/stripe-bottle-bag/496428-817620-817621,Stripe Bottle Bag,each,£1.50,£1.50 each,,Home
496335,Superkings Original Black SK TT 20s,G,false,868,https://ecom-su-static-prod.wtrecom.com/images/products/3/LN_496335_BP_3.jpg,https://www.waitrose.com/ecom/products/superkings-original-black-sk-tt-20s/496335-546960-546961,Superkings Original Black SK TT 20s,20s,£16.80,84p each,,Home
492946,"Smart Solar Fence, Wall & Post Light",G,false,869,https://ecom-su-static-prod.wtrecom.com/images/products/3/LN_492946_BP_3.jpg,https://www.waitrose.com/ecom/products/smart-solar-fence-wall-post-light/492946-794468-794469,"Smart Solar Fence, Wall & Post Light",1Each,£3.99,£3.99 each,,Home
492749,Miracle-Gro All Purpose Continuous Release,G,false,870,https://ecom-su-static-prod.wtrecom.com/images/products/3/LN_492749_BP_3.jpg,https://www.waitrose.com/ecom/products/miracle-gro-all-purpose-continuous-release/492749-794332-794333,Miracle-Gro All Purpose Continuous Release,900g,£9.00,£1/100g,,Home
491895,Big K Cocoshell Barbecue Briquettes,G,false,871,https://ecom-su-static-prod.wtrecom.com/images/products/3/LN_491895_BP_3.jpg,https://www.waitrose.com/ecom/products/big-k-cocoshell-barbecue-briquettes/491895-688279-688280,Big K Cocoshell Barbecue Briquettes,4kg,£9.25,£2.32/kg,,Home
491367,John Lewis Lemon Squeezer,G,false,872,https://ecom-su-static-prod.wtrecom.com/images/products/3/LN_491367_BP_3.jpg,https://www.waitrose.com/ecom/products/john-lewis-lemon-squeezer/491367-681779-681780,John Lewis Lemon Squeezer,1,£6.00,£6 each,,Home
491259,Sterling RYO Essential,G,false,873,https://ecom-su-static-prod.wtrecom.com/images/products/3/LN_491259_BP_3.jpg,https://www.waitrose.com/ecom/products/sterling-ryo-essential/491259-760961-760962,Sterling RYO Essential,30g,£19.00,£63.34/100g,,Home
488836,OXO Mini Measuring Jug,G,false,874,https://ecom-su-static-prod.wtrecom.com/images/products/3/LN_488836_BP_3.jpg,https://www.waitrose.com/ecom/products/oxo-mini-measuring-jug/488836-69061-69062,OXO Mini Measuring Jug,each,£5.00,£5 each,,Home
487792,Terea Yellow,G,false,875,https://ecom-su-static-prod.wtrecom.com/images/products/3/LN_487792_BP_3.jpg,https://www.waitrose.com/ecom/products/terea-yellow/487792-813638-813639,Terea Yellow,One Pack,£6.00,,,Home
486638,Talking Tables 20 Mini Sparklers Gold,G,false,876,https://ecom-su-static-prod.wtrecom.com/images/products/3/LN_486638_BP_3.jpg,https://www.waitrose.com/ecom/products/talking-tables-20-mini-sparklers-gold/486638-749025-749026,Talking Tables 20 Mini Sparklers Gold,20s,£6.00,30p each,,Home
486304,Waitrose Waiters Friend Corkscrew,G,false,877,https://ecom-su-static-prod.wtrecom.com/images/products/3/LN_486304_BP_3.jpg,https://www.waitrose.com/ecom/products/waitrose-waiters-friend-corkscrew/486304-625054-625055,Waitrose Waiters Friend Corkscrew,each,£5.00,£5 each,,Home
485822,Marlboro Gold KS TT 100s,G,false,878,https://ecom-su-static-prod.wtrecom.com/images/products/3/LN_485822_BP_3.jpg,https://www.waitrose.com/ecom/products/marlboro-gold-ks-tt-100s/485822-707398-707399,Marlboro Gold KS TT 100s,5x20Each,£80.00,80p each,,Home
485784,Korbond Needles Easy Threading 4/8,G,false,879,https://ecom-su-static-prod.wtrecom.com/images/products/3/LN_485784_BP_3.jpg,https://www.waitrose.com/ecom/products/korbond-needles-easy-threading-4-8/485784-588397-588398,Korbond Needles Easy Threading 4/8,6s,£1.75,29.2p each,,Home
485462,Golden Virginia Yellow Ryo TT,G,false,880,https://ecom-su-static-prod.wtrecom.com/images/products/3/LN_485462_BP_3.jpg,https://www.waitrose.com/ecom/products/golden-virginia-yellow-ryo-tt/485462-653989-653990,Golden Virginia Yellow Ryo TT,50g,£35.80,£71.60/100g,,Home
485290,Terea Blue,G,false,881,https://ecom-su-static-prod.wtrecom.com/images/products/3/LN_485290_BP_3.jpg,https://www.waitrose.com/ecom/products/terea-blue/485290-813634-813635,Terea Blue,1Each,£6.00,£6 each,,Home
484624,John Lewis Cliptop Jar 1 Litre,G,false,882,https://ecom-su-static-prod.wtrecom.com/images/products/3/LN_484624_BP_3.jpg,https://www.waitrose.com/ecom/products/john-lewis-cliptop-jar-1-litre/484624-801336-801337,John Lewis Cliptop Jar 1 Litre,each,£5.50,£5.50 each,,Home
483317,Korbond Multi-Purpose Needle,G,false,883,https://ecom-su-static-prod.wtrecom.com/images/products/3/LN_483317_BP_3.jpg,https://www.waitrose.com/ecom/products/korbond-multi-purpose-needle/483317-551256-551257,Korbond Multi-Purpose Needle,7s,£1.75,25p each,,Home
483143,Lily-Flame Candle Tin Bluebell Forest,G,false,884,https://ecom-su-static-prod.wtrecom.com/images/products/3/LN_483143_BP_3.jpg,https://www.waitrose.com/ecom/products/lily-flame-candle-tin-bluebell-forest/483143-817612-817613,Lily-Flame Candle Tin Bluebell Forest,each,£11.00,£11 each,,Home
482624,Korbond White Bra Extender 38mm,G,false,885,https://ecom-su-static-prod.wtrecom.com/images/products/3/LN_482624_BP_3.jpg,https://www.waitrose.com/ecom/products/korbond-white-bra-extender-38mm/482624-588391-588392,Korbond White Bra Extender 38mm,each,£2.00,,,Home
482586,Marlboro Gold SKS TT 20s,G,false,886,https://ecom-su-static-prod.wtrecom.com/images/products/3/LN_482586_BP_3.jpg,https://www.waitrose.com/ecom/products/marlboro-gold-sks-tt-20s/482586-707394-707395,Marlboro Gold SKS TT 20s,20s,£16.35,81.8p each,,Home
482378,John Lewis Gold Tissue Paper,G,false,887,https://ecom-su-static-prod.wtrecom.com/images/products/3/LN_482378_BP_3.jpg,https://www.waitrose.com/ecom/products/john-lewis-gold-tissue-paper/482378-696782-696783,John Lewis Gold Tissue Paper,each,£2.00,£2 each,,Home
479850,Miracle-Gro House Plant Potting Peat Free,G,false,888,https://ecom-su-static-prod.wtrecom.com/images/products/3/LN_479850_BP_3.jpg,https://www.waitrose.com/ecom/products/miracle-gro-house-plant-potting-peat-free/479850-794330-794331,Miracle-Gro House Plant Potting Peat Free,10litre,£5.00,50p/litre,,Home
477555,Big K Smoking Pellets,G,false,889,https://ecom-su-static-prod.wtrecom.com/images/products/3/LN_477555_BP_3.jpg,https://www.waitrose.com/ecom/products/big-k-smoking-pellets/477555-771525-771526,Big K Smoking Pellets,Each,£21.00,£21 each,,Home
476921,John Lewis Stainless Steel 4 Sided Box Grater,G,false,890,https://ecom-su-static-prod.wtrecom.com/images/products/3/LN_476921_BP_3.jpg,https://www.waitrose.com/ecom/products/john-lewis-stainless-steel-4-sided-box-grater/476921-753641-753642,John Lewis Stainless Steel 4 Sided Box Grater,each,£7.50,£7.50 each,,Home
476705,John Lewis Lisbon Stripe Tumbler Blue,G,true,891,https://ecom-su-static-prod.wtrecom.com/images/products/3/LN_476705_BP_3.jpg,https://www.waitrose.com/ecom/products/john-lewis-lisbon-stripe-tumbler-blue/476705-821745-821746,John Lewis Lisbon Stripe Tumbler Blue,each,£2.66,£2.66 each,Save 1/3. Was £4.00,Home
473120,100 Warm White Firefly Solar String,G,false,892,https://ecom-su-static-prod.wtrecom.com/images/products/3/LN_473120_BP_3.jpg,https://www.waitrose.com/ecom/products/100-warm-white-firefly-solar-string/473120-794460-794461,100 Warm White Firefly Solar String,Each,£12.99,£12.99 each,,Home
472809,John Lewis Gold/Silver Hearts 3m,G,false,893,https://ecom-su-static-prod.wtrecom.com/images/products/3/LN_472809_BP_3.jpg,https://www.waitrose.com/ecom/products/john-lewis-gold-silver-hearts-3m/472809-721109-721110,John Lewis Gold/Silver Hearts 3m,each,£3.50,£3.50 each,,Home
470832,Entertain Red Wine x4,G,false,894,https://ecom-su-static-prod.wtrecom.com/images/products/3/LN_470832_BP_3.jpg,https://www.waitrose.com/ecom/products/entertain-red-wine-x4/470832-809560-809561,Entertain Red Wine x4,4s,£30.00,£7.50 each,,Home
468333,Febreze Air Mist Fruity Tropics,G,true,895,https://ecom-su-static-prod.wtrecom.com/images/products/3/LN_468333_BP_3.jpg,https://www.waitrose.com/ecom/products/febreze-air-mist-fruity-tropics/468333-818351-818352,Febreze Air Mist Fruity Tropics,185ml,£3.50,£1.90/100ml,Add 2 for £5,Home
466940,Benson & Hedges New Blue Dual KS TT 20s,G,false,896,https://ecom-su-static-prod.wtrecom.com/images/products/3/LN_466940_BP_3.jpg,https://www.waitrose.com/ecom/products/benson-hedges-new-blue-dual-ks-tt-20s/466940-728934-728935,Benson & Hedges New Blue Dual KS TT 20s,20s,£13.15,65.8p each,,Home
466541,Foliage Heart,G,false,897,https://ecom-su-static-prod.wtrecom.com/images/products/3/LN_466541_BP_3.jpg,https://www.waitrose.com/ecom/products/foliage-heart/466541-774022-774023,Foliage Heart,1,£3.00,,,Home
464000,John Lewis Medium Stripe Bag,G,false,898,https://ecom-su-static-prod.wtrecom.com/images/products/3/LN_464000_BP_3.jpg,https://www.waitrose.com/ecom/products/john-lewis-medium-stripe-bag/464000-820514-820515,John Lewis Medium Stripe Bag,each,£3.00,£3 each,,Home
463257,Villiger Export Round Cigars,G,false,899,https://ecom-su-static-prod.wtrecom.com/images/products/3/LN_463257_BP_3.jpg,https://www.waitrose.com/ecom/products/villiger-export-round-cigars/463257-546948-546949,Villiger Export Round Cigars,5s,£21.50,£4.30 each,,Home
463162,Talking Tables Rainbow Paper Streamers,G,false,900,https://ecom-su-static-prod.wtrecom.com/images/products/3/LN_463162_BP_3.jpg,https://www.waitrose.com/ecom/products/talking-tables-rainbow-paper-streamers/463162-736609-736610,Talking Tables Rainbow Paper Streamers,7s,£7.00,£1 each,,Home
462415,Uni-Ball Pack of 2 Black Rollerball Pen,G,false,901,https://ecom-su-static-prod.wtrecom.com/images/products/3/LN_462415_BP_3.jpg,https://www.waitrose.com/ecom/products/uni-ball-pack-of-2-black-rollerball-pen/462415-65160-65161,Uni-Ball Pack of 2 Black Rollerball Pen,each,£5.50,£5.50 each,,Home
460712,HEETS Amber Selection 20s,G,false,902,https://ecom-su-static-prod.wtrecom.com/images/products/3/LN_460712_BP_3.jpg,https://www.waitrose.com/ecom/products/heets-amber-selection-20s/460712-696766-696767,HEETS Amber Selection 20s,20s,£6.00,30p each,,Home
459913,John Lewis Celebration Poppers,G,false,903,https://ecom-su-static-prod.wtrecom.com/images/products/3/LN_459913_BP_3.jpg,https://www.waitrose.com/ecom/products/john-lewis-celebration-poppers/459913-677841-677842,John Lewis Celebration Poppers,each,£3.50,£3.50 each,,Home
458933,ANYDAY Eat Tea Spoons,G,false,904,https://ecom-su-static-prod.wtrecom.com/images/products/3/LN_458933_BP_3.jpg,https://www.waitrose.com/ecom/products/anyday-eat-tea-spoons/458933-796088-796089,ANYDAY Eat Tea Spoons,4s,£5.00,£1.25 each,,Home
458174,JPS Real Blue KS TT 20s,G,false,905,https://ecom-su-static-prod.wtrecom.com/images/products/3/LN_458174_BP_3.jpg,https://www.waitrose.com/ecom/products/jps-real-blue-ks-tt-20s/458174-560203-560204,JPS Real Blue KS TT 20s,20s,£14.40,72p each,,Home
456821,Miracle-Gro All Purpose Concentrated Liquid,G,true,906,https://ecom-su-static-prod.wtrecom.com/images/products/3/LN_456821_BP_3.jpg,https://www.waitrose.com/ecom/products/miracle-gro-all-purpose-concentrated-liquid/456821-794316-794317,Miracle-Gro All Purpose Concentrated Liquid,800ml,£5.10,63.8p/100ml,25% Off. Was £6.85,Home
455353,Glade Sense & Spray Clean Linen Twin Refill,G,true,907,https://ecom-su-static-prod.wtrecom.com/images/products/3/LN_455353_BP_3.jpg,https://www.waitrose.com/ecom/products/glade-sense-spray-clean-linen-twin-refill/455353-810669-810670,Glade Sense & Spray Clean Linen Twin Refill,36ml,£4.66,£12.95/100ml,Save 1/3. Was £7.00,Home
454698,Waitrose Green Stripe Bag,G,false,908,https://ecom-su-static-prod.wtrecom.com/images/products/3/LN_454698_BP_3.jpg,https://www.waitrose.com/ecom/products/waitrose-green-stripe-bag/454698-741598-741599,Waitrose Green Stripe Bag,Each,£5.00,£5 each,,Home
454676,Air Wick Vanilla Freshmatic Refill Air Freshener,G,false,909,https://ecom-su-static-prod.wtrecom.com/images/products/3/LN_454676_BP_3.jpg,https://www.waitrose.com/ecom/products/air-wick-vanilla-freshmatic-refill-air-freshener/454676-772576-772577,Air Wick Vanilla Freshmatic Refill Air Freshener,250ml,£6.00,£2.40/100ml,,Home
454613,Pritt Stick 43g,G,false,910,https://ecom-su-static-prod.wtrecom.com/images/products/3/LN_454613_BP_3.jpg,https://www.waitrose.com/ecom/products/pritt-stick-43g/454613-64029-64030,Pritt Stick 43g,each,£3.75,£3.75 each,,Home
454321,Candles Wrapping Paper 2 Sheets…,G,false,911,https://ecom-su-static-prod.wtrecom.com/images/products/3/LN_454321_BP_3.jpg,https://www.waitrose.com/ecom/products/candles-wrapping-paper-2-sheets/454321-817602-817603,Candles Wrapping Paper 2 Sheets…,2s,£3.00,£15/10 sheets,,Home
454300,Anyday Nylon Masher,G,false,912,https://ecom-su-static-prod.wtrecom.com/images/products/3/LN_454300_BP_3.jpg,https://www.waitrose.com/ecom/products/anyday-nylon-masher/454300-809550-809551,Anyday Nylon Masher,each,£3.00,£3 each,,Home
452956,Chesapeake Bay Medium Reflection & Clarity (Sea Salt Sage),G,false,913,https://ecom-su-static-prod.wtrecom.com/images/products/3/LN_452956_BP_3.jpg,https://www.waitrose.com/ecom/products/chesapeake-bay-medium-reflection-clarity-sea-salt-sage/452956-820510-820511,Chesapeake Bay Medium Reflection & Clarity (Sea Salt Sage),250g,£15.00,,,Home
452948,Lambert & Butler Original Silver KS TT 100s,G,false,914,https://ecom-su-static-prod.wtrecom.com/images/products/3/LN_452948_BP_3.jpg,https://www.waitrose.com/ecom/products/lambert-butler-original-silver-ks-tt-100s/452948-560173-560174,Lambert & Butler Original Silver KS TT 100s,100s,£70.00,70p each,,Home
452682,Air Wick Linen & Lilac Freshmatic Refill Air Freshener,G,false,915,https://ecom-su-static-prod.wtrecom.com/images/products/3/LN_452682_BP_3.jpg,https://www.waitrose.com/ecom/products/air-wick-linen-lilac-freshmatic-refill-air-freshener/452682-131900-131901,Air Wick Linen & Lilac Freshmatic Refill Air Freshener,250ml,£6.00,£2.40/100ml,,Home
450266,Tinc Waterproof Speaker,G,false,916,https://ecom-su-static-prod.wtrecom.com/images/products/3/LN_450266_BP_3.jpg,https://www.waitrose.com/ecom/products/tinc-waterproof-speaker/450266-823539-823540,Tinc Waterproof Speaker,each,£25.00,£25 each,,Home
450178,B&H Blue RYO,G,false,917,https://ecom-su-static-prod.wtrecom.com/images/products/3/LN_450178_BP_3.jpg,https://www.waitrose.com/ecom/products/bh-blue-ryo/450178-793329-793330,B&H Blue RYO,30g,£19.00,£63.34/100g,,Home
448042,Mayfair Silver SK 20s,G,false,918,https://ecom-su-static-prod.wtrecom.com/images/products/3/LN_448042_BP_3.jpg,https://www.waitrose.com/ecom/products/mayfair-silver-sk-20s/448042-793082-793083,Mayfair Silver SK 20s,20s,£12.75,63.8p each,,Home
447067,Glade Aerosol Frosted Floral Cherries,G,true,919,https://ecom-su-static-prod.wtrecom.com/images/products/3/LN_447067_BP_3.jpg,https://www.waitrose.com/ecom/products/glade-aerosol-frosted-floral-cherries/447067-810663-810664,Glade Aerosol Frosted Floral Cherries,300ml,£2.25,75p/100ml,Add 2 for £3,Home
446749,John Lewis Gold Spot Mint/Rose Gift Wrap 3m,G,false,920,https://ecom-su-static-prod.wtrecom.com/images/products/3/LN_446749_BP_3.jpg,https://www.waitrose.com/ecom/products/john-lewis-gold-spot-mint-rose-gift-wrap-3m/446749-721069-721070,John Lewis Gold Spot Mint/Rose Gift Wrap 3m,each,£4.50,£4.50 each,,Home
446007,Talking Tables Eco Bright Cups 8pk,G,false,921,https://ecom-su-static-prod.wtrecom.com/images/products/3/LN_446007_BP_3.jpg,https://www.waitrose.com/ecom/products/talking-tables-eco-bright-cups-8pk/446007-762950-762951,Talking Tables Eco Bright Cups 8pk,8s,£5.00,62.5p each,,Home
445551,JUUL2 Pods UK Summer Menthol 18mg 2s,G,false,922,https://ecom-su-static-prod.wtrecom.com/images/products/3/LN_445551_BP_3.jpg,https://www.waitrose.com/ecom/products/juul2-pods-uk-summer-menthol-18mg-2s/445551-779465-779466,JUUL2 Pods UK Summer Menthol 18mg 2s,1s,£6.00,£6 each,,Home
445397,ANYDAY Little Leaf 40x40 Caramel Cushion,G,false,923,https://ecom-su-static-prod.wtrecom.com/images/products/3/LN_445397_BP_3.jpg,https://www.waitrose.com/ecom/products/anyday-little-leaf-40x40-caramel-cushion/445397-807195-807196,ANYDAY Little Leaf 40x40 Caramel Cushion,each,£20.00,£20 each,,Home
442634,Woman & Home PT,G,true,924,https://ecom-su-static-prod.wtrecom.com/images/products/3/LN_442634_BP_3.jpg,https://www.waitrose.com/ecom/products/woman-home-pt/442634-670989-670990,Woman & Home PT,Each,£5.80,,Add 2 for £8,Home
441910,Glade Electric Refill Tropical Blossom,G,false,925,https://ecom-su-static-prod.wtrecom.com/images/products/3/LN_441910_BP_3.jpg,https://www.waitrose.com/ecom/products/glade-electric-refill-tropical-blossom/441910-810661-810662,Glade Electric Refill Tropical Blossom,20ml,£5.25,£26.25/100ml,,Home
440906,Time To Get Tipsy Bottle Bag,G,false,926,https://ecom-su-static-prod.wtrecom.com/images/products/3/LN_440906_BP_3.jpg,https://www.waitrose.com/ecom/products/time-to-get-tipsy-bottle-bag/440906-539825-539826,Time To Get Tipsy Bottle Bag,each,£3.00,£3 each,,Home
440218,Thermos Vacuum Flask,G,false,927,https://ecom-su-static-prod.wtrecom.com/images/products/3/LN_440218_BP_3.jpg,https://www.waitrose.com/ecom/products/thermos-vacuum-flask/440218-326830-326831,Thermos Vacuum Flask,each,£22.00,£22 each,,Home
438715,Glade Sense & Spray Twin Refill Sandalwood and Jasmine,G,true,928,https://ecom-su-static-prod.wtrecom.com/images/products/3/LN_438715_BP_3.jpg,https://www.waitrose.com/ecom/products/glade-sense-spray-twin-refill-sandalwood-and-jasmine/438715-810659-810660,Glade Sense & Spray Twin Refill Sandalwood and Jasmine,36ml,£4.66,£1.30/10ml,Save 1/3. Was £7.00,Home
438541,Penny Kennedy Botanic Paradise 3m,G,false,929,https://ecom-su-static-prod.wtrecom.com/images/products/3/LN_438541_BP_3.jpg,https://www.waitrose.com/ecom/products/penny-kennedy-botanic-paradise-3m/438541-817600-817601,Penny Kennedy Botanic Paradise 3m,each,£4.50,£4.50 each,,Home
438195,Waitrose Garden Stainless Steel Trowel,G,false,930,https://ecom-su-static-prod.wtrecom.com/images/products/3/LN_438195_BP_3.jpg,https://www.waitrose.com/ecom/products/waitrose-garden-stainless-steel-trowel/438195-247209-247210,Waitrose Garden Stainless Steel Trowel,each,£8.00,£8 each,,Home
437079,Skye Dinner Plate Light Blue,G,false,931,https://ecom-su-static-prod.wtrecom.com/images/products/3/LN_437079_BP_3.jpg,https://www.waitrose.com/ecom/products/skye-dinner-plate-light-blue/437079-809536-809537,Skye Dinner Plate Light Blue,each,£7.00,£7 each,,Home
437027,John Lewis Anyday 28cm Coupe Plate,G,false,932,https://ecom-su-static-prod.wtrecom.com/images/products/3/LN_437027_BP_3.jpg,https://www.waitrose.com/ecom/products/john-lewis-anyday-28cm-coupe-plate/437027-688916-688917,John Lewis Anyday 28cm Coupe Plate,each,£6.00,£6 each,,Home
436850,Caroline Gardner Large Gift Bag,G,false,933,https://ecom-su-static-prod.wtrecom.com/images/products/3/LN_436850_BP_3.jpg,https://www.waitrose.com/ecom/products/caroline-gardner-large-gift-bag/436850-539817-539818,Caroline Gardner Large Gift Bag,each,£4.50,£4.50 each,,Home
436141,John Lewis Studio Highball,G,false,934,https://ecom-su-static-prod.wtrecom.com/images/products/3/LN_436141_BP_3.jpg,https://www.waitrose.com/ecom/products/john-lewis-studio-highball/436141-810042-810043,John Lewis Studio Highball,each,£12.00,£12 each,,Home
436071,John Lewis Anyday 11.5cm Snack Bowl White,G,false,935,https://ecom-su-static-prod.wtrecom.com/images/products/3/LN_436071_BP_3.jpg,https://www.waitrose.com/ecom/products/john-lewis-anyday-115cm-snack-bowl-white/436071-726242-726243,John Lewis Anyday 11.5cm Snack Bowl White,each,£4.50,£4.50 each,,Home
435737,Waitrose Aqua Spot Large Gift Bag,G,false,936,https://ecom-su-static-prod.wtrecom.com/images/products/3/LN_435737_BP_3.jpg,https://www.waitrose.com/ecom/products/waitrose-aqua-spot-large-gift-bag/435737-482367-482368,Waitrose Aqua Spot Large Gift Bag,each,£3.00,£3 each,,Home
435706,Korbond White Hemming Web 20m,G,false,937,https://ecom-su-static-prod.wtrecom.com/images/products/3/LN_435706_BP_3.jpg,https://www.waitrose.com/ecom/products/korbond-white-hemming-web-20m/435706-568574-568575,Korbond White Hemming Web 20m,Each,£3.50,£3.50 each,,Home
434887,"£100,000 a Month for a Year Scratchcard",G,false,938,https://ecom-su-static-prod.wtrecom.com/images/products/3/LN_434887_BP_3.jpg,https://www.waitrose.com/ecom/products/100-000-a-month-for-a-year-scratchcard/434887-795046-795047,"£100,000 a Month for a Year Scratchcard",Each,£5.00,,,Home
434563,Waitrose Lilium Dark Secret Bulbs,G,false,939,https://ecom-su-static-prod.wtrecom.com/images/products/3/LN_434563_BP_3.jpg,https://www.waitrose.com/ecom/products/waitrose-lilium-dark-secret-bulbs/434563-746353-746354,Waitrose Lilium Dark Secret Bulbs,7s,£3.00,42.9p each,,Home
433265,Ginger Ray Milestone Bunting,G,false,940,https://ecom-su-static-prod.wtrecom.com/images/products/3/LN_433265_BP_3.jpg,https://www.waitrose.com/ecom/products/ginger-ray-milestone-bunting/433265-736411-736412,Ginger Ray Milestone Bunting,each,£7.99,£7.99 each,,Home
432725,Pall Mall Flow Blue SK TT 20s,G,false,941,https://ecom-su-static-prod.wtrecom.com/images/products/3/LN_432725_BP_3.jpg,https://www.waitrose.com/ecom/products/pall-mall-flow-blue-sk-tt-20s/432725-728874-728875,Pall Mall Flow Blue SK TT 20s,20s,£13.60,68p each,,Home
432147,Korbond 50 Safety Pins,G,false,942,https://ecom-su-static-prod.wtrecom.com/images/products/3/LN_432147_BP_3.jpg,https://www.waitrose.com/ecom/products/korbond-50-safety-pins/432147-588341-588342,Korbond 50 Safety Pins,50s,£2.00,4p each,,Home
431363,ANYDAY Set of 2 Rectangular Roasters,G,false,943,https://ecom-su-static-prod.wtrecom.com/images/products/3/LN_431363_BP_3.jpg,https://www.waitrose.com/ecom/products/anyday-set-of-2-rectangular-roasters/431363-795758-795759,ANYDAY Set of 2 Rectangular Roasters,2s,£18.00,£9 each,,Home
431159,33CM Duni Mint Blue Napkins,G,true,944,https://ecom-su-static-prod.wtrecom.com/images/products/3/LN_431159_BP_3.jpg,https://www.waitrose.com/ecom/products/33cm-duni-mint-blue-napkins/431159-822629-822630,33CM Duni Mint Blue Napkins,20Sheet,£1.50,,25% Off. Was £2.00,Home
431042,John Lewis Classic Non-Stick Muffin Pan,G,false,945,https://ecom-su-static-prod.wtrecom.com/images/products/3/LN_431042_BP_3.jpg,https://www.waitrose.com/ecom/products/john-lewis-classic-non-stick-muffin-pan/431042-743656-743657,John Lewis Classic Non-Stick Muffin Pan,each,£8.00,£8 each,,Home
430565,Waitrose Piping Bags,G,false,946,https://ecom-su-static-prod.wtrecom.com/images/products/3/LN_430565_BP_3.jpg,https://www.waitrose.com/ecom/products/waitrose-piping-bags/430565-790587-790588,Waitrose Piping Bags,10s,£2.75,27.5p each,,Home
430549,G V Yellow Inc Papers TT,G,false,947,https://ecom-su-static-prod.wtrecom.com/images/products/3/LN_430549_BP_3.jpg,https://www.waitrose.com/ecom/products/g-v-yellow-inc-papers-tt/430549-560119-560120,G V Yellow Inc Papers TT,30g,£22.10,£73.67/100g,,Home
429825,Benson & Hedges SK Blue TT 100s,G,false,948,https://ecom-su-static-prod.wtrecom.com/images/products/3/LN_429825_BP_3.jpg,https://www.waitrose.com/ecom/products/benson-hedges-sk-blue-tt-100s/429825-744479-744480,Benson & Hedges SK Blue TT 100s,100s,£65.00,65p each,,Home
428898,Castella Classic Fine Cigars,G,false,949,https://ecom-su-static-prod.wtrecom.com/images/products/3/LN_428898_BP_3.jpg,https://www.waitrose.com/ecom/products/castella-classic-fine-cigars/428898-560115-560116,Castella Classic Fine Cigars,5s,£8.60,£1.72 each,,Home
427741,John Lewis Lisbon Stripe Wine Glass Blue,G,true,950,https://ecom-su-static-prod.wtrecom.com/images/products/3/LN_427741_BP_3.jpg,https://www.waitrose.com/ecom/products/john-lewis-lisbon-stripe-wine-glass-blue/427741-821723-821724,John Lewis Lisbon Stripe Wine Glass Blue,each,£3.00,£3 each,Save 1/3. Was £4.50,Home
426471,Glade Electric Holder Sandalwood & Jasmine,G,false,951,https://ecom-su-static-prod.wtrecom.com/images/products/3/LN_426471_BP_3.jpg,https://www.waitrose.com/ecom/products/glade-electric-holder-sandalwood-jasmine/426471-702455-702456,Glade Electric Holder Sandalwood & Jasmine,20ml,£7.00,£35/100ml,,Home
426317,Velo Freeze Pouches 11mg 20s,G,false,952,https://ecom-su-static-prod.wtrecom.com/images/products/3/LN_426317_BP_3.jpg,https://www.waitrose.com/ecom/products/velo-freeze-pouches-11mg-20s/426317-757813-757814,Velo Freeze Pouches 11mg 20s,11mg,£7.00,,,Home
422937,VEGETABLES NAPKIN 33CM 20PK,G,true,953,https://ecom-su-static-prod.wtrecom.com/images/products/3/LN_422937_BP_3.jpg,https://www.waitrose.com/ecom/products/vegetables-napkin-33cm-20pk/422937-817387-817388,VEGETABLES NAPKIN 33CM 20PK,20s,£1.50,,25% Off. Was £2.00,Home
422642,Waitrose Black & Gold Spot Bottle Bag,G,true,954,https://ecom-su-static-prod.wtrecom.com/images/products/3/LN_422642_BP_3.jpg,https://www.waitrose.com/ecom/products/waitrose-black-gold-spot-bottle-bag/422642-683580-683581,Waitrose Black & Gold Spot Bottle Bag,each,£1.87,£1.87 each,25% Off. Was £2.50,Home
422223,Korbond 3 Pack Iron On Mender,G,false,955,https://ecom-su-static-prod.wtrecom.com/images/products/3/LN_422223_BP_3.jpg,https://www.waitrose.com/ecom/products/korbond-3-pack-iron-on-mender/422223-588327-588328,Korbond 3 Pack Iron On Mender,each,£3.00,,,Home
422214,Tinc Heart Multi Click Pen,G,false,956,https://ecom-su-static-prod.wtrecom.com/images/products/3/LN_422214_BP_3.jpg,https://www.waitrose.com/ecom/products/tinc-heart-multi-click-pen/422214-813608-813609,Tinc Heart Multi Click Pen,each,£3.50,£3.50 each,,Home
421883,Talking Tables Rainbow Confetti Balloons,G,false,957,https://ecom-su-static-prod.wtrecom.com/images/products/3/LN_421883_BP_3.jpg,https://www.waitrose.com/ecom/products/talking-tables-rainbow-confetti-balloons/421883-762796-762797,Talking Tables Rainbow Confetti Balloons,12s,£6.50,54.2p each,,Home
421699,OXO POP L Square Med 4.2L,G,false,958,https://ecom-su-static-prod.wtrecom.com/images/products/3/LN_421699_BP_3.jpg,https://www.waitrose.com/ecom/products/oxo-pop-l-square-med-42l/421699-742256-742257,OXO POP L Square Med 4.2L,1,£18.99,£18.99 each,,Home
420146,BRITA Glass Verre Cristal Water Filter Jug 1.28kg,G,false,959,https://ecom-su-static-prod.wtrecom.com/images/products/3/LN_420146_BP_3.jpg,https://www.waitrose.com/ecom/products/brita-glass-verre-cristal-water-filter-jug-128kg/420146-807546-807547,BRITA Glass Verre Cristal Water Filter Jug 1.28kg,each,£60.00,£60 each,,Home
419645,John Lewis Black 3 Cup Cafetiere 350ml,G,false,960,https://ecom-su-static-prod.wtrecom.com/images/products/3/LN_419645_BP_3.jpg,https://www.waitrose.com/ecom/products/john-lewis-black-3-cup-cafetiere-350ml/419645-707955-707956,John Lewis Black 3 Cup Cafetiere 350ml,each,£7.50,£7.50 each,,Home
419403,Marlboro Gold Fine Cut Tobacco,G,false,961,https://ecom-su-static-prod.wtrecom.com/images/products/3/LN_419403_BP_3.jpg,https://www.waitrose.com/ecom/products/marlboro-gold-fine-cut-tobacco/419403-760827-760828,Marlboro Gold Fine Cut Tobacco,30g,£18.20,£60.67/100g,,Home
418811,Proud Of You,G,false,962,https://ecom-su-static-prod.wtrecom.com/images/products/3/LN_418811_BP_3.jpg,https://www.waitrose.com/ecom/products/proud-of-you/418811-731992-731993,Proud Of You,1,£2.25,,,Home
418118,Nordic Spirit Mint 6mg 20s,G,false,963,https://ecom-su-static-prod.wtrecom.com/images/products/3/LN_418118_BP_3.jpg,https://www.waitrose.com/ecom/products/nordic-spirit-mint-6mg-20s/418118-723220-723221,Nordic Spirit Mint 6mg 20s,20Each,£5.00,25p each,,Home
417853,Febreze 3Volution Air Freshener Refill Lavender,G,true,964,https://ecom-su-static-prod.wtrecom.com/images/products/3/LN_417853_BP_3.jpg,https://www.waitrose.com/ecom/products/febreze-3volution-air-freshener-refill-lavender/417853-795756-795757,Febreze 3Volution Air Freshener Refill Lavender,20ml,£5.00,£25/100ml,Add 2 for £7,Home
417647,Crackle Globe Stake Light 5 Pack,G,false,965,https://ecom-su-static-prod.wtrecom.com/images/products/3/LN_417647_BP_3.jpg,https://www.waitrose.com/ecom/products/crackle-globe-stake-light-5-pack/417647-794450-794451,Crackle Globe Stake Light 5 Pack,Each,£19.99,£19.99 each,,Home
416962,Tinc Pink Jumbo Scented Highlighter,G,false,966,https://ecom-su-static-prod.wtrecom.com/images/products/3/LN_416962_BP_3.jpg,https://www.waitrose.com/ecom/products/tinc-pink-jumbo-scented-highlighter/416962-813606-813607,Tinc Pink Jumbo Scented Highlighter,each,£2.99,£2.99 each,,Home
415575,Nu: String Ball 40m,G,false,967,https://ecom-su-static-prod.wtrecom.com/images/products/3/LN_415575_BP_3.jpg,https://www.waitrose.com/ecom/products/nu-string-ball-40m/415575-513443-513444,Nu: String Ball 40m,Each,£2.50,£2.50 each,,Home
414271,Waitrose Home Cake Fountain,G,false,968,https://ecom-su-static-prod.wtrecom.com/images/products/3/LN_414271_BP_3.jpg,https://www.waitrose.com/ecom/products/waitrose-home-cake-fountain/414271-677749-677750,Waitrose Home Cake Fountain,each,£3.00,£3 each,,Home
413753,Under the Sea Paper Treat Bags 8Pk,G,false,969,https://ecom-su-static-prod.wtrecom.com/images/products/3/LN_413753_BP_3.jpg,https://www.waitrose.com/ecom/products/under-the-sea-paper-treat-bags-8pk/413753-822627-822628,Under the Sea Paper Treat Bags 8Pk,1Each,£4.00,£4 each,,Home
413237,Woodvale Cute Cats & Dogs 2 Sheets & 2 Tags,G,false,970,https://ecom-su-static-prod.wtrecom.com/images/products/3/LN_413237_BP_3.jpg,https://www.waitrose.com/ecom/products/woodvale-cute-cats-dogs-2-sheets-2-tags/413237-817588-817589,Woodvale Cute Cats & Dogs 2 Sheets & 2 Tags,each,£1.50,£1.50 each,,Home
413138,Marlboro Red KS 20s,G,false,971,https://ecom-su-static-prod.wtrecom.com/images/products/3/LN_413138_BP_3.jpg,https://www.waitrose.com/ecom/products/marlboro-red-ks-20s/413138-707333-707334,Marlboro Red KS 20s,20s,£16.20,81p each,,Home
412484,Snopake Pack of 2 Correction Fluid 2 x 20ml,G,false,972,https://ecom-su-static-prod.wtrecom.com/images/products/3/LN_412484_BP_3.jpg,https://www.waitrose.com/ecom/products/snopake-pack-of-2-correction-fluid-2-x-20ml/412484-694964-694965,Snopake Pack of 2 Correction Fluid 2 x 20ml,20ml,£4.00,£20/100ml,,Home
411666,33cm Pastel Perfection Napkins,G,true,973,https://ecom-su-static-prod.wtrecom.com/images/products/3/LN_411666_BP_3.jpg,https://www.waitrose.com/ecom/products/33cm-pastel-perfection-napkins/411666-822553-822554,33cm Pastel Perfection Napkins,25Sheet,£1.68,,25% Off. Was £2.25,Home
411453,Romeo Y Julieta No.2 Cigar,G,false,974,https://ecom-su-static-prod.wtrecom.com/images/products/3/LN_411453_BP_3.jpg,https://www.waitrose.com/ecom/products/romeo-y-julieta-no2-cigar/411453-546918-546919,Romeo Y Julieta No.2 Cigar,Each,£20.00,£20 each,,Home
409431,Waitrose Home Start Charity Bag,G,false,975,https://ecom-su-static-prod.wtrecom.com/images/products/3/LN_409431_BP_3.jpg,https://www.waitrose.com/ecom/products/waitrose-home-start-charity-bag/409431-807177-807178,Waitrose Home Start Charity Bag,Each,£6.00,£6 each,,Home
408885,Anyday Nylon Spoon,G,false,976,https://ecom-su-static-prod.wtrecom.com/images/products/3/LN_408885_BP_3.jpg,https://www.waitrose.com/ecom/products/anyday-nylon-spoon/408885-809508-809509,Anyday Nylon Spoon,each,£3.00,£3 each,,Home
408787,JL Fern in Ceramic Pot,G,false,977,https://ecom-su-static-prod.wtrecom.com/images/products/3/LN_408787_BP_3.jpg,https://www.waitrose.com/ecom/products/jl-fern-in-ceramic-pot/408787-809506-809507,JL Fern in Ceramic Pot,each,£25.00,£25 each,,Home
408561,John Lewis Anyday Barbecue Cleaning Brush,G,false,978,https://ecom-su-static-prod.wtrecom.com/images/products/3/LN_408561_BP_3.jpg,https://www.waitrose.com/ecom/products/john-lewis-anyday-barbecue-cleaning-brush/408561-679842-679843,John Lewis Anyday Barbecue Cleaning Brush,each,£5.99,£5.99 each,,Home
407670,John Lewis Cooling Rack,G,false,979,https://ecom-su-static-prod.wtrecom.com/images/products/3/LN_407670_BP_3.jpg,https://www.waitrose.com/ecom/products/john-lewis-cooling-rack/407670-639486-639487,John Lewis Cooling Rack,each,£6.00,£6 each,,Home
405611,ANYDAY Bullet Glass Vase,G,false,980,https://ecom-su-static-prod.wtrecom.com/images/products/3/LN_405611_BP_3.jpg,https://www.waitrose.com/ecom/products/anyday-bullet-glass-vase/405611-246883-246884,ANYDAY Bullet Glass Vase,1,£13.00,£13 each,,Home
404979,John Lewis Acrylic Red Wine Goblet,G,false,981,https://ecom-su-static-prod.wtrecom.com/images/products/3/LN_404979_BP_3.jpg,https://www.waitrose.com/ecom/products/john-lewis-acrylic-red-wine-goblet/404979-658005-658006,John Lewis Acrylic Red Wine Goblet,each,£4.50,£4.50 each,,Home
404609,Korbond Pet Hair Roller,G,false,982,https://ecom-su-static-prod.wtrecom.com/images/products/3/LN_404609_BP_3.jpg,https://www.waitrose.com/ecom/products/korbond-pet-hair-roller/404609-551016-551017,Korbond Pet Hair Roller,33 sheets,£3.00,90.9p/10 sheets,,Home
404271,Waitrose Scented Flower Collection Bulbs,G,false,983,https://ecom-su-static-prod.wtrecom.com/images/products/3/LN_404271_BP_3.jpg,https://www.waitrose.com/ecom/products/waitrose-scented-flower-collection-bulbs/404271-246191-246192,Waitrose Scented Flower Collection Bulbs,35s,£9.00,25.7p each,,Home
404001,Waitrose Garden Natural Twine,G,false,984,https://ecom-su-static-prod.wtrecom.com/images/products/3/LN_404001_BP_3.jpg,https://www.waitrose.com/ecom/products/waitrose-garden-natural-twine/404001-246871-246872,Waitrose Garden Natural Twine,Each,£3.20,£3.20 each,,Home
403810,Cosmic Cash Scratchcard,G,false,985,https://ecom-su-static-prod.wtrecom.com/images/products/3/LN_403810_BP_3.jpg,https://www.waitrose.com/ecom/products/cosmic-cash-scratchcard/403810-815750-815751,Cosmic Cash Scratchcard,Each,£1.00,,,Home
403789,Sellotape Clever Tape Dispenser,G,false,986,https://ecom-su-static-prod.wtrecom.com/images/products/3/LN_403789_BP_3.jpg,https://www.waitrose.com/ecom/products/sellotape-clever-tape-dispenser/403789-677729-677730,Sellotape Clever Tape Dispenser,each,£3.00,£3 each,,Home
402905,Sharpe's Command,G,false,987,https://ecom-su-static-prod.wtrecom.com/images/products/3/LN_402905_BP_3.jpg,https://www.waitrose.com/ecom/products/sharpes-command/402905-825972-825973,Sharpe's Command,1Each,£6.99,£6.99 each,,Home
402765,Waitrose Barista Cappuccino Mug,G,false,988,https://ecom-su-static-prod.wtrecom.com/images/products/3/LN_402765_BP_3.jpg,https://www.waitrose.com/ecom/products/waitrose-barista-cappuccino-mug/402765-660163-660164,Waitrose Barista Cappuccino Mug,each,£7.00,£7 each,,Home
400551,iWeekend,G,false,989,https://ecom-su-static-prod.wtrecom.com/images/products/3/LN_400551_BP_3.jpg,https://www.waitrose.com/ecom/products/iweekend/400551-135317-135318,iWeekend,Each,£1.60,,,Home
400290,Silk Cut Silver TT 100s,G,false,990,https://ecom-su-static-prod.wtrecom.com/images/products/3/LN_400290_BP_3.jpg,https://www.waitrose.com/ecom/products/silk-cut-silver-tt-100s/400290-696712-696713,Silk Cut Silver TT 100s,100s,£86.00,86p each,,Home
396944,The Summer Swap,G,false,991,https://ecom-su-static-prod.wtrecom.com/images/products/3/LN_396944_BP_3.jpg,https://www.waitrose.com/ecom/products/the-summer-swap/396944-826564-826565,The Summer Swap,1Each,£6.99,£6.99 each,,Home
396558,ANYDAY Drink Bistro Tumbler,G,false,992,https://ecom-su-static-prod.wtrecom.com/images/products/3/LN_396558_BP_3.jpg,https://www.waitrose.com/ecom/products/anyday-drink-bistro-tumbler/396558-304458-304459,ANYDAY Drink Bistro Tumbler,each,£1.50,£1.50 each,,Home
394581,ANYDAY Cylinder Glass Vase,G,false,993,https://ecom-su-static-prod.wtrecom.com/images/products/3/LN_394581_BP_3.jpg,https://www.waitrose.com/ecom/products/anyday-cylinder-glass-vase/394581-246771-246772,ANYDAY Cylinder Glass Vase,1,£14.00,£14 each,,Home
390262,Who She Was,G,false,994,https://ecom-su-static-prod.wtrecom.com/images/products/3/LN_390262_BP_3.jpg,https://www.waitrose.com/ecom/products/who-she-was/390262-824662-824663,Who She Was,1Each,£6.99,£6.99 each,,Home
384425,The Fast 800 Treats,G,false,995,https://ecom-su-static-prod.wtrecom.com/images/products/3/LN_384425_BP_3.jpg,https://www.waitrose.com/ecom/products/the-fast-800-treats/384425-824660-824661,The Fast 800 Treats,1Each,£13.00,£13 each,,Home
384183,Veev One Classic Tobacco 1.8% MNT,G,false,996,https://ecom-su-static-prod.wtrecom.com/images/products/3/LN_384183_BP_3.jpg,https://www.waitrose.com/ecom/products/veev-one-classic-tobacco-18-mnt/384183-826086-826087,Veev One Classic Tobacco 1.8% MNT,1Each,£4.99,£4.99 each,,Home
379976,Velo Ruby Berry 10mg,G,false,997,https://ecom-su-static-prod.wtrecom.com/images/products/3/LN_379976_BP_3.jpg,https://www.waitrose.com/ecom/products/velo-ruby-berry-10mg/379976-826078-826079,Velo Ruby Berry 10mg,1Each,£6.50,£6.50 each,,Home
378191,Bluey Perfect Father's Day,G,false,998,https://ecom-su-static-prod.wtrecom.com/images/products/3/LN_378191_BP_3.jpg,https://www.waitrose.com/ecom/products/bluey-perfect-fathers-day/378191-824658-824659,Bluey Perfect Father's Day,each,£5.99,£5.99 each,,Home
376788,Oi Frog,G,false,999,https://ecom-su-static-prod.wtrecom.com/images/products/3/LN_376788_BP_3.jpg,https://www.waitrose.com/ecom/products/oi-frog/376788-822914-822915,Oi Frog,1Each,£5.99,£5.99 each,,Home
371234,Maped Pack of 12 Color'peps Oops Felt Tip Pens,G,false,1000,https://ecom-su-static-prod.wtrecom.com/images/products/3/LN_371234_BP_3.jpg,https://www.waitrose.com/ecom/products/maped-pack-of-12-colorpeps-oops-felt-tip-pens/371234-827446-827447,Maped Pack of 12 Color'peps Oops Felt Tip Pens,Each,£4.00,,,Home
366063,ZYN Icy Blackcurrant XX Pouches 12.5mg 21s,G,false,1001,https://ecom-su-static-prod.wtrecom.com/images/products/3/LN_366063_BP_3.jpg,https://www.waitrose.com/ecom/products/zyn-icy-blackcurrant-xx-pouches-125mg-21s/366063-826066-826067,ZYN Icy Blackcurrant XX Pouches 12.5mg 21s,21s,£6.50,31p each,,Home
365382,Motorsport,G,false,1002,https://ecom-su-static-prod.wtrecom.com/images/products/3/LN_365382_BP_3.jpg,https://www.waitrose.com/ecom/products/motorsport/365382-823965-823966,Motorsport,1Each,£6.99,,,Home
362419,Veev One Blue Mint 1.8%,G,false,1003,https://ecom-su-static-prod.wtrecom.com/images/products/3/LN_362419_BP_3.jpg,https://www.waitrose.com/ecom/products/veev-one-blue-mint-18/362419-826064-826065,Veev One Blue Mint 1.8%,1Each,£4.99,£4.99 each,,Home
340413,Nu: Mail Bubble Wrap Roll 5m x 30cm,G,false,1004,https://ecom-su-static-prod.wtrecom.com/images/products/3/LN_340413_BP_3.jpg,https://www.waitrose.com/ecom/products/nu-mail-bubble-wrap-roll-5m-x-30cm/340413-827442-827443,Nu: Mail Bubble Wrap Roll 5m x 30cm,small,£2.60,,,Home
308556,Helix Oxford Pack of 12 Erasable Colouring Pencils,G,false,1005,https://ecom-su-static-prod.wtrecom.com/images/products/3/LN_308556_BP_3.jpg,https://www.waitrose.com/ecom/products/helix-oxford-pack-of-12-erasable-colouring-pencils/308556-827434-827435,Helix Oxford Pack of 12 Erasable Colouring Pencils,1Each,£2.50,£2.50 each,,Home
294312,Yoy Are Here,G,false,1006,https://ecom-su-static-prod.wtrecom.com/images/products/3/LN_294312_BP_3.jpg,https://www.waitrose.com/ecom/products/yoy-are-here/294312-824654-824655,Yoy Are Here,1Each,£16.00,£16 each,,Home
277755,Great Uncle Harry,G,false,1007,https://ecom-su-static-prod.wtrecom.com/images/products/3/LN_277755_BP_3.jpg,https://www.waitrose.com/ecom/products/great-uncle-harry/277755-825968-825969,Great Uncle Harry,1Each,£7.99,£7.99 each,,Home
274135,The Great Deceiver,G,false,1008,https://ecom-su-static-prod.wtrecom.com/images/products/3/LN_274135_BP_3.jpg,https://www.waitrose.com/ecom/products/the-great-deceiver/274135-824291-824292,The Great Deceiver,each,£6.99,£6.99 each,,Home
272116,Sticker Dolly Magical Kingdom,G,false,1009,https://ecom-su-static-prod.wtrecom.com/images/products/3/LN_272116_BP_3.jpg,https://www.waitrose.com/ecom/products/sticker-dolly-magical-kingdom/272116-824289-824290,Sticker Dolly Magical Kingdom,1Each,£5.99,£5.99 each,,Home
270844,Maped Pack of 12 Infinity Colouring Pencils,G,false,1010,https://ecom-su-static-prod.wtrecom.com/images/products/3/LN_270844_BP_3.jpg,https://www.waitrose.com/ecom/products/maped-pack-of-12-infinity-colouring-pencils/270844-827430-827431,Maped Pack of 12 Infinity Colouring Pencils,1Each,£5.00,£5 each,,Home
251670,The Tw*t Files,G,false,1011,https://ecom-su-static-prod.wtrecom.com/images/products/3/LN_251670_BP_3.jpg,https://www.waitrose.com/ecom/products/the-twt-files/251670-824283-824284,The Tw*t Files,1Each,£6.99,£6.99 each,,Home
229603,The Stolen Hours,G,false,1012,https://ecom-su-static-prod.wtrecom.com/images/products/3/LN_229603_BP_3.jpg,https://www.waitrose.com/ecom/products/the-stolen-hours/229603-824975-824976,The Stolen Hours,1Each,£6.99,£6.99 each,,Home
220956,Veev One Starter Kit MNT Classic,G,false,1013,https://ecom-su-static-prod.wtrecom.com/images/products/3/LN_220956_BP_3.jpg,https://www.waitrose.com/ecom/products/veev-one-starter-kit-mnt-classic/220956-826034-826035,Veev One Starter Kit MNT Classic,1Each,£5.99,£5.99 each,,Home
215672,Tackle,G,false,1014,https://ecom-su-static-prod.wtrecom.com/images/products/3/LN_215672_BP_3.jpg,https://www.waitrose.com/ecom/products/tackle/215672-825964-825965,Tackle,1Each,£6.99,£6.99 each,,Home
098952,Living Etc,G,true,1015,https://ecom-su-static-prod.wtrecom.com/images/products/3/LN_098952_BP_3.jpg,https://www.waitrose.com/ecom/products/living-etc/098952-50447-50448,Living Etc,Each,£6.99,,Add 2 for £8,Home
098808,Heat,G,false,1016,https://ecom-su-static-prod.wtrecom.com/images/products/3/LN_098808_BP_3.jpg,https://www.waitrose.com/ecom/products/heat/098808-50379-50380,Heat,Each,£2.80,,,Home
097845,New Scientist,G,false,1017,https://ecom-su-static-prod.wtrecom.com/images/products/3/LN_097845_BP_3.jpg,https://www.waitrose.com/ecom/products/new-scientist/097845-49917-49918,New Scientist,Each,£6.95,,,Home
096405,25 Beautiful Homes,G,true,1018,https://ecom-su-static-prod.wtrecom.com/images/products/3/LN_096405_BP_3.jpg,https://www.waitrose.com/ecom/products/25-beautiful-homes/096405-49322-49323,25 Beautiful Homes,Each,£5.25,,Add 2 for £8,Home
093640,Sunday Express,G,false,1019,https://ecom-su-static-prod.wtrecom.com/images/products/3/LN_093640_BP_3.jpg,https://www.waitrose.com/ecom/products/sunday-express/093640-48092-48093,Sunday Express,Each,£2.50,,,Home
093482,Mail on Sunday,G,false,1020,https://ecom-su-static-prod.wtrecom.com/images/products/3/LN_093482_BP_3.jpg,https://www.waitrose.com/ecom/products/mail-on-sunday/093482-48012-48013,Mail on Sunday,Each,£2.10,,,Home
091463,Elle Decoration,G,false,1021,https://ecom-su-static-prod.wtrecom.com/images/products/3/LN_091463_BP_3.jpg,https://www.waitrose.com/ecom/products/elle-decoration/091463-47105-47106,Elle Decoration,Each,£6.99,,,Home
091014,National Geographic Kids,G,false,1022,https://ecom-su-static-prod.wtrecom.com/images/products/3/LN_091014_BP_3.jpg,https://www.waitrose.com/ecom/products/national-geographic-kids/091014-46861-46862,National Geographic Kids,Each,£5.99,,,Home
085173,The English Home,G,false,1023,https://ecom-su-static-prod.wtrecom.com/images/products/3/LN_085173_BP_3.jpg,https://www.waitrose.com/ecom/products/the-english-home/085173-43256-43257,The English Home,Each,£5.99,,,Home
078552,Coast,G,false,1024,https://ecom-su-static-prod.wtrecom.com/images/products/3/LN_078552_BP_3.jpg,https://www.waitrose.com/ecom/products/coast/078552-40005-40006,Coast,each,£5.50,,,Home
067476,Lily-Flame CandleTin Fairy Dust,G,false,1025,https://ecom-su-static-prod.wtrecom.com/images/products/3/LN_067476_BP_3.jpg,https://www.waitrose.com/ecom/products/lily-flame-candletin-fairy-dust/067476-34241-34242,Lily-Flame CandleTin Fairy Dust,each,£11.00,£11 each,,Home
064141,Sun,G,false,1026,https://ecom-su-static-prod.wtrecom.com/images/products/3/LN_064141_BP_3.jpg,https://www.waitrose.com/ecom/products/sun/064141-32562-32563,Sun,each,£1.00,,,Home
063314,The English Garden,G,false,1027,https://ecom-su-static-prod.wtrecom.com/images/products/3/LN_063314_BP_3.jpg,https://www.waitrose.com/ecom/products/the-english-garden/063314-32165-32166,The English Garden,Each,£5.99,,,Home
062304,Rizla+ King Size Slim 32s,G,false,1028,https://ecom-su-static-prod.wtrecom.com/images/products/3/LN_062304_BP_3.jpg,https://www.waitrose.com/ecom/products/rizla-king-size-slim-32s/062304-31631-31632,Rizla+ King Size Slim 32s,Each,£1.10,£1.10 each,,Home
056968,Grazia UK,G,false,1029,https://ecom-su-static-prod.wtrecom.com/images/products/3/LN_056968_BP_3.jpg,https://www.waitrose.com/ecom/products/grazia-uk/056968-28629-28630,Grazia UK,Each,£3.50,,,Home
054936,Private Eye,G,false,1030,https://ecom-su-static-prod.wtrecom.com/images/products/3/LN_054936_BP_3.jpg,https://www.waitrose.com/ecom/products/private-eye/054936-27595-27596,Private Eye,Each,£2.99,,,Home
054040,Red,G,false,1031,https://ecom-su-static-prod.wtrecom.com/images/products/3/LN_054040_BP_3.jpg,https://www.waitrose.com/ecom/products/red/054040-27111-27112,Red,Each,£5.99,,,Home
053606,Lily-Flame Candle Tin Jasmine,G,false,1032,https://ecom-su-static-prod.wtrecom.com/images/products/3/LN_053606_BP_3.jpg,https://www.waitrose.com/ecom/products/lily-flame-candle-tin-jasmine/053606-26847-26848,Lily-Flame Candle Tin Jasmine,each,£11.00,£11 each,,Home
053368,Pyrex Classic Mixing Bowl,G,true,1033,https://ecom-su-static-prod.wtrecom.com/images/products/3/LN_053368_BP_3.jpg,https://www.waitrose.com/ecom/products/pyrex-classic-mixing-bowl/053368-26685-26686,Pyrex Classic Mixing Bowl,each,£4.00,£4 each,save £1.00. Was £5.00,Home
039815,Delicious,G,false,1034,https://ecom-su-static-prod.wtrecom.com/images/products/3/LN_039815_BP_3.jpg,https://www.waitrose.com/ecom/products/delicious/039815-19706-19707,Delicious,Each,£5.99,,,Home
039049,Closer,G,false,1035,https://ecom-su-static-prod.wtrecom.com/images/products/3/LN_039049_BP_3.jpg,https://www.waitrose.com/ecom/products/closer/039049-19387-19388,Closer,Each,£2.70,,,Home
037679,Royal Mail 2nd Class Large Stamps,G,false,1036,https://ecom-su-static-prod.wtrecom.com/images/products/3/LN_037679_BP_3.jpg,https://www.waitrose.com/ecom/products/royal-mail-2nd-class-large-stamps/037679-18811-18812,Royal Mail 2nd Class Large Stamps,4s,£6.20,,,Home
036894,Sunday Mail,G,false,1037,https://ecom-su-static-prod.wtrecom.com/images/products/3/LN_036894_BP_3.jpg,https://www.waitrose.com/ecom/products/sunday-mail/036894-18469-18470,Sunday Mail,each,£2.80,,,Home
035369,Saturday Sun,G,false,1038,https://ecom-su-static-prod.wtrecom.com/images/products/3/LN_035369_BP_3.jpg,https://www.waitrose.com/ecom/products/saturday-sun/035369-17817-17818,Saturday Sun,Each,£1.30,,,Home
035351,Big K Barbecue Lighting Gel,G,false,1039,https://ecom-su-static-prod.wtrecom.com/images/products/3/LN_035351_BP_3.jpg,https://www.waitrose.com/ecom/products/big-k-barbecue-lighting-gel/035351-17807-17808,Big K Barbecue Lighting Gel,1litre,£5.50,£5.50/litre,,Home
033820,Financial Times Saturday,G,false,1040,https://ecom-su-static-prod.wtrecom.com/images/products/3/LN_033820_BP_3.jpg,https://www.waitrose.com/ecom/products/financial-times-saturday/033820-16937-16938,Financial Times Saturday,Each,£5.10,,,Home
033553,Womans Own,G,false,1041,https://ecom-su-static-prod.wtrecom.com/images/products/3/LN_033553_BP_3.jpg,https://www.waitrose.com/ecom/products/womans-own/033553-16811-16812,Womans Own,Each,£1.70,,,Home
033481,Economist,G,false,1042,https://ecom-su-static-prod.wtrecom.com/images/products/3/LN_033481_BP_3.jpg,https://www.waitrose.com/ecom/products/economist/033481-16745-16746,Economist,Each,£7.99,,,Home
033457,Autocar,G,false,1043,https://ecom-su-static-prod.wtrecom.com/images/products/3/LN_033457_BP_3.jpg,https://www.waitrose.com/ecom/products/autocar/033457-16711-16712,Autocar,Each,£4.75,,,Home
033456,Classic & Sports Car,G,false,1044,https://ecom-su-static-prod.wtrecom.com/images/products/3/LN_033456_BP_3.jpg,https://www.waitrose.com/ecom/products/classic-sports-car/033456-16709-16710,Classic & Sports Car,Each,£6.50,,,Home
033451,What Car,G,false,1045,https://ecom-su-static-prod.wtrecom.com/images/products/3/LN_033451_BP_3.jpg,https://www.waitrose.com/ecom/products/what-car/033451-16705-16706,What Car,Each,£6.99,,,Home
033383,BBC Gardeners World,G,false,1046,https://ecom-su-static-prod.wtrecom.com/images/products/3/LN_033383_BP_3.jpg,https://www.waitrose.com/ecom/products/bbc-gardeners-world/033383-16639-16640,BBC Gardeners World,Each,£6.50,,,Home
033361,House Beautiful,G,false,1047,https://ecom-su-static-prod.wtrecom.com/images/products/3/LN_033361_BP_3.jpg,https://www.waitrose.com/ecom/products/house-beautiful/033361-16623-16624,House Beautiful,Each,£5.99,,,Home
033357,Homes & Gardens,G,true,1048,https://ecom-su-static-prod.wtrecom.com/images/products/3/LN_033357_BP_3.jpg,https://www.waitrose.com/ecom/products/homes-gardens/033357-16615-16616,Homes & Gardens,Each,£5.99,,Add 2 for £8,Home
033355,Country Homes & Interiors,G,true,1049,https://ecom-su-static-prod.wtrecom.com/images/products/3/LN_033355_BP_3.jpg,https://www.waitrose.com/ecom/products/country-homes-interiors/033355-16613-16614,Country Homes & Interiors,Each,£5.50,,Add 2 for £8,Home
033353,Country Life,G,false,1050,https://ecom-su-static-prod.wtrecom.com/images/products/3/LN_033353_BP_3.jpg,https://www.waitrose.com/ecom/products/country-life/033353-16609-16610,Country Life,Each,£5.00,,,Home
033351,Country Living,G,false,1051,https://ecom-su-static-prod.wtrecom.com/images/products/3/LN_033351_BP_3.jpg,https://www.waitrose.com/ecom/products/country-living/033351-16607-16608,Country Living,Each,£5.99,,,Home
033341,Horse & Hound,G,false,1052,https://ecom-su-static-prod.wtrecom.com/images/products/3/LN_033341_BP_3.jpg,https://www.waitrose.com/ecom/products/horse-hound/033341-16593-16594,Horse & Hound,each,£3.25,,,Home
033339,Ideal Home,G,true,1053,https://ecom-su-static-prod.wtrecom.com/images/products/3/LN_033339_BP_3.jpg,https://www.waitrose.com/ecom/products/ideal-home/033339-16589-16590,Ideal Home,Each,£4.99,,Add 2 for £8,Home
033336,Period Living,G,true,1054,https://ecom-su-static-prod.wtrecom.com/images/products/3/LN_033336_BP_3.jpg,https://www.waitrose.com/ecom/products/period-living/033336-16585-16586,Period Living,Each,£4.99,,Add 2 for £8,Home
033333,Tatler,G,false,1055,https://ecom-su-static-prod.wtrecom.com/images/products/3/LN_033333_BP_3.jpg,https://www.waitrose.com/ecom/products/tatler/033333-16581-16582,Tatler,Each,£5.99,,,Home
033313,OK,G,false,1056,https://ecom-su-static-prod.wtrecom.com/images/products/3/LN_033313_BP_3.jpg,https://www.waitrose.com/ecom/products/ok/033313-16549-16550,OK,Each,£3.99,,,Home
033311,Prima,G,false,1057,https://ecom-su-static-prod.wtrecom.com/images/products/3/LN_033311_BP_3.jpg,https://www.waitrose.com/ecom/products/prima/033311-16545-16546,Prima,Each,£4.99,,,Home
033307,Elle,G,false,1058,https://ecom-su-static-prod.wtrecom.com/images/products/3/LN_033307_BP_3.jpg,https://www.waitrose.com/ecom/products/elle/033307-16537-16538,Elle,Each,£4.99,,,Home
033301,Vogue,G,false,1059,https://ecom-su-static-prod.wtrecom.com/images/products/3/LN_033301_BP_3.jpg,https://www.waitrose.com/ecom/products/vogue/033301-16529-16530,Vogue,Each,£3.99,,,Home
033284,Mens Health UK,G,false,1060,https://ecom-su-static-prod.wtrecom.com/images/products/3/LN_033284_BP_3.jpg,https://www.waitrose.com/ecom/products/mens-health-uk/033284-16509-16510,Mens Health UK,Each,£5.99,,,Home
033249,The Lady,G,false,1061,https://ecom-su-static-prod.wtrecom.com/images/products/3/LN_033249_BP_3.jpg,https://www.waitrose.com/ecom/products/the-lady/033249-16475-16476,The Lady,Each,£5.75,,,Home
033221,TV & Satellite Week,G,false,1062,https://ecom-su-static-prod.wtrecom.com/images/products/3/LN_033221_BP_3.jpg,https://www.waitrose.com/ecom/products/tv-satellite-week/033221-16439-16440,TV & Satellite Week,Each,£3.40,,,Home
033076,Sunday Telegraph,G,false,1063,https://ecom-su-static-prod.wtrecom.com/images/products/3/LN_033076_BP_3.jpg,https://www.waitrose.com/ecom/products/sunday-telegraph/033076-16277-16278,Sunday Telegraph,Each,£3.50,,,Home
033030,Financial Times,G,false,1064,https://ecom-su-static-prod.wtrecom.com/images/products/3/LN_033030_BP_3.jpg,https://www.waitrose.com/ecom/products/financial-times/033030-16205-16206,Financial Times,each,£2.90,,,Home
033009,Daily Express,G,false,1065,https://ecom-su-static-prod.wtrecom.com/images/products/3/LN_033009_BP_3.jpg,https://www.waitrose.com/ecom/products/daily-express/033009-16169-16170,Daily Express,Each,£1.50,,,Home
033005,Daily Star Eng & Wales,G,false,1066,https://ecom-su-static-prod.wtrecom.com/images/products/3/LN_033005_BP_3.jpg,https://www.waitrose.com/ecom/products/daily-star-eng-wales/033005-16163-16164,Daily Star Eng & Wales,each,95p,,,Home
032205,Royal Mail 1st Class Large Stamps,G,false,1067,https://ecom-su-static-prod.wtrecom.com/images/products/3/LN_032205_BP_3.jpg,https://www.waitrose.com/ecom/products/royal-mail-1st-class-large-stamps/032205-15705-15706,Royal Mail 1st Class Large Stamps,4s,£8.40,,,Home
029510,Sunday Sun,G,false,1068,https://ecom-su-static-prod.wtrecom.com/images/products/3/LN_029510_BP_3.jpg,https://www.waitrose.com/ecom/products/sunday-sun/029510-14439-14440,Sunday Sun,Each,£1.60,,,Home
026186,Swan Filter Tips Slimline,G,false,1069,https://ecom-su-static-prod.wtrecom.com/images/products/3/LN_026186_BP_3.jpg,https://www.waitrose.com/ecom/products/swan-filter-tips-slimline/026186-12751-12752,Swan Filter Tips Slimline,pack,£1.35,£1.35 each,,Home
021893,BBC Good Food,G,false,1070,https://ecom-su-static-prod.wtrecom.com/images/products/3/LN_021893_BP_3.jpg,https://www.waitrose.com/ecom/products/bbc-good-food/021893-10674-10675,BBC Good Food,Each,£6.50,,,Home
020646,Daily Mirror,G,false,1071,https://ecom-su-static-prod.wtrecom.com/images/products/3/LN_020646_BP_3.jpg,https://www.waitrose.com/ecom/products/daily-mirror/020646-10059-10060,Daily Mirror,each,£1.50,,,Home
018611,Slimming World,G,false,1072,https://ecom-su-static-prod.wtrecom.com/images/products/3/LN_018611_BP_3.jpg,https://www.waitrose.com/ecom/products/slimming-world/018611-8989-8990,Slimming World,Each,£3.99,,,Home
016553,Sunday Mirror,G,false,1073,https://ecom-su-static-prod.wtrecom.com/images/products/3/LN_016553_BP_3.jpg,https://www.waitrose.com/ecom/products/sunday-mirror/016553-7945-7946,Sunday Mirror,Each,£2.50,,,Home
014343,Poppell Lighter,G,false,1074,https://ecom-su-static-prod.wtrecom.com/images/products/3/LN_014343_BP_3.jpg,https://www.waitrose.com/ecom/products/poppell-lighter/014343-6888-6889,Poppell Lighter,Each,£1.55,£1.55 each,,Home
012935,Woman,G,false,1075,https://ecom-su-static-prod.wtrecom.com/images/products/3/LN_012935_BP_3.jpg,https://www.waitrose.com/ecom/products/woman/012935-6308-6309,Woman,Each,£1.70,,,Home
008694,Caroline Gardner Gift Bag,G,false,1076,https://ecom-su-static-prod.wtrecom.com/images/products/3/LN_008694_BP_3.jpg,https://www.waitrose.com/ecom/products/caroline-gardner-gift-bag/008694-4139-4140,Caroline Gardner Gift Bag,each,£3.50,£3.50 each,,Home
