data-product-id,data-product-name,data-product-type,data-product-on-offer,data-product-index,image-url,product-page,product-name,product-size,item-price,price-per-unit,offer-description,category
497633,Finish Quantum All in One Lemon Dishwasher Tablets,G,true,132,https://ecom-su-static-prod.wtrecom.com/images/products/3/LN_497633_BP_3.jpg,https://www.waitrose.com/ecom/products/finish-quantum-all-in-one-lemon-dishwasher-tablets/497633-778256-778257,Finish Quantum All in One Lemon Dishwasher Tablets,64Each,£10.00,15.6p each,Save 1/3. Was £15.00,Household
627645,Finish Ultimate Plus All in One Lemon Dishwasher Tablets Large Pack,G,true,277,https://ecom-su-static-prod.wtrecom.com/images/products/3/LN_627645_BP_3.jpg,https://www.waitrose.com/ecom/products/finish-ultimate-plus-all-in-one-lemon-dishwasher-tablets-large-pack/627645-803194-803195,Finish Ultimate Plus All in One Lemon Dishwasher Tablets Large Pack,48Each,£9.00,18.8p each,save £6.50. Was £15.50,Household
475915,Finish Ultimate All in One Lemon Dishwasher Tablets,G,true,230,https://ecom-su-static-prod.wtrecom.com/images/products/3/LN_475915_BP_3.jpg,https://www.waitrose.com/ecom/products/finish-ultimate-all-in-one-lemon-dishwasher-tablets/475915-720137-720138,Finish Ultimate All in One Lemon Dishwasher Tablets,36s,£8.00,22.2p each,Save 1/3. Was £12.50,Household
028863,Essential White Ultra Soft Bathroom Tissue,G,false,4,https://ecom-su-static-prod.wtrecom.com/images/products/3/LN_028863_BP_3.jpg,https://www.waitrose.com/ecom/products/essential-white-ultra-soft-bathroom-tissue/028863-14063-14064,Essential White Ultra Soft Bathroom Tissue,9x190 sheets,£4.00,23.4p/100 sheets,,Household
022482,Essential Thick Bleach Citrus,G,false,5,https://ecom-su-static-prod.wtrecom.com/images/products/3/LN_022482_BP_3.jpg,https://www.waitrose.com/ecom/products/essential-thick-bleach-citrus/022482-10960-10961,Essential Thick Bleach Citrus,750ml,75p,£1/litre,,Household
879894,essential Waitrose Soft White Tissues,G,false,6,https://ecom-su-static-prod.wtrecom.com/images/products/3/LN_879894_BP_3.jpg,https://www.waitrose.com/ecom/products/essential-waitrose-soft-white-tissues/879894-287831-287832,essential Waitrose Soft White Tissues,96 sheets,£1.40,14.6p/10 sheets,,Household
616207,Essential 2 Extra Length Kitchen Rolls,G,false,7,https://ecom-su-static-prod.wtrecom.com/images/products/3/LN_616207_BP_3.jpg,https://www.waitrose.com/ecom/products/essential-2-extra-length-kitchen-rolls/616207-698054-698055,Essential 2 Extra Length Kitchen Rolls,2x100 sheets,£2.70,£1.35/100 sheets,,Household
014407,Andrex Supreme Quilts Toilet Roll,G,true,8,https://ecom-su-static-prod.wtrecom.com/images/products/3/LN_014407_BP_3.jpg,https://www.waitrose.com/ecom/products/andrex-supreme-quilts-toilet-roll/014407-6924-6925,Andrex Supreme Quilts Toilet Roll,9x155 sheets,£7.10,50.9p/100 sheets,Add 2 for £10,Household
071469,Andrex Classic Clean Toilet Roll,G,true,9,https://ecom-su-static-prod.wtrecom.com/images/products/3/LN_071469_BP_3.jpg,https://www.waitrose.com/ecom/products/andrex-classic-clean-toilet-roll/071469-36254-36255,Andrex Classic Clean Toilet Roll,9x190 sheets,£4.95,28.9p/100 sheets,save £1.65. Was £6.60,Household
003521,Essential Aluminium Foil 10m x 300mm,G,false,10,https://ecom-su-static-prod.wtrecom.com/images/products/3/LN_003521_BP_3.jpg,https://www.waitrose.com/ecom/products/essential-aluminium-foil-10m-x-300mm/003521-1413-1414,Essential Aluminium Foil 10m x 300mm,Each,£1.50,£1.50 each,,Household
760378,Essential Kitchen Rolls,G,false,11,https://ecom-su-static-prod.wtrecom.com/images/products/3/LN_760378_BP_3.jpg,https://www.waitrose.com/ecom/products/essential-kitchen-rolls/760378-698132-698133,Essential Kitchen Rolls,4x100 sheets,£4.30,£1.08/100 sheets,,Household
032584,Domestos Thick Bleach Original Toilet Cleaner,G,false,12,https://ecom-su-static-prod.wtrecom.com/images/products/3/LN_032584_BP_3.jpg,https://www.waitrose.com/ecom/products/domestos-thick-bleach-original-toilet-cleaner/032584-15927-15928,Domestos Thick Bleach Original Toilet Cleaner,750ml,£1.60,£2.14/litre,,Household
681764,Regina Blitz 3 Ply Towels,G,false,13,https://ecom-su-static-prod.wtrecom.com/images/products/3/LN_681764_BP_3.jpg,https://www.waitrose.com/ecom/products/regina-blitz-3-ply-towels/681764-268170-268171,Regina Blitz 3 Ply Towels,2x70 sheets,£5.25,£3.75/100 sheets,,Household
003551,Essential Thick Bleach,G,false,14,https://ecom-su-static-prod.wtrecom.com/images/products/3/LN_003551_BP_3.jpg,https://www.waitrose.com/ecom/products/essential-thick-bleach/003551-1445-1446,Essential Thick Bleach,750ml,75p,£1/litre,,Household
851002,Kleenex Collection Tissues Cube,G,false,15,https://ecom-su-static-prod.wtrecom.com/images/products/3/LN_851002_BP_3.jpg,https://www.waitrose.com/ecom/products/kleenex-collection-tissues-cube/851002-759780-759781,Kleenex Collection Tissues Cube,48 Sheets,£1.45,30.2p/10 sheets,,Household
726503,Andrex Supreme Quilts Toilet Roll Family Pack,G,false,16,https://ecom-su-static-prod.wtrecom.com/images/products/3/LN_726503_BP_3.jpg,https://www.waitrose.com/ecom/products/andrex-supreme-quilts-toilet-roll-family-pack/726503-298617-298618,Andrex Supreme Quilts Toilet Roll Family Pack,16x155 sheets,£12.35,49.8p/100 sheets,,Household
502548,Kleenex Extra Large Tissues Twin Pack,G,false,17,https://ecom-su-static-prod.wtrecom.com/images/products/3/LN_502548_BP_3.jpg,https://www.waitrose.com/ecom/products/kleenex-extra-large-tissues-twin-pack/502548-70996-70997,Kleenex Extra Large Tissues Twin Pack,2x44 sheets,£2.65,30.1p/10 sheets,,Household
669732,Plenty The Original One,G,false,18,https://ecom-su-static-prod.wtrecom.com/images/products/3/LN_669732_BP_3.jpg,https://www.waitrose.com/ecom/products/plenty-the-original-one/669732-596437-596438,Plenty The Original One,2x100 sheets,£6.00,£3/100 sheets,,Household
071623,Andrex Classic Clean Flushable Washlets Moist Toilet Tissue Wipes,G,true,19,https://ecom-su-static-prod.wtrecom.com/images/products/3/LN_071623_BP_3.jpg,https://www.waitrose.com/ecom/products/andrex-classic-clean-flushable-washlets-moist-toilet-tissue-wipes/071623-36354-36355,Andrex Classic Clean Flushable Washlets Moist Toilet Tissue Wipes,36 sheets,£1.50,£4.17/100 sheets,Add 2 for £2,Household
434365,Waitrose 20 Compostable Caddy Liners,G,false,20,https://ecom-su-static-prod.wtrecom.com/images/products/3/LN_434365_BP_3.jpg,https://www.waitrose.com/ecom/products/waitrose-20-compostable-caddy-liners/434365-136285-136286,Waitrose 20 Compostable Caddy Liners,20s,£2.25,11.3p each,,Household
670629,Essential White Ultra Soft Bathroom Tissue,G,false,21,https://ecom-su-static-prod.wtrecom.com/images/products/3/LN_670629_BP_3.jpg,https://www.waitrose.com/ecom/products/essential-white-ultra-soft-bathroom-tissue/670629-95217-95218,Essential White Ultra Soft Bathroom Tissue,16x190 sheets,£7.00,23p/100 sheets,,Household
092324,Kleenex Ultra Soft Tissues Mega Box,G,true,22,https://ecom-su-static-prod.wtrecom.com/images/products/3/LN_092324_BP_3.jpg,https://www.waitrose.com/ecom/products/kleenex-ultra-soft-tissues-mega-box/092324-47497-47498,Kleenex Ultra Soft Tissues Mega Box,112 sheets,£4.20,£3.75/100 sheets,Add 2 for £5,Household
593936,Fairy Original Washing Up Liquid,G,false,23,https://ecom-su-static-prod.wtrecom.com/images/products/3/LN_593936_BP_3.jpg,https://www.waitrose.com/ecom/products/fairy-original-washing-up-liquid/593936-84197-84198,Fairy Original Washing Up Liquid,320ml,£1.25,39.1p/100ml,,Household
013687,Essential Thick Bleach Aqua,G,false,24,https://ecom-su-static-prod.wtrecom.com/images/products/3/LN_013687_BP_3.jpg,https://www.waitrose.com/ecom/products/essential-thick-bleach-aqua/013687-6649-6650,Essential Thick Bleach Aqua,750ml,75p,£1/litre,,Household
522601,Essential Pedal Bin Liners Tie Handles,G,false,25,https://ecom-su-static-prod.wtrecom.com/images/products/3/LN_522601_BP_3.jpg,https://www.waitrose.com/ecom/products/essential-pedal-bin-liners-tie-handles/522601-156201-156202,,,,,,Household
522601,Essential Pedal Bin Liners Tie Handles,G,false,25,https://ecom-su-static-prod.wtrecom.com/images/products/3/LN_522601_BP_3.jpg,https://www.waitrose.com/ecom/products/essential-pedal-bin-liners-tie-handles/522601-156201-156202,Essential Pedal Bin Liners Tie Handles,30s,£2.35,7.8p each,,Household
070464,Essential White Ultra Soft Bathroom Tissue,G,false,26,https://ecom-su-static-prod.wtrecom.com/images/products/3/LN_070464_BP_3.jpg,https://www.waitrose.com/ecom/products/essential-white-ultra-soft-bathroom-tissue/070464-35691-35692,Essential White Ultra Soft Bathroom Tissue,4x190Sheet,£2.00,26.3p/100 sheets,,Household
096180,Kleenex Balsam Tissues Mega Box,G,true,27,https://ecom-su-static-prod.wtrecom.com/images/products/3/LN_096180_BP_3.jpg,https://www.waitrose.com/ecom/products/kleenex-balsam-tissues-mega-box/096180-49220-49221,Kleenex Balsam Tissues Mega Box,112 Sheets,£4.20,£3.75/100 sheets,Add 2 for £5,Household
787688,Essential Washing Up Liquid Citrus,G,false,28,https://ecom-su-static-prod.wtrecom.com/images/products/3/LN_787688_BP_3.jpg,https://www.waitrose.com/ecom/products/essential-washing-up-liquid-citrus/787688-803228-803229,Essential Washing Up Liquid Citrus,500ml,70p,£1.40/litre,,Household
572199,Waitrose Tie Handle Refuse Bags,G,false,29,https://ecom-su-static-prod.wtrecom.com/images/products/3/LN_572199_BP_3.jpg,https://www.waitrose.com/ecom/products/waitrose-tie-handle-refuse-bags/572199-795094-795095,Waitrose Tie Handle Refuse Bags,20s,£2.95,14.8p each,,Household
661336,Fairy Original Lemon Washing Up Liquid,G,true,30,https://ecom-su-static-prod.wtrecom.com/images/products/3/LN_661336_BP_3.jpg,https://www.waitrose.com/ecom/products/fairy-original-lemon-washing-up-liquid/661336-93890-93891,Fairy Original Lemon Washing Up Liquid,320ml,£1.00,31.3p/100ml,20% Off. Was £1.25,Household
661429,Waitrose ECO Kitchen Towels White,G,false,31,https://ecom-su-static-prod.wtrecom.com/images/products/3/LN_661429_BP_3.jpg,https://www.waitrose.com/ecom/products/waitrose-eco-kitchen-towels-white/661429-280751-280752,Waitrose ECO Kitchen Towels White,2x100 sheets,£2.70,£1.35/100 sheets,,Household
078768,Waitrose Ultra Soft White Tissues,G,false,32,https://ecom-su-static-prod.wtrecom.com/images/products/3/LN_078768_BP_3.jpg,https://www.waitrose.com/ecom/products/waitrose-ultra-soft-white-tissues/078768-40105-40106,Waitrose Ultra Soft White Tissues,56 sheets,£1.30,23.2p/10 sheets,,Household
474089,Plenty The Original One,G,true,33,https://ecom-su-static-prod.wtrecom.com/images/products/3/LN_474089_BP_3.jpg,https://www.waitrose.com/ecom/products/plenty-the-original-one/474089-596429-596430,Plenty The Original One,4x100 sheets,£6.25,£1.57/100 sheets,save £2.95. Was £9.20,Household
562191,Harpic Bleach White & Shine Toilet Cleaner Citrus,G,true,34,https://ecom-su-static-prod.wtrecom.com/images/products/3/LN_562191_BP_3.jpg,https://www.waitrose.com/ecom/products/harpic-bleach-white-shine-toilet-cleaner-citrus/562191-255551-255552,Harpic Bleach White & Shine Toilet Cleaner Citrus,750ml,£1.60,£2.14/litre,Add 2 for £2.50,Household
738361,Essential White Ultra Soft Bathroom Tissue,G,false,35,https://ecom-su-static-prod.wtrecom.com/images/products/3/LN_738361_BP_3.jpg,https://www.waitrose.com/ecom/products/essential-white-ultra-soft-bathroom-tissue/738361-759720-759721,Essential White Ultra Soft Bathroom Tissue,24 x 190 sheets,£9.50,20.8p/100 sheets,,Household
384509,Regina Blitz 1 Roll,G,true,36,https://ecom-su-static-prod.wtrecom.com/images/products/3/LN_384509_BP_3.jpg,https://www.waitrose.com/ecom/products/regina-blitz-1-roll/384509-54069-54070,Regina Blitz 1 Roll,100 sheets,£2.50,£2.50/100 sheets,save £1.30. Was £3.80,Household
071559,Essential Large Soft White Tissues,G,false,37,https://ecom-su-static-prod.wtrecom.com/images/products/3/LN_071559_BP_3.jpg,https://www.waitrose.com/ecom/products/essential-large-soft-white-tissues/071559-36312-36313,Essential Large Soft White Tissues,100 sheets,£1.90,19p/10 sheets,,Household
059699,"Waitrose Cashmere Bathroom Tissue, Chamomile",G,false,38,https://ecom-su-static-prod.wtrecom.com/images/products/3/LN_059699_BP_3.jpg,https://www.waitrose.com/ecom/products/waitrose-cashmere-bathroom-tissue-chamomile/059699-428538-30110,"Waitrose Cashmere Bathroom Tissue, Chamomile",9x170 sheets,£5.50,35.9p/100 sheets,,Household
073921,Domestos Thick Bleach Citrus Toilet Cleaner,G,false,39,https://ecom-su-static-prod.wtrecom.com/images/products/3/LN_073921_BP_3.jpg,https://www.waitrose.com/ecom/products/domestos-thick-bleach-citrus-toilet-cleaner/073921-37516-37517,Domestos Thick Bleach Citrus Toilet Cleaner,750ml,£1.60,£2.14/litre,,Household
883134,Essential Floor Wipes,G,false,40,https://ecom-su-static-prod.wtrecom.com/images/products/3/LN_883134_BP_3.jpg,https://www.waitrose.com/ecom/products/essential-floor-wipes/883134-366641-366642,Essential Floor Wipes,15s,£1.10,7.3p each,,Household
756054,Waitrose Ultra Strong Kitchen Towel,G,false,41,https://ecom-su-static-prod.wtrecom.com/images/products/3/LN_756054_BP_3.jpg,https://www.waitrose.com/ecom/products/waitrose-ultra-strong-kitchen-towel/756054-760747-760748,Waitrose Ultra Strong Kitchen Towel,2x100sheets,£3.20,£1.60/100 sheets,,Household
758598,Persil Non Bio Washing Liquid Detergent 53W,G,false,42,https://ecom-su-static-prod.wtrecom.com/images/products/3/LN_758598_BP_3.jpg,https://www.waitrose.com/ecom/products/persil-non-bio-washing-liquid-detergent-53w/758598-162205-162206,Persil Non Bio Washing Liquid Detergent 53W,1.431litre,£9.50,£6.64/litre,,Household
515703,Waitrose Swing Bin Liners,G,false,43,https://ecom-su-static-prod.wtrecom.com/images/products/3/LN_515703_BP_3.jpg,https://www.waitrose.com/ecom/products/waitrose-swing-bin-liners/515703-795070-795071,Waitrose Swing Bin Liners,20s,£2.25,11.3p each,,Household
074674,Harpic Limescale Remover Toilet Cleaner Gel Original,G,true,44,https://ecom-su-static-prod.wtrecom.com/images/products/3/LN_074674_BP_3.jpg,https://www.waitrose.com/ecom/products/harpic-limescale-remover-toilet-cleaner-gel-original/074674-37892-37893,Harpic Limescale Remover Toilet Cleaner Gel Original,750ml,£2.00,£2.67/litre,Add 2 for £3,Household
765446,Fairy Original Washing Up Liquid,G,true,45,https://ecom-su-static-prod.wtrecom.com/images/products/3/LN_765446_BP_3.jpg,https://www.waitrose.com/ecom/products/fairy-original-washing-up-liquid/765446-785790-785791,Fairy Original Washing Up Liquid,654ml,£2.00,£3.06/litre,20% Off. Was £2.50,Household
002490,Viakal Limescale Remover Spray,G,false,46,https://ecom-su-static-prod.wtrecom.com/images/products/3/LN_002490_BP_3.jpg,https://www.waitrose.com/ecom/products/viakal-limescale-remover-spray/002490-830-831,Viakal Limescale Remover Spray,500ml,£4.00,£8/litre,,Household
778748,Dettol Anti-Bac Biodegradable Surface Wipes,G,false,47,https://ecom-su-static-prod.wtrecom.com/images/products/3/LN_778748_BP_3.jpg,https://www.waitrose.com/ecom/products/dettol-anti-bac-biodegradable-surface-wipes/778748-110795-110796,Dettol Anti-Bac Biodegradable Surface Wipes,72s,£3.75,5.2p each,,Household
044985,Waitrose Soft Pocket Tissues,G,false,48,https://ecom-su-static-prod.wtrecom.com/images/products/3/LN_044985_BP_3.jpg,https://www.waitrose.com/ecom/products/waitrose-soft-pocket-tissues/044985-22200-22201,Waitrose Soft Pocket Tissues,10x10 sheets,£1.50,15p/10 sheets,,Household
502043,Crystale Dish Salt Box,G,false,49,https://ecom-su-static-prod.wtrecom.com/images/products/3/LN_502043_BP_3.jpg,https://www.waitrose.com/ecom/products/crystale-dish-salt-box/502043-794684-794685,Crystale Dish Salt Box,2Kg,£2.65,£1.33/kg,,Household
839952,Essential Non-Scratch Scourers,G,false,50,https://ecom-su-static-prod.wtrecom.com/images/products/3/LN_839952_BP_3.jpg,https://www.waitrose.com/ecom/products/essential-non-scratch-scourers/839952-230049-230050,Essential Non-Scratch Scourers,6s,£1.10,18.3p each,,Household
761759,Spontex Washups Sponge Scourers,G,false,51,https://ecom-su-static-prod.wtrecom.com/images/products/3/LN_761759_BP_3.jpg,https://www.waitrose.com/ecom/products/spontex-washups-sponge-scourers/761759-483677-483678,Spontex Washups Sponge Scourers,4s,£1.60,40p each,,Household
692678,Harpic Bleach White & Shine Toilet Cleaner Original,G,true,52,https://ecom-su-static-prod.wtrecom.com/images/products/3/LN_692678_BP_3.jpg,https://www.waitrose.com/ecom/products/harpic-bleach-white-shine-toilet-cleaner-original/692678-255593-255594,Harpic Bleach White & Shine Toilet Cleaner Original,750ml,£1.60,£2.14/litre,Add 2 for £2.50,Household
447392,Essential Multi Surface Wipes,G,false,53,https://ecom-su-static-prod.wtrecom.com/images/products/3/LN_447392_BP_3.jpg,https://www.waitrose.com/ecom/products/essential-multi-surface-wipes/447392-720119-720120,Essential Multi Surface Wipes,72s,£1.80,2.5p each,,Household
017941,Cif Cream Multi-Purpose Cleaner Lemon Fresh,G,false,54,https://ecom-su-static-prod.wtrecom.com/images/products/3/LN_017941_BP_3.jpg,https://www.waitrose.com/ecom/products/cif-cream-multi-purpose-cleaner-lemon-fresh/017941-8696-8697,Cif Cream Multi-Purpose Cleaner Lemon Fresh,500ml,£1.60,£3.20/litre,,Household
410436,Dettol Anti-Bac Surface Cleanser Spray,G,false,55,https://ecom-su-static-prod.wtrecom.com/images/products/3/LN_410436_BP_3.jpg,https://www.waitrose.com/ecom/products/dettol-anti-bac-surface-cleanser-spray/410436-526412-526413,Dettol Anti-Bac Surface Cleanser Spray,750ml,£2.50,£3.34/litre,,Household
880433,Kleenex Antibacterial Wipes 12s,G,true,56,https://ecom-su-static-prod.wtrecom.com/images/products/3/LN_880433_BP_3.jpg,https://www.waitrose.com/ecom/products/kleenex-antibacterial-wipes-12s/880433-688762-688763,Kleenex Antibacterial Wipes 12s,12 sheets,£1.00,83.3p/10 sheets,Add 2 for £1.50,Household
633698,Essential Medium Tie Handle Bags,G,false,57,https://ecom-su-static-prod.wtrecom.com/images/products/3/LN_633698_BP_3.jpg,https://www.waitrose.com/ecom/products/essential-medium-tie-handle-bags/633698-726398-726399,Essential Medium Tie Handle Bags,40s,£2.00,5p each,,Household
691007,Waitrose ECO Kitchen Towel 100% Recycled,G,false,58,https://ecom-su-static-prod.wtrecom.com/images/products/3/LN_691007_BP_3.jpg,https://www.waitrose.com/ecom/products/waitrose-eco-kitchen-towel-100-recycled/691007-280753-280754,Waitrose ECO Kitchen Towel 100% Recycled,4x100Sheet,£4.80,£1.20/100 sheets,,Household
395109,Waitrose Ultra Soft White Tissues,G,false,59,https://ecom-su-static-prod.wtrecom.com/images/products/3/LN_395109_BP_3.jpg,https://www.waitrose.com/ecom/products/waitrose-ultra-soft-white-tissues/395109-287661-287662,Waitrose Ultra Soft White Tissues,80 sheets,£1.75,21.9p/10 sheets,,Household
081529,Waitrose Large Refuse Sacks Tie Handles,G,false,60,https://ecom-su-static-prod.wtrecom.com/images/products/3/LN_081529_BP_3.jpg,https://www.waitrose.com/ecom/products/waitrose-large-refuse-sacks-tie-handles/081529-41487-41488,Waitrose Large Refuse Sacks Tie Handles,15s,£4.40,29.3p each,,Household
633350,Waitrose Lavender Scented Vanity Bin Liners 10L,G,false,61,https://ecom-su-static-prod.wtrecom.com/images/products/3/LN_633350_BP_3.jpg,https://www.waitrose.com/ecom/products/waitrose-lavender-scented-vanity-bin-liners-10l/633350-795110-795111,Waitrose Lavender Scented Vanity Bin Liners 10L,25s,£1.79,7.2p each,,Household
070108,Marigold Extra-Life Medium Kitchen Gloves,G,true,62,https://ecom-su-static-prod.wtrecom.com/images/products/3/LN_070108_BP_3.jpg,https://www.waitrose.com/ecom/products/marigold-extra-life-medium-kitchen-gloves/070108-35512-35513,Marigold Extra-Life Medium Kitchen Gloves,pair,£2.60,£2.60 each,20% Off. Was £3.25,Household
441959,Fairy Lime & Lemongrass Washing Up Liquid,G,false,63,https://ecom-su-static-prod.wtrecom.com/images/products/3/LN_441959_BP_3.jpg,https://www.waitrose.com/ecom/products/fairy-lime-lemongrass-washing-up-liquid/441959-62200-62201,Fairy Lime & Lemongrass Washing Up Liquid,383ml,£2.00,£5.23/litre,,Household
856065,Fairy Platinum Quick Wash Original Liquid,G,false,64,https://ecom-su-static-prod.wtrecom.com/images/products/3/LN_856065_BP_3.jpg,https://www.waitrose.com/ecom/products/fairy-platinum-quick-wash-original-liquid/856065-785842-785843,Fairy Platinum Quick Wash Original Liquid,520ml,£3.00,£5.77/litre,,Household
052975,Andrex Supreme Quilts Toilet Roll Small Pack,G,true,65,https://ecom-su-static-prod.wtrecom.com/images/products/3/LN_052975_BP_3.jpg,https://www.waitrose.com/ecom/products/andrex-supreme-quilts-toilet-roll-small-pack/052975-26432-26433,Andrex Supreme Quilts Toilet Roll Small Pack,4x155 sheets,£2.85,46p/100 sheets,save 65p. Was £3.50,Household
497636,Crystale Dishwasher Salt,G,false,66,https://ecom-su-static-prod.wtrecom.com/images/products/3/LN_497636_BP_3.jpg,https://www.waitrose.com/ecom/products/crystale-dishwasher-salt/497636-778258-778259,Crystale Dishwasher Salt,900g,£1.50,£1.67/kg,,Household
374481,Harpic Powerplus Toilet Cleaner Citrus,G,true,67,https://ecom-su-static-prod.wtrecom.com/images/products/3/LN_374481_BP_3.jpg,https://www.waitrose.com/ecom/products/harpic-powerplus-toilet-cleaner-citrus/374481-52687-52688,Harpic Powerplus Toilet Cleaner Citrus,750ml,£2.10,£2.80/litre,Add 2 for £3,Household
751795,Waitrose Flush Top Refuse Bags,G,false,68,https://ecom-su-static-prod.wtrecom.com/images/products/3/LN_751795_BP_3.jpg,https://www.waitrose.com/ecom/products/waitrose-flush-top-refuse-bags/751795-803476-803477,Waitrose Flush Top Refuse Bags,20s,£2.50,12.5p each,,Household
728497,Essential Washing Up Liquid Orginal,G,false,69,https://ecom-su-static-prod.wtrecom.com/images/products/3/LN_728497_BP_3.jpg,https://www.waitrose.com/ecom/products/essential-washing-up-liquid-orginal/728497-803222-803223,Essential Washing Up Liquid Orginal,500ml,70p,£1.40/litre,,Household
006270,Waitrose Aluminium Foil,G,false,70,https://ecom-su-static-prod.wtrecom.com/images/products/3/LN_006270_BP_3.jpg,https://www.waitrose.com/ecom/products/waitrose-aluminium-foil/006270-2780-2781,Waitrose Aluminium Foil,Each,£3.60,£3.60 each,,Household
686396,Waitrose Moist Toilet Tissue Refill Chamomile,G,false,71,https://ecom-su-static-prod.wtrecom.com/images/products/3/LN_686396_BP_3.jpg,https://www.waitrose.com/ecom/products/waitrose-moist-toilet-tissue-refill-chamomile/686396-97491-97492,Waitrose Moist Toilet Tissue Refill Chamomile,42 sheets,£1.20,£2.86/100 sheets,,Household
804689,Finish Dishwasher Cleaner 250ml Lemon,G,false,72,https://ecom-su-static-prod.wtrecom.com/images/products/3/LN_804689_BP_3.jpg,https://www.waitrose.com/ecom/products/finish-dishwasher-cleaner-250ml-lemon/804689-329038-329039,Finish Dishwasher Cleaner 250ml Lemon,250ml,£4.95,£1.98/100ml,,Household
618692,Finish Ultimate All in One Lemon Dishwasher Tablets Large Pack,G,false,73,https://ecom-su-static-prod.wtrecom.com/images/products/3/LN_618692_BP_3.jpg,https://www.waitrose.com/ecom/products/finish-ultimate-all-in-one-lemon-dishwasher-tablets-large-pack/618692-720209-720210,Finish Ultimate All in One Lemon Dishwasher Tablets Large Pack,55Each,£15.00,27.3p each,,Household
053904,Essential Thick Bleach,G,false,74,https://ecom-su-static-prod.wtrecom.com/images/products/3/LN_053904_BP_3.jpg,https://www.waitrose.com/ecom/products/essential-thick-bleach/053904-27018-27019,Essential Thick Bleach,2litre,£1.35,67.5p/litre,,Household
607805,Flash All Purpose Floor Cleaner,G,false,75,https://ecom-su-static-prod.wtrecom.com/images/products/3/LN_607805_BP_3.jpg,https://www.waitrose.com/ecom/products/flash-all-purpose-floor-cleaner/607805-803336-803337,Flash All Purpose Floor Cleaner,950ml,£2.50,£2.64/litre,,Household
069202,Essential Dishwasher Rinse Aid Lemon,G,false,76,https://ecom-su-static-prod.wtrecom.com/images/products/3/LN_069202_BP_3.jpg,https://www.waitrose.com/ecom/products/essential-dishwasher-rinse-aid-lemon/069202-35091-35092,Essential Dishwasher Rinse Aid Lemon,500ml,£2.85,57p/100ml,,Household
036953,Comfort Pure Fabric Conditioner for sensitive skin,G,false,77,https://ecom-su-static-prod.wtrecom.com/images/products/3/LN_036953_BP_3.jpg,https://www.waitrose.com/ecom/products/comfort-pure-fabric-conditioner-for-sensitive-skin/036953-18497-18498,Comfort Pure Fabric Conditioner for sensitive skin,990ml,£3.00,£3.04/litre,,Household
813324,Finish Power All in One Lemon Dishwasher Tablets,G,false,78,https://ecom-su-static-prod.wtrecom.com/images/products/3/LN_813324_BP_3.jpg,https://www.waitrose.com/ecom/products/finish-power-all-in-one-lemon-dishwasher-tablets/813324-728000-728001,Finish Power All in One Lemon Dishwasher Tablets,46Each,£10.00,21.7p each,,Household
445351,Finish Dishwasher Rinse Aid Original,G,false,79,https://ecom-su-static-prod.wtrecom.com/images/products/3/LN_445351_BP_3.jpg,https://www.waitrose.com/ecom/products/finish-dishwasher-rinse-aid-original/445351-62692-62693,Finish Dishwasher Rinse Aid Original,400ml,£5.20,£1.30/100ml,,Household
513494,Fairy Non Bio Washing Capsules,G,true,80,https://ecom-su-static-prod.wtrecom.com/images/products/3/LN_513494_BP_3.jpg,https://www.waitrose.com/ecom/products/fairy-non-bio-washing-capsules/513494-271169-271170,Fairy Non Bio Washing Capsules,33Each,£7.50,22.7p each,25% Off. Was £10.00,Household
709309,Essential Tie Handle Swing Bin Liners,G,false,81,https://ecom-su-static-prod.wtrecom.com/images/products/3/LN_709309_BP_3.jpg,https://www.waitrose.com/ecom/products/essential-tie-handle-swing-bin-liners/709309-795130-795131,Essential Tie Handle Swing Bin Liners,30s,£3.00,10p each,,Household
015603,Ecover Washing-Up Liquid Lemon & Aloe Vera,G,true,82,https://ecom-su-static-prod.wtrecom.com/images/products/3/LN_015603_BP_3.jpg,https://www.waitrose.com/ecom/products/ecover-washing-up-liquid-lemon-aloe-vera/015603-7497-7498,Ecover Washing-Up Liquid Lemon & Aloe Vera,950ml,£3.20,£3.37/litre,20% Off. Was £4.00,Household
575688,Cif Power & Shine Bathroom Cleaner Spray,G,false,83,https://ecom-su-static-prod.wtrecom.com/images/products/3/LN_575688_BP_3.jpg,https://www.waitrose.com/ecom/products/cif-power-shine-bathroom-cleaner-spray/575688-576773-576774,Cif Power & Shine Bathroom Cleaner Spray,700ml,£3.25,£4.65/litre,,Household
814747,Comfort Pure Fabric Conditioner for Sensitive Skin Large,G,true,84,https://ecom-su-static-prod.wtrecom.com/images/products/3/LN_814747_BP_3.jpg,https://www.waitrose.com/ecom/products/comfort-pure-fabric-conditioner-for-sensitive-skin-large/814747-162219-162220,Comfort Pure Fabric Conditioner for Sensitive Skin Large,2490ml,£3.95,£1.59/litre,save £1.05. Was £5.00,Household
088538,Ecover Washing-Up Liquid Lemon & Aloe Vera,G,false,85,https://ecom-su-static-prod.wtrecom.com/images/products/3/LN_088538_BP_3.jpg,https://www.waitrose.com/ecom/products/ecover-washing-up-liquid-lemon-aloe-vera/088538-45457-45458,Ecover Washing-Up Liquid Lemon & Aloe Vera,450ml,£2.35,£5.23/litre,,Household
070152,Duck Deep Action Gel Marine,G,true,86,https://ecom-su-static-prod.wtrecom.com/images/products/3/LN_070152_BP_3.jpg,https://www.waitrose.com/ecom/products/duck-deep-action-gel-marine/070152-35532-35533,Duck Deep Action Gel Marine,750ml,£1.50,£2/litre,save 25p. Was £1.75,Household
733053,Andrex Classic Clean Flushable Washlets Moist Toilet Tissue Wipes Multipack,G,false,87,https://ecom-su-static-prod.wtrecom.com/images/products/3/LN_733053_BP_3.jpg,https://www.waitrose.com/ecom/products/andrex-classic-clean-flushable-washlets-moist-toilet-tissue-wipes-multipack/733053-759718-759719,Andrex Classic Clean Flushable Washlets Moist Toilet Tissue Wipes Multipack,4x36 sheets,£5.50,38.2p/10 sheets,,Household
697205,Essential All Purpose Cloths,G,false,88,https://ecom-su-static-prod.wtrecom.com/images/products/3/LN_697205_BP_3.jpg,https://www.waitrose.com/ecom/products/essential-all-purpose-cloths/697205-483403-483404,Essential All Purpose Cloths,25s,£2.70,10.8p each,,Household
790526,Lenor Outdoorable Spring Awakening Fabric Conditioner,G,false,89,https://ecom-su-static-prod.wtrecom.com/images/products/3/LN_790526_BP_3.jpg,https://www.waitrose.com/ecom/products/lenor-outdoorable-spring-awakening-fabric-conditioner/790526-753104-753105,Lenor Outdoorable Spring Awakening Fabric Conditioner,770ml,£5.00,£6.50/litre,,Household
369061,Essential Bathroom & Toilet Wipes,G,false,90,https://ecom-su-static-prod.wtrecom.com/images/products/3/LN_369061_BP_3.jpg,https://www.waitrose.com/ecom/products/essential-bathroom-toilet-wipes/369061-287872-287873,Essential Bathroom & Toilet Wipes,40s,£1.10,2.8p each,,Household
884791,Lenor Steamer & Ironing Water Spring Awakening,G,false,91,https://ecom-su-static-prod.wtrecom.com/images/products/3/LN_884791_BP_3.jpg,https://www.waitrose.com/ecom/products/lenor-steamer-ironing-water-spring-awakening/884791-803272-803273,Lenor Steamer & Ironing Water Spring Awakening,1L,£1.50,£1.50/litre,,Household
733624,Ecover Non Bio Washing Liquid 40w,G,true,92,https://ecom-su-static-prod.wtrecom.com/images/products/3/LN_733624_BP_3.jpg,https://www.waitrose.com/ecom/products/ecover-non-bio-washing-liquid-40w/733624-162197-162198,Ecover Non Bio Washing Liquid 40w,1.43litre,£7.00,£4.90/litre,Save 1/3. Was £10.50,Household
847009,Fairy Antibacterial Eucalyptus Washing Up Liquid,G,true,93,https://ecom-su-static-prod.wtrecom.com/images/products/3/LN_847009_BP_3.jpg,https://www.waitrose.com/ecom/products/fairy-antibacterial-eucalyptus-washing-up-liquid/847009-552246-552247,Fairy Antibacterial Eucalyptus Washing Up Liquid,520ml,£2.00,£3.85/litre,Save 1/3. Was £3.00,Household
820544,Finish Quantum All in One Dishwasher Tablets,G,false,94,https://ecom-su-static-prod.wtrecom.com/images/products/3/LN_820544_BP_3.jpg,https://www.waitrose.com/ecom/products/finish-quantum-all-in-one-dishwasher-tablets/820544-778442-778443,Finish Quantum All in One Dishwasher Tablets,44Each,£12.50,28.4p each,,Household
859128,Waitrose Ultra Balm White Tissues,G,false,95,https://ecom-su-static-prod.wtrecom.com/images/products/3/LN_859128_BP_3.jpg,https://www.waitrose.com/ecom/products/waitrose-ultra-balm-white-tissues/859128-287805-287806,Waitrose Ultra Balm White Tissues,80 sheets,£1.75,21.9p/10 sheets,,Household
639126,Persil Bio Laundry Washing Liquid Detergent 53W,G,false,96,https://ecom-su-static-prod.wtrecom.com/images/products/3/LN_639126_BP_3.jpg,https://www.waitrose.com/ecom/products/persil-bio-laundry-washing-liquid-detergent-53w/639126-288002-288003,Persil Bio Laundry Washing Liquid Detergent 53W,1.431litre,£9.50,£6.64/litre,,Household
552761,Waitrose Extra Strong Kitchen Foil 10m x 300mm,G,false,97,https://ecom-su-static-prod.wtrecom.com/images/products/3/LN_552761_BP_3.jpg,https://www.waitrose.com/ecom/products/waitrose-extra-strong-kitchen-foil-10m-x-300mm/552761-795088-795089,Waitrose Extra Strong Kitchen Foil 10m x 300mm,Each,£2.00,£2 each,,Household
725239,Andrex Classic Clean Toilet Roll Small Pack,G,false,98,https://ecom-su-static-prod.wtrecom.com/images/products/3/LN_725239_BP_3.jpg,https://www.waitrose.com/ecom/products/andrex-classic-clean-toilet-roll-small-pack/725239-784000-784001,Andrex Classic Clean Toilet Roll Small Pack,4x190sheets,£3.30,43.4p/100 sheets,,Household
845459,Waitrose Quilted Toilet Tissue Coconut 9s,G,false,99,https://ecom-su-static-prod.wtrecom.com/images/products/3/LN_845459_BP_3.jpg,https://www.waitrose.com/ecom/products/waitrose-quilted-toilet-tissue-coconut-9s/845459-757785-757786,Waitrose Quilted Toilet Tissue Coconut 9s,9x170 sheets,£5.50,35.9p/100 sheets,,Household
446601,Persil Non Bio Washing Liquid Detergent 35W,G,true,100,https://ecom-su-static-prod.wtrecom.com/images/products/3/LN_446601_BP_3.jpg,https://www.waitrose.com/ecom/products/persil-non-bio-washing-liquid-detergent-35w/446601-134863-134864,Persil Non Bio Washing Liquid Detergent 35W,945ml,£5.00,£5.30/litre,save £2.00. Was £7.00,Household
690736,The Cheeky Panda Toilet Tissues,G,false,101,https://ecom-su-static-prod.wtrecom.com/images/products/3/LN_690736_BP_3.jpg,https://www.waitrose.com/ecom/products/the-cheeky-panda-toilet-tissues/690736-757719-757720,The Cheeky Panda Toilet Tissues,9x200 sheets,£8.00,44.4p/100 sheets,,Household
558350,Regina Soft Bamboo Toilet Tissue,G,false,102,https://ecom-su-static-prod.wtrecom.com/images/products/3/LN_558350_BP_3.jpg,https://www.waitrose.com/ecom/products/regina-soft-bamboo-toilet-tissue/558350-813264-813265,Regina Soft Bamboo Toilet Tissue,640Sheet,£2.90,45.3p/100 sheets,,Household
014722,Ecover Pine Fresh Toilet Cleaner,G,false,103,https://ecom-su-static-prod.wtrecom.com/images/products/3/LN_014722_BP_3.jpg,https://www.waitrose.com/ecom/products/ecover-pine-fresh-toilet-cleaner/014722-7068-7069,Ecover Pine Fresh Toilet Cleaner,750ml,£2.35,£3.14/litre,,Household
557936,Waitrose Moist Toilet Tissue Refill Aloe Vera,G,false,104,https://ecom-su-static-prod.wtrecom.com/images/products/3/LN_557936_BP_3.jpg,https://www.waitrose.com/ecom/products/waitrose-moist-toilet-tissue-refill-aloe-vera/557936-78926-78927,Waitrose Moist Toilet Tissue Refill Aloe Vera,42 sheets,£1.20,£2.86/100 sheets,,Household
867995,Waitrose Ultra Strong Kitchen Towel,G,false,105,https://ecom-su-static-prod.wtrecom.com/images/products/3/LN_867995_BP_3.jpg,https://www.waitrose.com/ecom/products/waitrose-ultra-strong-kitchen-towel/867995-760757-760758,Waitrose Ultra Strong Kitchen Towel,4x100sheets,£6.00,£1.50/100 sheets,,Household
878281,Fairy Non Bio Washing Liquid Large Pack,G,false,106,https://ecom-su-static-prod.wtrecom.com/images/products/3/LN_878281_BP_3.jpg,https://www.waitrose.com/ecom/products/fairy-non-bio-washing-liquid-large-pack/878281-494668-494669,Fairy Non Bio Washing Liquid Large Pack,1.65litre,£10.00,£6.07/litre,,Household
019254,Waitrose Bathroom Tissue with Aloe Vera,G,false,107,https://ecom-su-static-prod.wtrecom.com/images/products/3/LN_019254_BP_3.jpg,https://www.waitrose.com/ecom/products/waitrose-bathroom-tissue-with-aloe-vera/019254-9321-9322,Waitrose Bathroom Tissue with Aloe Vera,4x170 sheets,£2.90,42.6p/100 sheets,,Household
609969,Essential Washing Up Liquid Sensitive,G,false,108,https://ecom-su-static-prod.wtrecom.com/images/products/3/LN_609969_BP_3.jpg,https://www.waitrose.com/ecom/products/essential-washing-up-liquid-sensitive/609969-803192-803193,Essential Washing Up Liquid Sensitive,500ml,95p,£1.90/litre,,Household
549290,Fairy Platinum Quickwash Lemon Washing Up Liquid,G,false,109,https://ecom-su-static-prod.wtrecom.com/images/products/3/LN_549290_BP_3.jpg,https://www.waitrose.com/ecom/products/fairy-platinum-quickwash-lemon-washing-up-liquid/549290-170616-170617,Fairy Platinum Quickwash Lemon Washing Up Liquid,520ml,£3.00,£5.77/litre,,Household
888666,Essential Medium Household Gloves,G,false,110,https://ecom-su-static-prod.wtrecom.com/images/products/3/LN_888666_BP_3.jpg,https://www.waitrose.com/ecom/products/essential-medium-household-gloves/888666-744382-744383,Essential Medium Household Gloves,pair,£1.50,£1.50 each,,Household
751354,Comfort Creations Honeysuckle & Sandalwood with Stay Fresh Fabric Conditioner,G,false,111,https://ecom-su-static-prod.wtrecom.com/images/products/3/LN_751354_BP_3.jpg,https://www.waitrose.com/ecom/products/comfort-creations-honeysuckle-sandalwood-with-stay-fresh-fabric-conditioner/751354-352094-352095,Comfort Creations Honeysuckle & Sandalwood with Stay Fresh Fabric Conditioner,900ml,£3.00,£3.34/litre,,Household
483159,Fairy Fabric Conditioner for Sensitive Skin,G,true,112,https://ecom-su-static-prod.wtrecom.com/images/products/3/LN_483159_BP_3.jpg,https://www.waitrose.com/ecom/products/fairy-fabric-conditioner-for-sensitive-skin/483159-363255-363256,Fairy Fabric Conditioner for Sensitive Skin,1.15litre,£2.50,£2.18/litre,save 75p. Was £3.25,Household
705408,Dettol Anti-Bac Biodegradable Floor Wipes Citrus,G,false,113,https://ecom-su-static-prod.wtrecom.com/images/products/3/LN_705408_BP_3.jpg,https://www.waitrose.com/ecom/products/dettol-anti-bac-biodegradable-floor-wipes-citrus/705408-688635-688636,Dettol Anti-Bac Biodegradable Floor Wipes Citrus,25s,£6.00,24p each,,Household
507970,Waitrose Medium Zip Lock Food Bags,G,false,114,https://ecom-su-static-prod.wtrecom.com/images/products/3/LN_507970_BP_3.jpg,https://www.waitrose.com/ecom/products/waitrose-medium-zip-lock-food-bags/507970-795068-795069,Waitrose Medium Zip Lock Food Bags,20s,£2.20,11p each,,Household
786149,Cooks' Ingredients Bicarbonate of Soda,G,false,115,https://ecom-su-static-prod.wtrecom.com/images/products/3/LN_786149_BP_3.jpg,https://www.waitrose.com/ecom/products/cooks-ingredients-bicarbonate-of-soda/786149-111889-111890,Cooks' Ingredients Bicarbonate of Soda,180g,£1.50,£8.34/kg,,Household
577661,Bacofoil Non-Stick Baking Paper,G,false,116,https://ecom-su-static-prod.wtrecom.com/images/products/3/LN_577661_BP_3.jpg,https://www.waitrose.com/ecom/products/bacofoil-non-stick-baking-paper/577661-781111-781112,Bacofoil Non-Stick Baking Paper,Each,£3.79,£3.79 each,,Household
851096,Natracare Moist Tissues,G,false,117,https://ecom-su-static-prod.wtrecom.com/images/products/3/LN_851096_BP_3.jpg,https://www.waitrose.com/ecom/products/natracare-moist-tissues/851096-683398-683399,Natracare Moist Tissues,30 sheets,£2.25,£7.50/100 sheets,,Household
895045,Fairy Non-Biological Pods Washing Liquid Pods 51W,G,false,118,https://ecom-su-static-prod.wtrecom.com/images/products/3/LN_895045_BP_3.jpg,https://www.waitrose.com/ecom/products/fairy-non-biological-pods-washing-liquid-pods-51w/895045-753222-753223,Fairy Non-Biological Pods Washing Liquid Pods 51W,51Each,£14.75,28.9p each,,Household
072849,Cif Floor Cleaner Ocean,G,false,119,https://ecom-su-static-prod.wtrecom.com/images/products/3/LN_072849_BP_3.jpg,https://www.waitrose.com/ecom/products/cif-floor-cleaner-ocean/072849-36956-36957,Cif Floor Cleaner Ocean,950ml,£2.50,£2.64/litre,,Household
069204,Essential Dishwasher Rinse Aid,G,false,120,https://ecom-su-static-prod.wtrecom.com/images/products/3/LN_069204_BP_3.jpg,https://www.waitrose.com/ecom/products/essential-dishwasher-rinse-aid/069204-35095-35096,Essential Dishwasher Rinse Aid,500ml,£2.85,57p/100ml,,Household
801361,Domestos Power 5 Lime Toilet Rim Block,G,true,121,https://ecom-su-static-prod.wtrecom.com/images/products/3/LN_801361_BP_3.jpg,https://www.waitrose.com/ecom/products/domestos-power-5-lime-toilet-rim-block/801361-762526-762527,Domestos Power 5 Lime Toilet Rim Block,55g,£1.35,£24.55/kg,save 65p. Was £2.00,Household
755910,Waitrose Small Tie Handle Food Bags,G,false,122,https://ecom-su-static-prod.wtrecom.com/images/products/3/LN_755910_BP_3.jpg,https://www.waitrose.com/ecom/products/waitrose-small-tie-handle-food-bags/755910-795150-795151,Waitrose Small Tie Handle Food Bags,50s,£1.55,3.1p each,,Household
070427,Bryant & May Matches Extra Long,G,false,123,https://ecom-su-static-prod.wtrecom.com/images/products/3/LN_070427_BP_3.jpg,https://www.waitrose.com/ecom/products/bryant-may-matches-extra-long/070427-35668-35669,Bryant & May Matches Extra Long,each,£1.10,£1.10 each,,Household
424335,Method Anti-Bac Cleaner Rhubarb,G,false,124,https://ecom-su-static-prod.wtrecom.com/images/products/3/LN_424335_BP_3.jpg,https://www.waitrose.com/ecom/products/method-anti-bac-cleaner-rhubarb/424335-576565-576566,Method Anti-Bac Cleaner Rhubarb,828ml,£4.00,£4.84/litre,,Household
859176,Waitrose Small Click Seal Food Bags,G,false,125,https://ecom-su-static-prod.wtrecom.com/images/products/3/LN_859176_BP_3.jpg,https://www.waitrose.com/ecom/products/waitrose-small-click-seal-food-bags/859176-795188-795189,Waitrose Small Click Seal Food Bags,25s,£2.00,8p each,,Household
020979,Ecover Classic Dishwasher Tablets 25W,G,true,126,https://ecom-su-static-prod.wtrecom.com/images/products/3/LN_020979_BP_3.jpg,https://www.waitrose.com/ecom/products/ecover-classic-dishwasher-tablets-25w/020979-10205-10206,Ecover Classic Dishwasher Tablets 25W,25s,£5.20,20.8p each,20% Off. Was £6.50,Household
683129,Cushelle Quilted Longer Lasting 12 Rolls,G,false,127,https://ecom-su-static-prod.wtrecom.com/images/products/3/LN_683129_BP_3.jpg,https://www.waitrose.com/ecom/products/cushelle-quilted-longer-lasting-12-rolls/683129-807004-807005,Cushelle Quilted Longer Lasting 12 Rolls,12x236sheets,£14.00,49.4p/100 sheets,,Household
076496,Vanish Pre Treat Laundry Stain Remover Spray,G,true,128,https://ecom-su-static-prod.wtrecom.com/images/products/3/LN_076496_BP_3.jpg,https://www.waitrose.com/ecom/products/vanish-pre-treat-laundry-stain-remover-spray/076496-38906-38907,Vanish Pre Treat Laundry Stain Remover Spray,500ml,£5.00,£10/litre,save £2.00. Was £7.00,Household
494313,Fairy Non Bio Washing Liquid,G,true,129,https://ecom-su-static-prod.wtrecom.com/images/products/3/LN_494313_BP_3.jpg,https://www.waitrose.com/ecom/products/fairy-non-bio-washing-liquid/494313-287932-287933,Fairy Non Bio Washing Liquid,1155ml,£6.00,£5.20/litre,25% Off. Was £8.00,Household
505928,Plenty The Original One,G,true,130,https://ecom-su-static-prod.wtrecom.com/images/products/3/LN_505928_BP_3.jpg,https://www.waitrose.com/ecom/products/plenty-the-original-one/505928-596431-596432,Plenty The Original One,100 sheets,£2.00,£2/100 sheets,save £1.10. Was £3.10,Household
813121,Spontex Washups Non Scratch Scourers,G,false,131,https://ecom-su-static-prod.wtrecom.com/images/products/3/LN_813121_BP_3.jpg,https://www.waitrose.com/ecom/products/spontex-washups-non-scratch-scourers/813121-483903-483904,Spontex Washups Non Scratch Scourers,4s,£1.50,37.5p each,,Household
497633,Finish Quantum All in One Lemon Dishwasher Tablets,G,true,132,https://ecom-su-static-prod.wtrecom.com/images/products/3/LN_497633_BP_3.jpg,https://www.waitrose.com/ecom/products/finish-quantum-all-in-one-lemon-dishwasher-tablets/497633-778256-778257,Finish Quantum All in One Lemon Dishwasher Tablets,64Each,£10.00,15.6p each,Save 1/3. Was £15.00,Household
035019,Persil Silk & Wool Delicate Washing Liquid 14W,G,false,133,https://ecom-su-static-prod.wtrecom.com/images/products/3/LN_035019_BP_3.jpg,https://www.waitrose.com/ecom/products/persil-silk-wool-delicate-washing-liquid-14w/035019-17651-17652,Persil Silk & Wool Delicate Washing Liquid 14W,700ml,£4.00,£5.72/litre,,Household
878822,Dettol Antibacterial Laundry Sanitiser Cotton,G,true,134,https://ecom-su-static-prod.wtrecom.com/images/products/3/LN_878822_BP_3.jpg,https://www.waitrose.com/ecom/products/dettol-antibacterial-laundry-sanitiser-cotton/878822-298893-298894,Dettol Antibacterial Laundry Sanitiser Cotton,1.5litre,£4.00,£2.67/litre,save 75p. Was £4.75,Household
863120,Persil Colour Protect Washing Liquid Detergent 53W,G,false,135,https://ecom-su-static-prod.wtrecom.com/images/products/3/LN_863120_BP_3.jpg,https://www.waitrose.com/ecom/products/persil-colour-protect-washing-liquid-detergent-53w/863120-353158-353159,Persil Colour Protect Washing Liquid Detergent 53W,1.431litre,£9.50,£6.64/litre,,Household
795593,BacoFoil Non-Stick Foil 10 metres,G,true,136,https://ecom-su-static-prod.wtrecom.com/images/products/3/LN_795593_BP_3.jpg,https://www.waitrose.com/ecom/products/bacofoil-non-stick-foil-10-metres/795593-113202-113203,BacoFoil Non-Stick Foil 10 metres,each,£3.65,£3.65 each,save 65p. Was £4.30,Household
836823,Fairy Max Power Antibacterial Washing Up Liquid,G,false,137,https://ecom-su-static-prod.wtrecom.com/images/products/3/LN_836823_BP_3.jpg,https://www.waitrose.com/ecom/products/fairy-max-power-antibacterial-washing-up-liquid/836823-778460-778461,Fairy Max Power Antibacterial Washing Up Liquid,640ml,£4.00,£6.25/litre,,Household
864327,Essential All Purpose Cloths,G,false,138,https://ecom-su-static-prod.wtrecom.com/images/products/3/LN_864327_BP_3.jpg,https://www.waitrose.com/ecom/products/essential-all-purpose-cloths/864327-484275-484276,Essential All Purpose Cloths,10s,£1.35,13.5p each,,Household
872330,Dettol Anti-Bac Biodegradable Surface Wipes,G,true,139,https://ecom-su-static-prod.wtrecom.com/images/products/3/LN_872330_BP_3.jpg,https://www.waitrose.com/ecom/products/dettol-anti-bac-biodegradable-surface-wipes/872330-666075-666076,Dettol Anti-Bac Biodegradable Surface Wipes,110s,£3.00,2.7p each,Save 1/3. Was £4.50,Household
450557,Essential Drain Unblocker,G,false,140,https://ecom-su-static-prod.wtrecom.com/images/products/3/LN_450557_BP_3.jpg,https://www.waitrose.com/ecom/products/essential-drain-unblocker/450557-363041-363042,Essential Drain Unblocker,500ml,£2.45,£4.90/litre,,Household
852823,Fairy Max Power Original Washing Up Liquid,G,false,141,https://ecom-su-static-prod.wtrecom.com/images/products/3/LN_852823_BP_3.jpg,https://www.waitrose.com/ecom/products/fairy-max-power-original-washing-up-liquid/852823-778468-778469,Fairy Max Power Original Washing Up Liquid,640ml,£4.00,£6.25/litre,,Household
466457,Waitrose 45 All in One Dishwasher Tablets,G,false,142,https://ecom-su-static-prod.wtrecom.com/images/products/3/LN_466457_BP_3.jpg,https://www.waitrose.com/ecom/products/waitrose-45-all-in-one-dishwasher-tablets/466457-810637-810638,Waitrose 45 All in One Dishwasher Tablets,810g,£4.25,£5.25/kg,,Household
549031,Cushelle Quilted Coconut 50% Longer Lasting Toilet Tissue,G,true,143,https://ecom-su-static-prod.wtrecom.com/images/products/3/LN_549031_BP_3.jpg,https://www.waitrose.com/ecom/products/cushelle-quilted-coconut-50-longer-lasting-toilet-tissue/549031-806996-806997,Cushelle Quilted Coconut 50% Longer Lasting Toilet Tissue,6x236,£4.95,35p/100 sheets,save £1.80. Was £6.75,Household
824828,Bacofoil All Purpose Zipper Bags Medium,G,true,144,https://ecom-su-static-prod.wtrecom.com/images/products/3/LN_824828_BP_3.jpg,https://www.waitrose.com/ecom/products/bacofoil-all-purpose-zipper-bags-medium/824828-652972-652973,Bacofoil All Purpose Zipper Bags Medium,12s,£2.50,20.8p each,save 65p. Was £3.15,Household
828456,Ecover Power Toilet Cleaner,G,false,145,https://ecom-su-static-prod.wtrecom.com/images/products/3/LN_828456_BP_3.jpg,https://www.waitrose.com/ecom/products/ecover-power-toilet-cleaner/828456-528110-528111,Ecover Power Toilet Cleaner,750ml,£2.85,£3.80/litre,,Household
567236,Waitrose Non Bio Laundry Liquid 36w,G,false,146,https://ecom-su-static-prod.wtrecom.com/images/products/3/LN_567236_BP_3.jpg,https://www.waitrose.com/ecom/products/waitrose-non-bio-laundry-liquid-36w/567236-815256-815257,Waitrose Non Bio Laundry Liquid 36w,900ml,£2.50,£2.78/litre,,Household
025818,Essential Large Dishcloths,G,false,147,https://ecom-su-static-prod.wtrecom.com/images/products/3/LN_025818_BP_3.jpg,https://www.waitrose.com/ecom/products/essential-large-dishcloths/025818-12592-12593,Essential Large Dishcloths,5s,£2.00,40p each,,Household
644264,Waitrose Medium Resealable Food Bags,G,false,148,https://ecom-su-static-prod.wtrecom.com/images/products/3/LN_644264_BP_3.jpg,https://www.waitrose.com/ecom/products/waitrose-medium-resealable-food-bags/644264-795114-795115,Waitrose Medium Resealable Food Bags,20s,£2.00,10p each,,Household
467953,Fairy Non Bio Washing Powder,G,true,149,https://ecom-su-static-prod.wtrecom.com/images/products/3/LN_467953_BP_3.jpg,https://www.waitrose.com/ecom/products/fairy-non-bio-washing-powder/467953-327010-327011,Fairy Non Bio Washing Powder,2.4Kg,£9.00,£3.75/kg,20% Off. Was £11.25,Household
574330,Ecover Washing-Up Liquid Zero,G,false,150,https://ecom-su-static-prod.wtrecom.com/images/products/3/LN_574330_BP_3.jpg,https://www.waitrose.com/ecom/products/ecover-washing-up-liquid-zero/574330-327642-327643,Ecover Washing-Up Liquid Zero,450ml,£2.35,£5.23/litre,,Household
567245,Fairy Platinum Plus Deep Clean Dishwasher Tablets 42,G,true,151,https://ecom-su-static-prod.wtrecom.com/images/products/3/LN_567245_BP_3.jpg,https://www.waitrose.com/ecom/products/fairy-platinum-plus-deep-clean-dishwasher-tablets-42/567245-778292-778293,Fairy Platinum Plus Deep Clean Dishwasher Tablets 42,42s,£9.00,21.4p each,Save 1/3. Was £13.50,Household
833738,Ariel 3in1 Original Pods Washing Capsules 33W,G,true,152,https://ecom-su-static-prod.wtrecom.com/images/products/3/LN_833738_BP_3.jpg,https://www.waitrose.com/ecom/products/ariel-3in1-original-pods-washing-capsules-33w/833738-271251-271252,Ariel 3in1 Original Pods Washing Capsules 33W,33Each,£7.50,22.7p each,25% Off. Was £10.00,Household
836425,Flash Bathroom Cleaning Spray,G,true,153,https://ecom-su-static-prod.wtrecom.com/images/products/3/LN_836425_BP_3.jpg,https://www.waitrose.com/ecom/products/flash-bathroom-cleaning-spray/836425-731868-731869,Flash Bathroom Cleaning Spray,800ml,£2.50,£3.13/litre,25% Off. Was £3.35,Household
070105,Marigold Extra-Life Large Kitchen Gloves,G,true,154,https://ecom-su-static-prod.wtrecom.com/images/products/3/LN_070105_BP_3.jpg,https://www.waitrose.com/ecom/products/marigold-extra-life-large-kitchen-gloves/070105-35508-35509,Marigold Extra-Life Large Kitchen Gloves,pair,£2.60,£2.60 each,20% Off. Was £3.25,Household
894585,Kleenex Allergy Comfort Tissues Twin Pack,G,false,155,https://ecom-su-static-prod.wtrecom.com/images/products/3/LN_894585_BP_3.jpg,https://www.waitrose.com/ecom/products/kleenex-allergy-comfort-tissues-twin-pack/894585-726068-726069,Kleenex Allergy Comfort Tissues Twin Pack,2x56 sheets,£4.20,37.5p/10 sheets,,Household
609340,Plenty The Extra Big One Kitchen Towels,G,false,156,https://ecom-su-static-prod.wtrecom.com/images/products/3/LN_609340_BP_3.jpg,https://www.waitrose.com/ecom/products/plenty-the-extra-big-one-kitchen-towels/609340-725406-725407,Plenty The Extra Big One Kitchen Towels,3x70 sheets,£7.90,£3.77/100 sheets,,Household
760404,Flash Multi Purpose Cleaning Spray with Bleach,G,false,157,https://ecom-su-static-prod.wtrecom.com/images/products/3/LN_760404_BP_3.jpg,https://www.waitrose.com/ecom/products/flash-multi-purpose-cleaning-spray-with-bleach/760404-731852-731853,Flash Multi Purpose Cleaning Spray with Bleach,800ml,£3.35,£4.19/litre,,Household
495122,Fairy Platinum Dishwasher Tablets Lemon 51W,G,false,158,https://ecom-su-static-prod.wtrecom.com/images/products/3/LN_495122_BP_3.jpg,https://www.waitrose.com/ecom/products/fairy-platinum-dishwasher-tablets-lemon-51w/495122-522298-522299,Fairy Platinum Dishwasher Tablets Lemon 51W,51s,£13.50,26.5p each,,Household
387237,Quickshine Descaler Bag,G,false,159,https://ecom-su-static-prod.wtrecom.com/images/products/3/LN_387237_BP_3.jpg,https://www.waitrose.com/ecom/products/quickshine-descaler-bag/387237-54421-54422,Quickshine Descaler Bag,75g,£1.75,£23.34/kg,,Household
037932,Method Bathroom Cleaner Eucalyptus Mint,G,false,160,https://ecom-su-static-prod.wtrecom.com/images/products/3/LN_037932_BP_3.jpg,https://www.waitrose.com/ecom/products/method-bathroom-cleaner-eucalyptus-mint/037932-18937-18938,Method Bathroom Cleaner Eucalyptus Mint,828ml,£4.00,£4.84/litre,,Household
430228,Ecover Washing-Up Liquid Camomile & Clement,G,true,161,https://ecom-su-static-prod.wtrecom.com/images/products/3/LN_430228_BP_3.jpg,https://www.waitrose.com/ecom/products/ecover-washing-up-liquid-camomile-clement/430228-170318-170319,Ecover Washing-Up Liquid Camomile & Clement,950ml,£3.20,£3.37/litre,20% Off. Was £4.00,Household
877386,Domestos Power 5 Rim Block Ocean,G,true,162,https://ecom-su-static-prod.wtrecom.com/images/products/3/LN_877386_BP_3.jpg,https://www.waitrose.com/ecom/products/domestos-power-5-rim-block-ocean/877386-762610-762611,Domestos Power 5 Rim Block Ocean,55g,£1.35,£24.55/kg,save 65p. Was £2.00,Household
052980,Method Daily Shower Ylang Ylang Scent,G,false,163,https://ecom-su-static-prod.wtrecom.com/images/products/3/LN_052980_BP_3.jpg,https://www.waitrose.com/ecom/products/method-daily-shower-ylang-ylang-scent/052980-26438-26439,Method Daily Shower Ylang Ylang Scent,828ml,£4.00,£4.84/litre,,Household
596591,Persil 3 In 1 Non Bio Laundry Washing Capsules 48W,G,false,164,https://ecom-su-static-prod.wtrecom.com/images/products/3/LN_596591_BP_3.jpg,https://www.waitrose.com/ecom/products/persil-3-in-1-non-bio-laundry-washing-capsules-48w/596591-563509-563510,Persil 3 In 1 Non Bio Laundry Washing Capsules 48W,48Each,£12.00,25p each,,Household
832036,Viakal Limescale Remover Spray,G,true,165,https://ecom-su-static-prod.wtrecom.com/images/products/3/LN_832036_BP_3.jpg,https://www.waitrose.com/ecom/products/viakal-limescale-remover-spray/832036-175428-175429,Viakal Limescale Remover Spray,500ml,£3.00,£6/litre,25% Off. Was £4.00,Household
098950,Cif Cream Multi-Purpose Cleaner Winter Indulgence,G,false,166,https://ecom-su-static-prod.wtrecom.com/images/products/3/LN_098950_BP_3.jpg,https://www.waitrose.com/ecom/products/cif-cream-multi-purpose-cleaner-winter-indulgence/098950-50443-50444,Cif Cream Multi-Purpose Cleaner Winter Indulgence,500ml,£1.60,£3.20/litre,,Household
070154,Duck Deep Action Gel Pine,G,true,167,https://ecom-su-static-prod.wtrecom.com/images/products/3/LN_070154_BP_3.jpg,https://www.waitrose.com/ecom/products/duck-deep-action-gel-pine/070154-35534-35535,Duck Deep Action Gel Pine,750ml,£1.50,£2/litre,save 25p. Was £1.75,Household
494546,Kleenex Balsam Tissues 8 Pocket Packs,G,false,168,https://ecom-su-static-prod.wtrecom.com/images/products/3/LN_494546_BP_3.jpg,https://www.waitrose.com/ecom/products/kleenex-balsam-tissues-8-pocket-packs/494546-374309-374310,Kleenex Balsam Tissues 8 Pocket Packs,8x9 sheets,£2.10,29.2p/10 sheets,,Household
039233,Essential Dishwasher Cleaner,G,false,169,https://ecom-su-static-prod.wtrecom.com/images/products/3/LN_039233_BP_3.jpg,https://www.waitrose.com/ecom/products/essential-dishwasher-cleaner/039233-19465-19466,Essential Dishwasher Cleaner,250ml,£2.75,£1.10/100ml,,Household
823377,Essential Washing Up Liquid Anti-Bacterial,G,false,170,https://ecom-su-static-prod.wtrecom.com/images/products/3/LN_823377_BP_3.jpg,https://www.waitrose.com/ecom/products/essential-washing-up-liquid-anti-bacterial/823377-803240-803241,Essential Washing Up Liquid Anti-Bacterial,500ml,£1.00,£2/litre,,Household
870390,Bacofoil Cling Film PVC Free,G,true,171,https://ecom-su-static-prod.wtrecom.com/images/products/3/LN_870390_BP_3.jpg,https://www.waitrose.com/ecom/products/bacofoil-cling-film-pvc-free/870390-744370-744371,Bacofoil Cling Film PVC Free,Each,£3.00,£3 each,save 50p. Was £3.50,Household
606116,Comfort Blue Skies Fabric Conditioner with Stay Fresh technology,G,true,172,https://ecom-su-static-prod.wtrecom.com/images/products/3/LN_606116_BP_3.jpg,https://www.waitrose.com/ecom/products/comfort-blue-skies-fabric-conditioner-with-stay-fresh-technology/606116-162169-162170,Comfort Blue Skies Fabric Conditioner with Stay Fresh technology,2490ml,£3.95,£1.59/litre,save £1.05. Was £5.00,Household
760462,Fairy Platinum Plus Dishwasher Tablets Lemon 42,G,false,173,https://ecom-su-static-prod.wtrecom.com/images/products/3/LN_760462_BP_3.jpg,https://www.waitrose.com/ecom/products/fairy-platinum-plus-dishwasher-tablets-lemon-42/760462-688680-688681,Fairy Platinum Plus Dishwasher Tablets Lemon 42,42s,£13.50,32.1p each,,Household
070375,Mr Muscle Sink & Drain Unblocker Gel,G,true,174,https://ecom-su-static-prod.wtrecom.com/images/products/3/LN_070375_BP_3.jpg,https://www.waitrose.com/ecom/products/mr-muscle-sink-drain-unblocker-gel/070375-35636-35637,Mr Muscle Sink & Drain Unblocker Gel,500ml,£3.00,£6/litre,save 95p. Was £3.95,Household
544387,Waitrose 45 All in One Dish Tablets Lemon,G,false,175,https://ecom-su-static-prod.wtrecom.com/images/products/3/LN_544387_BP_3.jpg,https://www.waitrose.com/ecom/products/waitrose-45-all-in-one-dish-tablets-lemon/544387-815125-815126,Waitrose 45 All in One Dish Tablets Lemon,810g,£4.25,£5.25/kg,,Household
612374,Method Surface Cleaner Clementine,G,false,176,https://ecom-su-static-prod.wtrecom.com/images/products/3/LN_612374_BP_3.jpg,https://www.waitrose.com/ecom/products/method-surface-cleaner-clementine/612374-162173-162174,Method Surface Cleaner Clementine,828ml,£4.00,£4.84/litre,,Household
042112,Calgon 4 in 1 Washing Machine Cleaner Limescale Gel,G,false,177,https://ecom-su-static-prod.wtrecom.com/images/products/3/LN_042112_BP_3.jpg,https://www.waitrose.com/ecom/products/calgon-4-in-1-washing-machine-cleaner-limescale-gel/042112-20858-20859,Calgon 4 in 1 Washing Machine Cleaner Limescale Gel,750ml,£7.35,£9.80/litre,,Household
070150,Pledge Beautify It Enchancing Polish,G,false,178,https://ecom-su-static-prod.wtrecom.com/images/products/3/LN_070150_BP_3.jpg,https://www.waitrose.com/ecom/products/pledge-beautify-it-enchancing-polish/070150-35530-35531,Pledge Beautify It Enchancing Polish,250ml,£2.50,£10/litre,,Household
523460,Dylon Colour Catcher,G,false,179,https://ecom-su-static-prod.wtrecom.com/images/products/3/LN_523460_BP_3.jpg,https://www.waitrose.com/ecom/products/dylon-colour-catcher/523460-441299-441300,Dylon Colour Catcher,40s,£5.25,13.1p each,,Household
839351,Essential Pine Disinfectant,G,false,180,https://ecom-su-static-prod.wtrecom.com/images/products/3/LN_839351_BP_3.jpg,https://www.waitrose.com/ecom/products/essential-pine-disinfectant/839351-804268-804269,Essential Pine Disinfectant,1litre,£1.50,£1.50/litre,,Household
532750,Comfort Blue Skies Fabric Conditioner with Stay Fresh technology,G,false,181,https://ecom-su-static-prod.wtrecom.com/images/products/3/LN_532750_BP_3.jpg,https://www.waitrose.com/ecom/products/comfort-blue-skies-fabric-conditioner-with-stay-fresh-technology/532750-75334-75335,Comfort Blue Skies Fabric Conditioner with Stay Fresh technology,990ml,£3.00,£3.04/litre,,Household
388220,Woolite Laundry Detergent Everyday Delicates,G,false,182,https://ecom-su-static-prod.wtrecom.com/images/products/3/LN_388220_BP_3.jpg,https://www.waitrose.com/ecom/products/woolite-laundry-detergent-everyday-delicates/388220-54576-54577,Woolite Laundry Detergent Everyday Delicates,750ml,£5.50,£7.34/litre,,Household
431374,Domestos Zero Limescale Lime Toilet Cleaner Lime,G,true,183,https://ecom-su-static-prod.wtrecom.com/images/products/3/LN_431374_BP_3.jpg,https://www.waitrose.com/ecom/products/domestos-zero-limescale-lime-toilet-cleaner-lime/431374-60695-60696,Domestos Zero Limescale Lime Toilet Cleaner Lime,750ml,£2.00,£2.67/litre,save 50p. Was £2.50,Household
849067,Comfort Ultimate Care Concentrated Pure Fabric Conditioner 58W,G,false,184,https://ecom-su-static-prod.wtrecom.com/images/products/3/LN_849067_BP_3.jpg,https://www.waitrose.com/ecom/products/comfort-ultimate-care-concentrated-pure-fabric-conditioner-58w/849067-523160-523161,Comfort Ultimate Care Concentrated Pure Fabric Conditioner 58W,870ml,£5.25,£6.04/litre,,Household
530809,Lenor Steamer & Ironing Water Summer Breeze,G,false,185,https://ecom-su-static-prod.wtrecom.com/images/products/3/LN_530809_BP_3.jpg,https://www.waitrose.com/ecom/products/lenor-steamer-ironing-water-summer-breeze/530809-803170-803171,Lenor Steamer & Ironing Water Summer Breeze,1L,£1.50,£1.50/litre,,Household
084586,Method Wood Floor Cleaner Almond,G,false,186,https://ecom-su-static-prod.wtrecom.com/images/products/3/LN_084586_BP_3.jpg,https://www.waitrose.com/ecom/products/method-wood-floor-cleaner-almond/084586-42931-42932,Method Wood Floor Cleaner Almond,739ml,£4.50,£6.09/litre,,Household
589872,Cushelle Quilted Tubeless 50% Longer Lasting Toilet Tissue,G,false,187,https://ecom-su-static-prod.wtrecom.com/images/products/3/LN_589872_BP_3.jpg,https://www.waitrose.com/ecom/products/cushelle-quilted-tubeless-50-longer-lasting-toilet-tissue/589872-807000-807001,Cushelle Quilted Tubeless 50% Longer Lasting Toilet Tissue,6x252sheets,£7.60,50.3p/100 sheets,,Household
597462,Essential Anti-Bac Trigger Spray,G,false,188,https://ecom-su-static-prod.wtrecom.com/images/products/3/LN_597462_BP_3.jpg,https://www.waitrose.com/ecom/products/essential-anti-bac-trigger-spray/597462-804238-804239,Essential Anti-Bac Trigger Spray,750ml,£1.10,£1.47/litre,,Household
041680,Waitrose Cashmere Feel Bathroom Tissue,G,false,189,https://ecom-su-static-prod.wtrecom.com/images/products/3/LN_041680_BP_3.jpg,https://www.waitrose.com/ecom/products/waitrose-cashmere-feel-bathroom-tissue/041680-20658-20659,Waitrose Cashmere Feel Bathroom Tissue,4x170 sheets,£2.90,42.6p/100 sheets,,Household
050396,Buster Bathroom Plughole Unblocker,G,false,190,https://ecom-su-static-prod.wtrecom.com/images/products/3/LN_050396_BP_3.jpg,https://www.waitrose.com/ecom/products/buster-bathroom-plughole-unblocker/050396-25091-25092,Buster Bathroom Plughole Unblocker,300ml,£4.55,£15.17/litre,,Household
888059,Bacofoil All Purpose Zipper Bags,G,true,191,https://ecom-su-static-prod.wtrecom.com/images/products/3/LN_888059_BP_3.jpg,https://www.waitrose.com/ecom/products/bacofoil-all-purpose-zipper-bags/888059-552400-552401,Bacofoil All Purpose Zipper Bags,15s,£2.20,14.7p each,save 55p. Was £2.75,Household
570965,Persil 3 In 1 Bio Laundry Washing Capsules 48W,G,false,192,https://ecom-su-static-prod.wtrecom.com/images/products/3/LN_570965_BP_3.jpg,https://www.waitrose.com/ecom/products/persil-3-in-1-bio-laundry-washing-capsules-48w/570965-563439-563440,Persil 3 In 1 Bio Laundry Washing Capsules 48W,48s,£12.00,25p each,,Household
403909,Dettol Anti-Bac Biodegradable Bathroom Wipes,G,true,193,https://ecom-su-static-prod.wtrecom.com/images/products/3/LN_403909_BP_3.jpg,https://www.waitrose.com/ecom/products/dettol-anti-bac-biodegradable-bathroom-wipes/403909-652079-652080,Dettol Anti-Bac Biodegradable Bathroom Wipes,25s,£2.50,10p each,save 65p. Was £3.15,Household
862596,Ecover Zero% Non Bio Washing Liquid 40w,G,true,194,https://ecom-su-static-prod.wtrecom.com/images/products/3/LN_862596_BP_3.jpg,https://www.waitrose.com/ecom/products/ecover-zero-non-bio-washing-liquid-40w/862596-684443-684444,Ecover Zero% Non Bio Washing Liquid 40w,1.43litre,£7.00,£4.90/litre,Save 1/3. Was £10.50,Household
613231,Fairy Platinum Quick Wash Washing Up Liquid,G,true,195,https://ecom-su-static-prod.wtrecom.com/images/products/3/LN_613231_BP_3.jpg,https://www.waitrose.com/ecom/products/fairy-platinum-quick-wash-washing-up-liquid/613231-151821-151822,Fairy Platinum Quick Wash Washing Up Liquid,383ml,£1.50,£3.92/litre,25% Off. Was £2.00,Household
415438,Citrus All Purpose Cleaner,G,false,196,https://ecom-su-static-prod.wtrecom.com/images/products/3/LN_415438_BP_3.jpg,https://www.waitrose.com/ecom/products/citrus-all-purpose-cleaner/415438-804214-804215,Citrus All Purpose Cleaner,1litre,£1.60,£1.60/litre,,Household
421053,Calgon 4 in 1 Washing Machine Cleaner Limescale Tablets Large Pack,G,true,197,https://ecom-su-static-prod.wtrecom.com/images/products/3/LN_421053_BP_3.jpg,https://www.waitrose.com/ecom/products/calgon-4-in-1-washing-machine-cleaner-limescale-tablets-large-pack/421053-803146-803147,Calgon 4 in 1 Washing Machine Cleaner Limescale Tablets Large Pack,30s,£9.50,31.7p each,20% Off. Was £12.00,Household
713302,Vanish Gold Oxi Action Laundry Stain Remover Powder Colours,G,true,198,https://ecom-su-static-prod.wtrecom.com/images/products/3/LN_713302_BP_3.jpg,https://www.waitrose.com/ecom/products/vanish-gold-oxi-action-laundry-stain-remover-powder-colours/713302-684273-684274,Vanish Gold Oxi Action Laundry Stain Remover Powder Colours,850g,£6.50,£7.65/kg,Save 1/3. Was £10.00,Household
876774,Ecover Apple/Almond Fabric Softener 47w,G,true,199,https://ecom-su-static-prod.wtrecom.com/images/products/3/LN_876774_BP_3.jpg,https://www.waitrose.com/ecom/products/ecover-apple-almond-fabric-softener-47w/876774-203384-203385,Ecover Apple/Almond Fabric Softener 47w,1.43litre,£3.50,£2.45/litre,Save 1/3. Was £5.25,Household
502978,Fairy Fabric Conditioner for Sensitive Skin 80W,G,true,200,https://ecom-su-static-prod.wtrecom.com/images/products/3/LN_502978_BP_3.jpg,https://www.waitrose.com/ecom/products/fairy-fabric-conditioner-for-sensitive-skin-80w/502978-522322-522323,Fairy Fabric Conditioner for Sensitive Skin 80W,2.64litre,£4.75,£1.80/litre,save 55p. Was £5.30,Household
870425,Ecover Washing-Up Liquid Pomegranate & Fig,G,false,201,https://ecom-su-static-prod.wtrecom.com/images/products/3/LN_870425_BP_3.jpg,https://www.waitrose.com/ecom/products/ecover-washing-up-liquid-pomegranate-fig/870425-171886-171887,Ecover Washing-Up Liquid Pomegranate & Fig,450ml,£2.35,£5.23/litre,,Household
886174,Essential Thick Sponge Cloths,G,false,202,https://ecom-su-static-prod.wtrecom.com/images/products/3/LN_886174_BP_3.jpg,https://www.waitrose.com/ecom/products/essential-thick-sponge-cloths/886174-484439-484440,Essential Thick Sponge Cloths,5s,£1.90,38p each,,Household
437133,Dr. Beckmann Glowhite with Stain Remover,G,false,203,https://ecom-su-static-prod.wtrecom.com/images/products/3/LN_437133_BP_3.jpg,https://www.waitrose.com/ecom/products/dr-beckmann-glowhite-with-stain-remover/437133-400578-400579,Dr. Beckmann Glowhite with Stain Remover,5x40g,£2.30,£11.50/kg,,Household
638635,Febreze Bathroom Air Freshener Cotton,G,true,204,https://ecom-su-static-prod.wtrecom.com/images/products/3/LN_638635_BP_3.jpg,https://www.waitrose.com/ecom/products/febreze-bathroom-air-freshener-cotton/638635-736055-736056,Febreze Bathroom Air Freshener Cotton,7.5ml,£3.50,£46.67/100ml,Add 2 for £5,Household
870705,Dettol Anti-Bac Biodegradable Surface Wipes Citrus,G,false,205,https://ecom-su-static-prod.wtrecom.com/images/products/3/LN_870705_BP_3.jpg,https://www.waitrose.com/ecom/products/dettol-anti-bac-biodegradable-surface-wipes-citrus/870705-762606-762607,Dettol Anti-Bac Biodegradable Surface Wipes Citrus,105s,£6.00,5.7p each,,Household
638721,Essential Surface Wipes,G,false,206,https://ecom-su-static-prod.wtrecom.com/images/products/3/LN_638721_BP_3.jpg,https://www.waitrose.com/ecom/products/essential-surface-wipes/638721-744306-744307,Essential Surface Wipes,36s,£1.10,3.1p each,,Household
083015,The Original Non Silicone Wood Silk,G,false,207,https://ecom-su-static-prod.wtrecom.com/images/products/3/LN_083015_BP_3.jpg,https://www.waitrose.com/ecom/products/the-original-non-silicone-wood-silk/083015-42181-42182,The Original Non Silicone Wood Silk,225ml,£1.60,71.1p/100ml,,Household
846440,Fairy Original Dishwasher Tablets 60,G,true,208,https://ecom-su-static-prod.wtrecom.com/images/products/3/LN_846440_BP_3.jpg,https://www.waitrose.com/ecom/products/fairy-original-dishwasher-tablets-60/846440-523150-523151,Fairy Original Dishwasher Tablets 60,60s,£10.00,16.7p each,save £1.00. Was £11.00,Household
644025,Mr Muscle Platinum Shower Shine,G,false,209,https://ecom-su-static-prod.wtrecom.com/images/products/3/LN_644025_BP_3.jpg,https://www.waitrose.com/ecom/products/mr-muscle-platinum-shower-shine/644025-576879-576880,Mr Muscle Platinum Shower Shine,750ml,£3.00,£4/litre,,Household
658787,Regina XXL Absorb 2R,G,false,210,https://ecom-su-static-prod.wtrecom.com/images/products/3/LN_658787_BP_3.jpg,https://www.waitrose.com/ecom/products/regina-xxl-absorb-2r/658787-93553-93554,Regina XXL Absorb 2R,2Each,£4.75,£2.38 each,,Household
724090,Waitrose Small Zip Lock Food Bags,G,false,211,https://ecom-su-static-prod.wtrecom.com/images/products/3/LN_724090_BP_3.jpg,https://www.waitrose.com/ecom/products/waitrose-small-zip-lock-food-bags/724090-795134-795135,Waitrose Small Zip Lock Food Bags,25s,£2.20,8.8p each,,Household
839733,Waitrose Extra Strong Tall Bin Liners,G,false,212,https://ecom-su-static-prod.wtrecom.com/images/products/3/LN_839733_BP_3.jpg,https://www.waitrose.com/ecom/products/waitrose-extra-strong-tall-bin-liners/839733-795174-795175,Waitrose Extra Strong Tall Bin Liners,30s,£4.35,14.5p each,,Household
458393,Waitrose Essential Shower Shine Trigger Spray,G,false,213,https://ecom-su-static-prod.wtrecom.com/images/products/3/LN_458393_BP_3.jpg,https://www.waitrose.com/ecom/products/waitrose-essential-shower-shine-trigger-spray/458393-804222-804223,Waitrose Essential Shower Shine Trigger Spray,750ml,£1.10,£1.47/litre,,Household
816718,Ecover Wool & Silk Washing Liquid 16w,G,true,214,https://ecom-su-static-prod.wtrecom.com/images/products/3/LN_816718_BP_3.jpg,https://www.waitrose.com/ecom/products/ecover-wool-silk-washing-liquid-16w/816718-370947-370948,Ecover Wool & Silk Washing Liquid 16w,750ml,£4.15,£5.54/litre,20% Off. Was £5.20,Household
545671,Waitrose Bio laundry Liquid 36w,G,false,215,https://ecom-su-static-prod.wtrecom.com/images/products/3/LN_545671_BP_3.jpg,https://www.waitrose.com/ecom/products/waitrose-bio-laundry-liquid-36w/545671-815225-815226,Waitrose Bio laundry Liquid 36w,900ml,£2.50,£2.78/litre,,Household
776194,Cushelle Original Toilet Paper,G,true,216,https://ecom-su-static-prod.wtrecom.com/images/products/3/LN_776194_BP_3.jpg,https://www.waitrose.com/ecom/products/cushelle-original-toilet-paper/776194-807012-807013,Cushelle Original Toilet Paper,16x270sheets,£11.75,27.2p/100 sheets,save £4.25. Was £16.00,Household
841377,Ariel +Extra Stain Removal Washing Capsules 29W,G,false,217,https://ecom-su-static-prod.wtrecom.com/images/products/3/LN_841377_BP_3.jpg,https://www.waitrose.com/ecom/products/ariel-extra-stain-removal-washing-capsules-29w/841377-720363-720364,Ariel +Extra Stain Removal Washing Capsules 29W,29s,£9.40,32.4p each,,Household
092469,Glade Lavender Gel,G,true,218,https://ecom-su-static-prod.wtrecom.com/images/products/3/LN_092469_BP_3.jpg,https://www.waitrose.com/ecom/products/glade-lavender-gel/092469-47563-47564,Glade Lavender Gel,150g,£1.60,£1.07/100g,Add 2 for £2.50,Household
710596,Ariel All In One Washing Liquid Pods Original 51W,G,false,219,https://ecom-su-static-prod.wtrecom.com/images/products/3/LN_710596_BP_3.jpg,https://www.waitrose.com/ecom/products/ariel-all-in-one-washing-liquid-pods-original-51w/710596-753054-753055,Ariel All In One Washing Liquid Pods Original 51W,51Each,£14.75,28.9p each,,Household
469882,Lenor Spring Awakening Fabric Conditioner,G,true,220,https://ecom-su-static-prod.wtrecom.com/images/products/3/LN_469882_BP_3.jpg,https://www.waitrose.com/ecom/products/lenor-spring-awakening-fabric-conditioner/469882-363165-363166,Lenor Spring Awakening Fabric Conditioner,1.15litre,£2.50,£2.18/litre,save 75p. Was £3.25,Household
899385,Dettol Anti-Bac Biodegradable Kitchen Wipes,G,true,221,https://ecom-su-static-prod.wtrecom.com/images/products/3/LN_899385_BP_3.jpg,https://www.waitrose.com/ecom/products/dettol-anti-bac-biodegradable-kitchen-wipes/899385-653273-653274,Dettol Anti-Bac Biodegradable Kitchen Wipes,25s,£2.50,10p each,save 65p. Was £3.15,Household
563631,Mr Sheen Multi Surface Polish Spring Fresh,G,false,222,https://ecom-su-static-prod.wtrecom.com/images/products/3/LN_563631_BP_3.jpg,https://www.waitrose.com/ecom/products/mr-sheen-multi-surface-polish-spring-fresh/563631-678827-678828,Mr Sheen Multi Surface Polish Spring Fresh,250ml,£2.20,£8.80/litre,,Household
405537,Fairy Max Power Anti-Bac Washing Up Liquid,G,true,223,https://ecom-su-static-prod.wtrecom.com/images/products/3/LN_405537_BP_3.jpg,https://www.waitrose.com/ecom/products/fairy-max-power-anti-bac-washing-up-liquid/405537-778202-778203,Fairy Max Power Anti-Bac Washing Up Liquid,450ml,£2.25,£5/litre,25% Off. Was £3.00,Household
597788,Vanish Gold Oxi Action Laundry Stain Remover Powder Colours Small Pack,G,false,224,https://ecom-su-static-prod.wtrecom.com/images/products/3/LN_597788_BP_3.jpg,https://www.waitrose.com/ecom/products/vanish-gold-oxi-action-laundry-stain-remover-powder-colours-small-pack/597788-351330-351331,Vanish Gold Oxi Action Laundry Stain Remover Powder Colours Small Pack,470g,£7.00,£14.90/kg,,Household
484756,Fairy Non Bio Washing Liquid Gel For Sensitive Skin,G,true,225,https://ecom-su-static-prod.wtrecom.com/images/products/3/LN_484756_BP_3.jpg,https://www.waitrose.com/ecom/products/fairy-non-bio-washing-liquid-gel-for-sensitive-skin/484756-652252-652253,Fairy Non Bio Washing Liquid Gel For Sensitive Skin,1386ml,£6.48,£4.68/litre,20% Off. Was £8.10,Household
561136,Calgon Washing Machine Cleaner Limescale Anti Bacterial Gel,G,true,226,https://ecom-su-static-prod.wtrecom.com/images/products/3/LN_561136_BP_3.jpg,https://www.waitrose.com/ecom/products/calgon-washing-machine-cleaner-limescale-anti-bacterial-gel/561136-684165-684166,Calgon Washing Machine Cleaner Limescale Anti Bacterial Gel,750ml,£7.50,£10/litre,25% Off. Was £10.00,Household
036606,Waitrose Extra Strong Wheelie Bin Liners,G,false,227,https://ecom-su-static-prod.wtrecom.com/images/products/3/LN_036606_BP_3.jpg,https://www.waitrose.com/ecom/products/waitrose-extra-strong-wheelie-bin-liners/036606-18348-18349,Waitrose Extra Strong Wheelie Bin Liners,10s,£2.95,29.5p each,,Household
445816,Fairy Outdoorable Sensitive 55W,G,true,228,https://ecom-su-static-prod.wtrecom.com/images/products/3/LN_445816_BP_3.jpg,https://www.waitrose.com/ecom/products/fairy-outdoorable-sensitive-55w/445816-785678-785679,Fairy Outdoorable Sensitive 55W,770ml,£3.50,£4.55/litre,save £2.50. Was £6.00,Household
031621,Glade Gel Lily of The Valley,G,true,229,https://ecom-su-static-prod.wtrecom.com/images/products/3/LN_031621_BP_3.jpg,https://www.waitrose.com/ecom/products/glade-gel-lily-of-the-valley/031621-15407-15408,Glade Gel Lily of The Valley,150g,£1.60,£1.07/100g,Add 2 for £2.50,Household
475915,Finish Ultimate All in One Lemon Dishwasher Tablets,G,true,230,https://ecom-su-static-prod.wtrecom.com/images/products/3/LN_475915_BP_3.jpg,https://www.waitrose.com/ecom/products/finish-ultimate-all-in-one-lemon-dishwasher-tablets/475915-720137-720138,Finish Ultimate All in One Lemon Dishwasher Tablets,36s,£8.00,22.2p each,Save 1/3. Was £12.50,Household
070319,Brillo Multi-Use Soap Pads,G,false,231,https://ecom-su-static-prod.wtrecom.com/images/products/3/LN_070319_BP_3.jpg,https://www.waitrose.com/ecom/products/brillo-multi-use-soap-pads/070319-35608-35609,Brillo Multi-Use Soap Pads,10s,£1.90,19p each,,Household
708239,Waitrose Swing Bin Liners Citrus,G,false,232,https://ecom-su-static-prod.wtrecom.com/images/products/3/LN_708239_BP_3.jpg,https://www.waitrose.com/ecom/products/waitrose-swing-bin-liners-citrus/708239-795128-795129,Waitrose Swing Bin Liners Citrus,20s,£2.60,13p each,,Household
365552,Persil Bio Laundry Washing Liquid Detergent 35W,G,true,233,https://ecom-su-static-prod.wtrecom.com/images/products/3/LN_365552_BP_3.jpg,https://www.waitrose.com/ecom/products/persil-bio-laundry-washing-liquid-detergent-35w/365552-134825-134826,Persil Bio Laundry Washing Liquid Detergent 35W,945ml,£5.00,£5.30/litre,save £2.00. Was £7.00,Household
739557,Waitrose Large Resealable Food Bags,G,false,234,https://ecom-su-static-prod.wtrecom.com/images/products/3/LN_739557_BP_3.jpg,https://www.waitrose.com/ecom/products/waitrose-large-resealable-food-bags/739557-795140-795141,Waitrose Large Resealable Food Bags,15s,£2.50,16.7p each,,Household
632865,Windolene Glass & Shiny Surfaces Spray,G,true,235,https://ecom-su-static-prod.wtrecom.com/images/products/3/LN_632865_BP_3.jpg,https://www.waitrose.com/ecom/products/windolene-glass-shiny-surfaces-spray/632865-89889-89890,Windolene Glass & Shiny Surfaces Spray,750ml,£2.10,£4.20/litre,save 90p. Was £3.00,Household
465572,Surcare Laundry Liquid Non Bio 28 Washes,G,false,236,https://ecom-su-static-prod.wtrecom.com/images/products/3/LN_465572_BP_3.jpg,https://www.waitrose.com/ecom/products/surcare-laundry-liquid-non-bio-28-washes/465572-65611-65612,Surcare Laundry Liquid Non Bio 28 Washes,980ml,£6.25,£6.38/litre,,Household
048483,Essential Super Absorbant Cloths,G,false,237,https://ecom-su-static-prod.wtrecom.com/images/products/3/LN_048483_BP_3.jpg,https://www.waitrose.com/ecom/products/essential-super-absorbant-cloths/048483-24066-24067,Essential Super Absorbant Cloths,3s,£1.25,41.7p each,,Household
676867,If You Care Parchment Baking Sheets,G,true,238,https://ecom-su-static-prod.wtrecom.com/images/products/3/LN_676867_BP_3.jpg,https://www.waitrose.com/ecom/products/if-you-care-parchment-baking-sheets/676867-675873-675874,If You Care Parchment Baking Sheets,24s,£4.50,18.8p each,save £1.50. Was £6.00,Household
866867,Waitrose Linen Fresh Extra Soft Tissues,G,false,239,https://ecom-su-static-prod.wtrecom.com/images/products/3/LN_866867_BP_3.jpg,https://www.waitrose.com/ecom/products/waitrose-linen-fresh-extra-soft-tissues/866867-394401-394402,Waitrose Linen Fresh Extra Soft Tissues,56 sheets,£2.00,35.7p/10 sheets,,Household
038436,Method Glass Cleaner Mint,G,false,240,https://ecom-su-static-prod.wtrecom.com/images/products/3/LN_038436_BP_3.jpg,https://www.waitrose.com/ecom/products/method-glass-cleaner-mint/038436-19163-19164,Method Glass Cleaner Mint,828ml,£4.00,£4.84/litre,,Household
885374,Dettol Power&Pure Anti-Bac Bathroom Cleaning Spray,G,false,241,https://ecom-su-static-prod.wtrecom.com/images/products/3/LN_885374_BP_3.jpg,https://www.waitrose.com/ecom/products/dettol-powerpure-anti-bac-bathroom-cleaning-spray/885374-762616-762617,Dettol Power&Pure Anti-Bac Bathroom Cleaning Spray,1L,£4.00,£4/litre,,Household
004513,Persil Non Bio Fabric Cleaning Washing Powder 42W,G,true,242,https://ecom-su-static-prod.wtrecom.com/images/products/3/LN_004513_BP_3.jpg,https://www.waitrose.com/ecom/products/persil-non-bio-fabric-cleaning-washing-powder-42w/004513-1913-1914,Persil Non Bio Fabric Cleaning Washing Powder 42W,2.1Kg,£7.50,£3.58/kg,save £3.00. Was £10.50,Household
849888,Regina XXL Absorb Kitchen Towel,G,false,243,https://ecom-su-static-prod.wtrecom.com/images/products/3/LN_849888_BP_3.jpg,https://www.waitrose.com/ecom/products/regina-xxl-absorb-kitchen-towel/849888-813320-813321,Regina XXL Absorb Kitchen Towel,300Sheet,£7.50,,,Household
648596,Spontex Thick Moppets Sponge Wipes,G,false,244,https://ecom-su-static-prod.wtrecom.com/images/products/3/LN_648596_BP_3.jpg,https://www.waitrose.com/ecom/products/spontex-thick-moppets-sponge-wipes/648596-483207-483208,Spontex Thick Moppets Sponge Wipes,2s,£2.50,£1.25 each,,Household
584363,Harpic Active Fresh Toilet Cleaner Gel Mountain Pine,G,false,245,https://ecom-su-static-prod.wtrecom.com/images/products/3/LN_584363_BP_3.jpg,https://www.waitrose.com/ecom/products/harpic-active-fresh-toilet-cleaner-gel-mountain-pine/584363-778588-778589,Harpic Active Fresh Toilet Cleaner Gel Mountain Pine,750ml,£1.50,£2/litre,,Household
621172,Vanish Gold Oxi Action Laundry Stain Remover Powder White Small Pack,G,false,246,https://ecom-su-static-prod.wtrecom.com/images/products/3/LN_621172_BP_3.jpg,https://www.waitrose.com/ecom/products/vanish-gold-oxi-action-laundry-stain-remover-powder-white-small-pack/621172-406840-406841,Vanish Gold Oxi Action Laundry Stain Remover Powder White Small Pack,470g,£7.00,£14.90/kg,,Household
461287,Waitrose Non Bio Laundry Powder 27w,G,false,247,https://ecom-su-static-prod.wtrecom.com/images/products/3/LN_461287_BP_3.jpg,https://www.waitrose.com/ecom/products/waitrose-non-bio-laundry-powder-27w/461287-815197-815198,Waitrose Non Bio Laundry Powder 27w,1.35Kg,£3.30,£2.45/kg,,Household
669666,Febreze Bathroom Air Freshener Blossom Breeze,G,true,248,https://ecom-su-static-prod.wtrecom.com/images/products/3/LN_669666_BP_3.jpg,https://www.waitrose.com/ecom/products/febreze-bathroom-air-freshener-blossom-breeze/669666-736067-736068,Febreze Bathroom Air Freshener Blossom Breeze,7.5ml,£3.50,£46.67/100ml,Add 2 for £5,Household
793156,Dettol Antibacterial Laundry Sanitiser,G,false,249,https://ecom-su-static-prod.wtrecom.com/images/products/3/LN_793156_BP_3.jpg,https://www.waitrose.com/ecom/products/dettol-antibacterial-laundry-sanitiser/793156-803232-803233,Dettol Antibacterial Laundry Sanitiser,1.5litre,£4.50,£3/litre,,Household
845492,Spontex Brilliant Scourer,G,false,250,https://ecom-su-static-prod.wtrecom.com/images/products/3/LN_845492_BP_3.jpg,https://www.waitrose.com/ecom/products/spontex-brilliant-scourer/845492-577258-577259,Spontex Brilliant Scourer,Each,£1.35,£1.35 each,,Household
481247,Lenor Unstoppables Fresh In-Wash Scent Booster,G,false,251,https://ecom-su-static-prod.wtrecom.com/images/products/3/LN_481247_BP_3.jpg,https://www.waitrose.com/ecom/products/lenor-unstoppables-fresh-in-wash-scent-booster/481247-363241-363242,Lenor Unstoppables Fresh In-Wash Scent Booster,176g,£5.00,£28.41/kg,,Household
783065,Who Gives A Crap Premium Bamboo Toilet Paper 8 pack,G,true,252,https://ecom-su-static-prod.wtrecom.com/images/products/3/LN_783065_BP_3.jpg,https://www.waitrose.com/ecom/products/who-gives-a-crap-premium-bamboo-toilet-paper-8-pack/783065-805056-805057,Who Gives A Crap Premium Bamboo Toilet Paper 8 pack,2880Sheet,£8.00,27.8p/100 sheets,20% Off. Was £10.00,Household
886504,Who Gives A Crap 100% Recycled Toilet Paper 8 pack,G,false,253,https://ecom-su-static-prod.wtrecom.com/images/products/3/LN_886504_BP_3.jpg,https://www.waitrose.com/ecom/products/who-gives-a-crap-100-recycled-toilet-paper-8-pack/886504-805084-805085,Who Gives A Crap 100% Recycled Toilet Paper 8 pack,2880Sheet,£9.00,31.3p/100 sheets,,Household
881483,Ecover Bio Washing Liquid 40w,G,true,254,https://ecom-su-static-prod.wtrecom.com/images/products/3/LN_881483_BP_3.jpg,https://www.waitrose.com/ecom/products/ecover-bio-washing-liquid-40w/881483-523304-523305,Ecover Bio Washing Liquid 40w,1.43litre,£7.00,£4.90/litre,Save 1/3. Was £10.50,Household
925652,Regina Soft Bamboo Toilet Tissue,G,true,255,https://ecom-su-static-prod.wtrecom.com/images/products/3/LN_925652_BP_3.jpg,https://www.waitrose.com/ecom/products/regina-soft-bamboo-toilet-tissue/925652-824426-824427,Regina Soft Bamboo Toilet Tissue,1440Sheet,£4.50,31.3p/100 sheets,save £1.00. Was £5.50,Household
514766,Persil Colour Laundry Washing Liquid Detergent 35W,G,true,256,https://ecom-su-static-prod.wtrecom.com/images/products/3/LN_514766_BP_3.jpg,https://www.waitrose.com/ecom/products/persil-colour-laundry-washing-liquid-detergent-35w/514766-134903-134904,Persil Colour Laundry Washing Liquid Detergent 35W,945ml,£5.00,£5.30/litre,save £2.00. Was £7.00,Household
679497,Flash Wood Floor Liquid Cleaner,G,true,257,https://ecom-su-static-prod.wtrecom.com/images/products/3/LN_679497_BP_3.jpg,https://www.waitrose.com/ecom/products/flash-wood-floor-liquid-cleaner/679497-96497-96498,Flash Wood Floor Liquid Cleaner,1litre,£2.00,£2/litre,20% Off. Was £2.50,Household
688191,Persil 3 In 1 Colour Protect Washing Capsules 48W,G,false,258,https://ecom-su-static-prod.wtrecom.com/images/products/3/LN_688191_BP_3.jpg,https://www.waitrose.com/ecom/products/persil-3-in-1-colour-protect-washing-capsules-48w/688191-563737-563738,Persil 3 In 1 Colour Protect Washing Capsules 48W,48Each,£12.00,25p each,,Household
483415,Persil Wonder Wash Non Bio Speed Clean Liquid 31W,G,false,259,https://ecom-su-static-prod.wtrecom.com/images/products/3/LN_483415_BP_3.jpg,https://www.waitrose.com/ecom/products/persil-wonder-wash-non-bio-speed-clean-liquid-31w/483415-825806-825807,Persil Wonder Wash Non Bio Speed Clean Liquid 31W,837ml,£7.00,£8.37/litre,,Household
543704,Fairy Non Bio Gel Washing Liquid Gel,G,false,260,https://ecom-su-static-prod.wtrecom.com/images/products/3/LN_543704_BP_3.jpg,https://www.waitrose.com/ecom/products/fairy-non-bio-gel-washing-liquid-gel/543704-76864-76865,Fairy Non Bio Gel Washing Liquid Gel,858ml,£7.25,£8.45/litre,,Household
805465,Cif Power & Shine Kitchen Cleaner Spray,G,false,261,https://ecom-su-static-prod.wtrecom.com/images/products/3/LN_805465_BP_3.jpg,https://www.waitrose.com/ecom/products/cif-power-shine-kitchen-cleaner-spray/805465-577128-577129,Cif Power & Shine Kitchen Cleaner Spray,700ml,£3.25,£4.65/litre,,Household
797580,Surcare Fabric Conditioner 21 Washes,G,false,262,https://ecom-su-static-prod.wtrecom.com/images/products/3/LN_797580_BP_3.jpg,https://www.waitrose.com/ecom/products/surcare-fabric-conditioner-21-washes/797580-113486-113487,Surcare Fabric Conditioner 21 Washes,750ml,£1.50,£2/litre,,Household
742502,Persil 3 in 1 Non Bio Laundry Washing Capsules,G,true,263,https://ecom-su-static-prod.wtrecom.com/images/products/3/LN_742502_BP_3.jpg,https://www.waitrose.com/ecom/products/persil-3-in-1-non-bio-laundry-washing-capsules/742502-728750-728751,Persil 3 in 1 Non Bio Laundry Washing Capsules,32s,£7.00,21.9p each,save £1.50. Was £8.50,Household
800131,Vanish Gold Oxi Action Laundry Stain Remover Powder White Large Pack,G,false,264,https://ecom-su-static-prod.wtrecom.com/images/products/3/LN_800131_BP_3.jpg,https://www.waitrose.com/ecom/products/vanish-gold-oxi-action-laundry-stain-remover-powder-white-large-pack/800131-691213-691214,Vanish Gold Oxi Action Laundry Stain Remover Powder White Large Pack,1.35Kg,£14.00,£10.38/kg,,Household
806154,Zoflora Linen Fresh Multipurpose Disinfectant,G,false,265,https://ecom-su-static-prod.wtrecom.com/images/products/3/LN_806154_BP_3.jpg,https://www.waitrose.com/ecom/products/zoflora-linen-fresh-multipurpose-disinfectant/806154-803394-803395,Zoflora Linen Fresh Multipurpose Disinfectant,120ml,£2.00,£16.67/litre,,Household
742754,Glass & Window Trigger Spray,G,false,266,https://ecom-su-static-prod.wtrecom.com/images/products/3/LN_742754_BP_3.jpg,https://www.waitrose.com/ecom/products/glass-window-trigger-spray/742754-804256-804257,Glass & Window Trigger Spray,750ml,£1.10,£1.47/litre,,Household
455362,Ecover Multi-Action Surface Cleaner,G,false,267,https://ecom-su-static-prod.wtrecom.com/images/products/3/LN_455362_BP_3.jpg,https://www.waitrose.com/ecom/products/ecover-multi-action-surface-cleaner/455362-762308-762309,Ecover Multi-Action Surface Cleaner,500ml,£2.65,£5.30/litre,,Household
541544,Domestos Power Foam Toilet & Bathroom Cleaner Arctic Fresh,G,false,268,https://ecom-su-static-prod.wtrecom.com/images/products/3/LN_541544_BP_3.jpg,https://www.waitrose.com/ecom/products/domestos-power-foam-toilet-bathroom-cleaner-arctic-fresh/541544-803310-803311,Domestos Power Foam Toilet & Bathroom Cleaner Arctic Fresh,450ml,£3.15,70p/100ml,,Household
554203,Spontex Tough Scourers,G,false,269,https://ecom-su-static-prod.wtrecom.com/images/products/3/LN_554203_BP_3.jpg,https://www.waitrose.com/ecom/products/spontex-tough-scourers/554203-482821-482822,Spontex Tough Scourers,4s,£2.20,55p each,,Household
849864,Bloo Power Active Lemon Rim Block,G,false,270,https://ecom-su-static-prod.wtrecom.com/images/products/3/LN_849864_BP_3.jpg,https://www.waitrose.com/ecom/products/bloo-power-active-lemon-rim-block/849864-753176-753177,Bloo Power Active Lemon Rim Block,2x50g,£3.20,£3.20/100g,,Household
662229,Persil Non Bio Fabric Cleaning Washing Powder 60W,G,false,271,https://ecom-su-static-prod.wtrecom.com/images/products/3/LN_662229_BP_3.jpg,https://www.waitrose.com/ecom/products/persil-non-bio-fabric-cleaning-washing-powder-60w/662229-692363-692364,Persil Non Bio Fabric Cleaning Washing Powder 60W,3.0kg,£13.00,£4.34/kg,,Household
819356,Spontex Non Scratch Sponge Scourers,G,false,272,https://ecom-su-static-prod.wtrecom.com/images/products/3/LN_819356_BP_3.jpg,https://www.waitrose.com/ecom/products/spontex-non-scratch-sponge-scourers/819356-483945-483946,Spontex Non Scratch Sponge Scourers,2s,£2.35,£1.18 each,,Household
636386,Finish Dishwasher Cleaner Twin Pack,G,true,273,https://ecom-su-static-prod.wtrecom.com/images/products/3/LN_636386_BP_3.jpg,https://www.waitrose.com/ecom/products/finish-dishwasher-cleaner-twin-pack/636386-731078-731079,Finish Dishwasher Cleaner Twin Pack,2x250ml,£6.50,£13/litre,save £2.30. Was £8.80,Household
770212,Lenor Outdoorable Summer Breeze Fabric Conditioner,G,false,274,https://ecom-su-static-prod.wtrecom.com/images/products/3/LN_770212_BP_3.jpg,https://www.waitrose.com/ecom/products/lenor-outdoorable-summer-breeze-fabric-conditioner/770212-753084-753085,Lenor Outdoorable Summer Breeze Fabric Conditioner,770ml,£5.00,£6.50/litre,,Household
430816,Dettol Anti-Bac Surface Cleanser Spray Lime & Mint,G,true,275,https://ecom-su-static-prod.wtrecom.com/images/products/3/LN_430816_BP_3.jpg,https://www.waitrose.com/ecom/products/dettol-anti-bac-surface-cleanser-spray-lime-mint/430816-744258-744259,Dettol Anti-Bac Surface Cleanser Spray Lime & Mint,750ml,£2.20,£2.94/litre,save 30p. Was £2.50,Household
758757,Ecover Gardenia Fabric Softener 47w,G,true,276,https://ecom-su-static-prod.wtrecom.com/images/products/3/LN_758757_BP_3.jpg,https://www.waitrose.com/ecom/products/ecover-gardenia-fabric-softener-47w/758757-203306-203307,Ecover Gardenia Fabric Softener 47w,1.43litre,£3.50,£2.45/litre,Save 1/3. Was £5.25,Household
627645,Finish Ultimate Plus All in One Lemon Dishwasher Tablets Large Pack,G,true,277,https://ecom-su-static-prod.wtrecom.com/images/products/3/LN_627645_BP_3.jpg,https://www.waitrose.com/ecom/products/finish-ultimate-plus-all-in-one-lemon-dishwasher-tablets-large-pack/627645-803194-803195,Finish Ultimate Plus All in One Lemon Dishwasher Tablets Large Pack,48Each,£9.00,18.8p each,save £6.50. Was £15.50,Household
871029,Essential Laundry Water Softener Tablets,G,false,278,https://ecom-su-static-prod.wtrecom.com/images/products/3/LN_871029_BP_3.jpg,https://www.waitrose.com/ecom/products/essential-laundry-water-softener-tablets/871029-298889-298890,Essential Laundry Water Softener Tablets,45s,£5.55,12.3p each,,Household
756365,Dettol Antibacterial Washing Machine Cleaner Lemon,G,false,279,https://ecom-su-static-prod.wtrecom.com/images/products/3/LN_756365_BP_3.jpg,https://www.waitrose.com/ecom/products/dettol-antibacterial-washing-machine-cleaner-lemon/756365-759726-759727,Dettol Antibacterial Washing Machine Cleaner Lemon,250ml,£4.20,£16.80/litre,,Household
705441,essential Waitrose Non Bio Capsules 30w,G,false,280,https://ecom-su-static-prod.wtrecom.com/images/products/3/LN_705441_BP_3.jpg,https://www.waitrose.com/ecom/products/essential-waitrose-non-bio-capsules-30w/705441-825866-825867,essential Waitrose Non Bio Capsules 30w,559.6g,£5.00,£8.94/kg,,Household
001257,Method Granite & Marble Cleaner,G,false,281,https://ecom-su-static-prod.wtrecom.com/images/products/3/LN_001257_BP_3.jpg,https://www.waitrose.com/ecom/products/method-granite-marble-cleaner/001257-182-183,Method Granite & Marble Cleaner,354ml,£4.75,£13.42/litre,,Household
897843,Lenor Spring Awakening Fabric Conditioner,G,true,282,https://ecom-su-static-prod.wtrecom.com/images/products/3/LN_897843_BP_3.jpg,https://www.waitrose.com/ecom/products/lenor-spring-awakening-fabric-conditioner/897843-523389-523390,Lenor Spring Awakening Fabric Conditioner,2.64litre,£4.75,£1.80/litre,save 55p. Was £5.30,Household
480762,Waitrose Drawstring Refuse Bag,G,false,283,https://ecom-su-static-prod.wtrecom.com/images/products/3/LN_480762_BP_3.jpg,https://www.waitrose.com/ecom/products/waitrose-drawstring-refuse-bag/480762-795058-795059,Waitrose Drawstring Refuse Bag,20s,£4.25,21.3p each,,Household
856989,Fairy Fabric Conditioner for Sensitive Skin,G,false,284,https://ecom-su-static-prod.wtrecom.com/images/products/3/LN_856989_BP_3.jpg,https://www.waitrose.com/ecom/products/fairy-fabric-conditioner-for-sensitive-skin/856989-705851-705852,Fairy Fabric Conditioner for Sensitive Skin,1.82litre,£5.25,£2.89/litre,,Household
044782,Addis Dish Brush,G,false,285,https://ecom-su-static-prod.wtrecom.com/images/products/3/LN_044782_BP_3.jpg,https://www.waitrose.com/ecom/products/addis-dish-brush/044782-22104-22105,Addis Dish Brush,Each,£1.60,£1.60 each,,Household
402457,Lenor Tumble Dryer Sheets Spring Awakening,G,true,286,https://ecom-su-static-prod.wtrecom.com/images/products/3/LN_402457_BP_3.jpg,https://www.waitrose.com/ecom/products/lenor-tumble-dryer-sheets-spring-awakening/402457-56638-56639,Lenor Tumble Dryer Sheets Spring Awakening,34s,£2.50,7.4p each,save 65p. Was £3.15,Household
440894,Febreze Air Mist Cotton Fresh,G,true,287,https://ecom-su-static-prod.wtrecom.com/images/products/3/LN_440894_BP_3.jpg,https://www.waitrose.com/ecom/products/febreze-air-mist-cotton-fresh/440894-818293-818294,Febreze Air Mist Cotton Fresh,185ml,£3.50,£1.90/100ml,Add 2 for £5,Household
634873,Mr Muscle Sink & Drain Unblocker Gel,G,false,288,https://ecom-su-static-prod.wtrecom.com/images/products/3/LN_634873_BP_3.jpg,https://www.waitrose.com/ecom/products/mr-muscle-sink-drain-unblocker-gel/634873-731818-731819,Mr Muscle Sink & Drain Unblocker Gel,1litre,£5.50,£5.50/litre,,Household
612868,Persil Non Bio Sensitive Skin Washing Capsules 26W,G,false,289,https://ecom-su-static-prod.wtrecom.com/images/products/3/LN_612868_BP_3.jpg,https://www.waitrose.com/ecom/products/persil-non-bio-sensitive-skin-washing-capsules-26w/612868-825840-825841,Persil Non Bio Sensitive Skin Washing Capsules 26W,26Each,£7.00,26.9p each,,Household
563408,Lenor Outdoorable Solstice Fabric Conditioner 55W,G,true,290,https://ecom-su-static-prod.wtrecom.com/images/products/3/LN_563408_BP_3.jpg,https://www.waitrose.com/ecom/products/lenor-outdoorable-solstice-fabric-conditioner-55w/563408-803186-803187,Lenor Outdoorable Solstice Fabric Conditioner 55W,770ml,£3.50,£4.55/litre,save £2.50. Was £6.00,Household
442839,Fairy Max Power Original Washing Up Liquid,G,true,291,https://ecom-su-static-prod.wtrecom.com/images/products/3/LN_442839_BP_3.jpg,https://www.waitrose.com/ecom/products/fairy-max-power-original-washing-up-liquid/442839-778222-778223,Fairy Max Power Original Washing Up Liquid,450ml,£2.25,£5/litre,25% Off. Was £3.00,Household
058708,Essential Large Cleaning Cloths,G,false,292,https://ecom-su-static-prod.wtrecom.com/images/products/3/LN_058708_BP_3.jpg,https://www.waitrose.com/ecom/products/essential-large-cleaning-cloths/058708-29540-29541,Essential Large Cleaning Cloths,5s,£2.50,50p each,,Household
472304,Raid Fly & Wasp Killer,G,false,293,https://ecom-su-static-prod.wtrecom.com/images/products/3/LN_472304_BP_3.jpg,https://www.waitrose.com/ecom/products/raid-fly-wasp-killer/472304-66601-66602,Raid Fly & Wasp Killer,300ml,£4.75,£15.84/litre,,Household
854966,Bloo Limescale 2in1 Toilet Blocks,G,false,294,https://ecom-su-static-prod.wtrecom.com/images/products/3/LN_854966_BP_3.jpg,https://www.waitrose.com/ecom/products/bloo-limescale-2in1-toilet-blocks/854966-803418-803419,Bloo Limescale 2in1 Toilet Blocks,2s,£2.65,£1.33 each,,Household
622949,Waitrose Lemon Dishwashing Tablets 44s,G,false,295,https://ecom-su-static-prod.wtrecom.com/images/products/3/LN_622949_BP_3.jpg,https://www.waitrose.com/ecom/products/waitrose-lemon-dishwashing-tablets-44s/622949-825842-825843,Waitrose Lemon Dishwashing Tablets 44s,44Each,£4.50,10.2p each,,Household
681887,Spontex Heavy Duty Sponge Scourers,G,false,296,https://ecom-su-static-prod.wtrecom.com/images/products/3/LN_681887_BP_3.jpg,https://www.waitrose.com/ecom/products/spontex-heavy-duty-sponge-scourers/681887-483341-483342,Spontex Heavy Duty Sponge Scourers,2s,£2.35,£1.18 each,,Household
742456,Essential Liquid Appliance Descaler,G,false,297,https://ecom-su-static-prod.wtrecom.com/images/products/3/LN_742456_BP_3.jpg,https://www.waitrose.com/ecom/products/essential-liquid-appliance-descaler/742456-729988-729989,Essential Liquid Appliance Descaler,500ml,£2.50,£5/litre,,Household
403122,Bold Spring Awakening Washing Pods 33W,G,true,298,https://ecom-su-static-prod.wtrecom.com/images/products/3/LN_403122_BP_3.jpg,https://www.waitrose.com/ecom/products/bold-spring-awakening-washing-pods-33w/403122-720101-720102,Bold Spring Awakening Washing Pods 33W,33s,£7.50,22.7p each,25% Off. Was £10.00,Household
842996,Method Peach & Pink Pepper Washing-Up Liquid,G,false,299,https://ecom-su-static-prod.wtrecom.com/images/products/3/LN_842996_BP_3.jpg,https://www.waitrose.com/ecom/products/method-peach-pink-pepper-washing-up-liquid/842996-151982-151983,Method Peach & Pink Pepper Washing-Up Liquid,532ml,£3.70,£6.96/litre,,Household
070758,Duracell Plus AA Alkaline,G,true,300,https://ecom-su-static-prod.wtrecom.com/images/products/3/LN_070758_BP_3.jpg,https://www.waitrose.com/ecom/products/duracell-plus-aa-alkaline/070758-35867-35868,Duracell Plus AA Alkaline,8s,£6.50,81.3p each,save £2.00. Was £8.50,Household
502700,Waitrose Fold Over Sandwich Bags,G,false,301,https://ecom-su-static-prod.wtrecom.com/images/products/3/LN_502700_BP_3.jpg,https://www.waitrose.com/ecom/products/waitrose-fold-over-sandwich-bags/502700-795066-795067,Waitrose Fold Over Sandwich Bags,60s,£2.00,3.3p each,,Household
438245,Essential Bathroom Cleaner Trigger Spray,G,false,302,https://ecom-su-static-prod.wtrecom.com/images/products/3/LN_438245_BP_3.jpg,https://www.waitrose.com/ecom/products/essential-bathroom-cleaner-trigger-spray/438245-804220-804221,Essential Bathroom Cleaner Trigger Spray,750ml,£1.10,£1.47/litre,,Household
020751,Pledge Clean It Jasmine Cleaner,G,false,303,https://ecom-su-static-prod.wtrecom.com/images/products/3/LN_020751_BP_3.jpg,https://www.waitrose.com/ecom/products/pledge-clean-it-jasmine-cleaner/020751-10101-10102,Pledge Clean It Jasmine Cleaner,250ml,£2.50,£10/litre,,Household
437843,Essential Dual Action Scourers,G,false,304,https://ecom-su-static-prod.wtrecom.com/images/products/3/LN_437843_BP_3.jpg,https://www.waitrose.com/ecom/products/essential-dual-action-scourers/437843-229825-229826,Essential Dual Action Scourers,6s,£1.10,18.3p each,,Household
893211,Ecover Non Bio Washing Powder 25w,G,false,305,https://ecom-su-static-prod.wtrecom.com/images/products/3/LN_893211_BP_3.jpg,https://www.waitrose.com/ecom/products/ecover-non-bio-washing-powder-25w/893211-152066-152067,Ecover Non Bio Washing Powder 25w,1.875kg,£9.00,£4.80/kg,,Household
477511,Essential Large Household Gloves,G,false,306,https://ecom-su-static-prod.wtrecom.com/images/products/3/LN_477511_BP_3.jpg,https://www.waitrose.com/ecom/products/essential-large-household-gloves/477511-744270-744271,Essential Large Household Gloves,pair,£1.50,£1.50 each,,Household
590200,Finish Dishwasher Rinse Aid Lemon,G,true,307,https://ecom-su-static-prod.wtrecom.com/images/products/3/LN_590200_BP_3.jpg,https://www.waitrose.com/ecom/products/finish-dishwasher-rinse-aid-lemon/590200-494620-494621,Finish Dishwasher Rinse Aid Lemon,800ml,£6.50,£8.13/litre,save £2.75. Was £9.25,Household
568011,Mr Muscle Platinum Window & Glass,G,false,308,https://ecom-su-static-prod.wtrecom.com/images/products/3/LN_568011_BP_3.jpg,https://www.waitrose.com/ecom/products/mr-muscle-platinum-window-glass/568011-731795-731796,Mr Muscle Platinum Window & Glass,750ml,£3.00,£4/litre,,Household
466988,Comfort Creations Honeysuckle & Sandalwood Fabric Conditioner,G,true,309,https://ecom-su-static-prod.wtrecom.com/images/products/3/LN_466988_BP_3.jpg,https://www.waitrose.com/ecom/products/comfort-creations-honeysuckle-sandalwood-fabric-conditioner/466988-728694-728695,Comfort Creations Honeysuckle & Sandalwood Fabric Conditioner,1.44litre,£3.00,£2.09/litre,save £1.75. Was £4.75,Household
535957,Method Squirt + Mop Lemon Ginger,G,false,310,https://ecom-su-static-prod.wtrecom.com/images/products/3/LN_535957_BP_3.jpg,https://www.waitrose.com/ecom/products/method-squirt-mop-lemon-ginger/535957-146474-146475,Method Squirt + Mop Lemon Ginger,739ml,£4.50,£6.09/litre,,Household
880198,Method Passion Fruit Daily Shower Cleaner,G,false,311,https://ecom-su-static-prod.wtrecom.com/images/products/3/LN_880198_BP_3.jpg,https://www.waitrose.com/ecom/products/method-passion-fruit-daily-shower-cleaner/880198-666083-666084,Method Passion Fruit Daily Shower Cleaner,828ml,£4.00,£4.84/litre,,Household
070883,Essential Flat Pan Scourers,G,false,312,https://ecom-su-static-prod.wtrecom.com/images/products/3/LN_070883_BP_3.jpg,https://www.waitrose.com/ecom/products/essential-flat-pan-scourers/070883-35933-35934,Essential Flat Pan Scourers,4s,£1.35,33.8p each,,Household
696010,Dettol Power&Pure Anti-Bac Kitchen Cleaning Spray,G,false,313,https://ecom-su-static-prod.wtrecom.com/images/products/3/LN_696010_BP_3.jpg,https://www.waitrose.com/ecom/products/dettol-powerpure-anti-bac-kitchen-cleaning-spray/696010-762462-762463,Dettol Power&Pure Anti-Bac Kitchen Cleaning Spray,1L,£4.00,£4/litre,,Household
882396,Brabantia Perfect Fit Bags H 50-60L 10s,G,false,314,https://ecom-su-static-prod.wtrecom.com/images/products/3/LN_882396_BP_3.jpg,https://www.waitrose.com/ecom/products/brabantia-perfect-fit-bags-h-50-60l-10s/882396-785280-785281,Brabantia Perfect Fit Bags H 50-60L 10s,10x29g,£5.00,£1.73/100g,,Household
787890,Andrex Supreme Quilts Mega Toilet Roll XL Longer Rolls 9s,G,false,315,https://ecom-su-static-prod.wtrecom.com/images/products/3/LN_787890_BP_3.jpg,https://www.waitrose.com/ecom/products/andrex-supreme-quilts-mega-toilet-roll-xl-longer-rolls-9s/787890-807014-807015,Andrex Supreme Quilts Mega Toilet Roll XL Longer Rolls 9s,9x235 sheets,£10.00,47.3p/100 sheets,,Household
070177,Viakal Classic Limescale Remover Liquid,G,true,316,https://ecom-su-static-prod.wtrecom.com/images/products/3/LN_070177_BP_3.jpg,https://www.waitrose.com/ecom/products/viakal-classic-limescale-remover-liquid/070177-35544-35545,Viakal Classic Limescale Remover Liquid,500ml,£2.50,£5/litre,25% Off. Was £3.35,Household
531686,Ecover All-In-One Dishwasher Tablets 22W,G,true,317,https://ecom-su-static-prod.wtrecom.com/images/products/3/LN_531686_BP_3.jpg,https://www.waitrose.com/ecom/products/ecover-all-in-one-dishwasher-tablets-22w/531686-338471-338472,Ecover All-In-One Dishwasher Tablets 22W,22s,£6.50,29.5p each,save £2.00. Was £8.50,Household
750529,Waitrose Non PVC Cling Film,G,false,318,https://ecom-su-static-prod.wtrecom.com/images/products/3/LN_750529_BP_3.jpg,https://www.waitrose.com/ecom/products/waitrose-non-pvc-cling-film/750529-795148-795149,Waitrose Non PVC Cling Film,Each,£4.40,£4.40 each,,Household
541710,Comfort Ultimate Care Concentrated Fresh Sky Fabric Conditioner 58W,G,false,319,https://ecom-su-static-prod.wtrecom.com/images/products/3/LN_541710_BP_3.jpg,https://www.waitrose.com/ecom/products/comfort-ultimate-care-concentrated-fresh-sky-fabric-conditioner-58w/541710-522404-522405,Comfort Ultimate Care Concentrated Fresh Sky Fabric Conditioner 58W,870ml,£5.25,£6.04/litre,,Household
070489,Neutradol Room Deodorizer,G,false,320,https://ecom-su-static-prod.wtrecom.com/images/products/3/LN_070489_BP_3.jpg,https://www.waitrose.com/ecom/products/neutradol-room-deodorizer/070489-35713-35714,Neutradol Room Deodorizer,Each,£2.10,£2.10 each,,Household
615812,Dettol Antibacterial Washing Machine Cleaner,G,true,321,https://ecom-su-static-prod.wtrecom.com/images/products/3/LN_615812_BP_3.jpg,https://www.waitrose.com/ecom/products/dettol-antibacterial-washing-machine-cleaner/615812-727340-727341,Dettol Antibacterial Washing Machine Cleaner,250ml,£3.70,£14.80/litre,save 50p. Was £4.20,Household
536496,Waitrose Kitchen Caddy Paper Liners,G,false,322,https://ecom-su-static-prod.wtrecom.com/images/products/3/LN_536496_BP_3.jpg,https://www.waitrose.com/ecom/products/waitrose-kitchen-caddy-paper-liners/536496-136355-136356,Waitrose Kitchen Caddy Paper Liners,10s,£2.50,25p each,,Household
595616,Ariel Bio Washing Powder,G,true,323,https://ecom-su-static-prod.wtrecom.com/images/products/3/LN_595616_BP_3.jpg,https://www.waitrose.com/ecom/products/ariel-bio-washing-powder/595616-327758-327759,Ariel Bio Washing Powder,2.4Kg,£9.00,£3.75/kg,20% Off. Was £11.25,Household
471867,Vanish Gold Pre Treat Laundry Stain Remover Powergel,G,false,324,https://ecom-su-static-prod.wtrecom.com/images/products/3/LN_471867_BP_3.jpg,https://www.waitrose.com/ecom/products/vanish-gold-pre-treat-laundry-stain-remover-powergel/471867-327042-327043,Vanish Gold Pre Treat Laundry Stain Remover Powergel,200ml,£6.30,£31.50/litre,,Household
423202,Dettol All in One Disinfectant Spray Crisp Linen,G,true,325,https://ecom-su-static-prod.wtrecom.com/images/products/3/LN_423202_BP_3.jpg,https://www.waitrose.com/ecom/products/dettol-all-in-one-disinfectant-spray-crisp-linen/423202-488173-488174,Dettol All in One Disinfectant Spray Crisp Linen,300ml,£2.36,£7.87/litre,25% Off. Was £3.15,Household
790785,Vanish Gold Oxi Action Laundry Stain Remover Powder White Small Pack,G,true,326,https://ecom-su-static-prod.wtrecom.com/images/products/3/LN_790785_BP_3.jpg,https://www.waitrose.com/ecom/products/vanish-gold-oxi-action-laundry-stain-remover-powder-white-small-pack/790785-684335-684336,Vanish Gold Oxi Action Laundry Stain Remover Powder White Small Pack,850g,£6.50,£7.65/kg,Save 1/3. Was £10.00,Household
642311,Fairy Platinum+ Dish Tablets Lemon,G,false,327,https://ecom-su-static-prod.wtrecom.com/images/products/3/LN_642311_BP_3.jpg,https://www.waitrose.com/ecom/products/fairy-platinum-dish-tablets-lemon/642311-815300-815301,Fairy Platinum+ Dish Tablets Lemon,59Each,£18.00,30.5p each,,Household
464775,Duck Active Clean Marine Rimblock,G,false,328,https://ecom-su-static-prod.wtrecom.com/images/products/3/LN_464775_BP_3.jpg,https://www.waitrose.com/ecom/products/duck-active-clean-marine-rimblock/464775-293859-293860,Duck Active Clean Marine Rimblock,38.6g,£2.00,£51.82/kg,,Household
740788,Ariel Liquid Original Washing Liquid,G,false,329,https://ecom-su-static-prod.wtrecom.com/images/products/3/LN_740788_BP_3.jpg,https://www.waitrose.com/ecom/products/ariel-liquid-original-washing-liquid/740788-494640-494641,Ariel Liquid Original Washing Liquid,1.65litre,£10.00,£6.07/litre,,Household
057945,Essential Tumble Dryer Sheets Fresh Linen,G,false,330,https://ecom-su-static-prod.wtrecom.com/images/products/3/LN_057945_BP_3.jpg,https://www.waitrose.com/ecom/products/essential-tumble-dryer-sheets-fresh-linen/057945-29082-29083,Essential Tumble Dryer Sheets Fresh Linen,40s,£2.70,6.8p each,,Household
490968,Dr. Beckmann Carpet Stain Remover,G,false,331,https://ecom-su-static-prod.wtrecom.com/images/products/3/LN_490968_BP_3.jpg,https://www.waitrose.com/ecom/products/dr-beckmann-carpet-stain-remover/490968-69377-69378,Dr. Beckmann Carpet Stain Remover,650ml,£3.90,£6/litre,,Household
846926,Method Anti-Bac Citrus Cleaner,G,false,332,https://ecom-su-static-prod.wtrecom.com/images/products/3/LN_846926_BP_3.jpg,https://www.waitrose.com/ecom/products/method-anti-bac-citrus-cleaner/846926-577260-577261,Method Anti-Bac Citrus Cleaner,828ml,£4.00,£4.84/litre,,Household
808920,Fairy Non Bio Platinum Capsules 29W,G,false,333,https://ecom-su-static-prod.wtrecom.com/images/products/3/LN_808920_BP_3.jpg,https://www.waitrose.com/ecom/products/fairy-non-bio-platinum-capsules-29w/808920-753122-753123,Fairy Non Bio Platinum Capsules 29W,29s,£9.40,32.4p each,,Household
652189,Harpic Powerplus Original Tabs,G,true,334,https://ecom-su-static-prod.wtrecom.com/images/products/3/LN_652189_BP_3.jpg,https://www.waitrose.com/ecom/products/harpic-powerplus-original-tabs/652189-824147-824148,Harpic Powerplus Original Tabs,6 Each,£3.00,50p each,save 50p. Was £3.50,Household
085850,The Original Cook's Matches,G,false,335,https://ecom-su-static-prod.wtrecom.com/images/products/3/LN_085850_BP_3.jpg,https://www.waitrose.com/ecom/products/the-original-cooks-matches/085850-43798-43799,The Original Cook's Matches,Each,£1.15,£1.15 each,,Household
822390,Persil Ultimate Fresh Non Bio Laundry Washing Detergent,G,true,336,https://ecom-su-static-prod.wtrecom.com/images/products/3/LN_822390_BP_3.jpg,https://www.waitrose.com/ecom/products/persil-ultimate-fresh-non-bio-laundry-washing-detergent/822390-778448-778449,Persil Ultimate Fresh Non Bio Laundry Washing Detergent,1.242litre,£6.50,£5.24/litre,save £2.50. Was £9.00,Household
738222,Waitrose Flat Top Compostable Caddy Liner,G,false,337,https://ecom-su-static-prod.wtrecom.com/images/products/3/LN_738222_BP_3.jpg,https://www.waitrose.com/ecom/products/waitrose-flat-top-compostable-caddy-liner/738222-795138-795139,Waitrose Flat Top Compostable Caddy Liner,10s,£3.25,32.5p each,,Household
606079,Acana Hanging Moth Killer For Wardrobes,G,true,338,https://ecom-su-static-prod.wtrecom.com/images/products/3/LN_606079_BP_3.jpg,https://www.waitrose.com/ecom/products/acana-hanging-moth-killer-for-wardrobes/606079-795100-795101,Acana Hanging Moth Killer For Wardrobes,4s,£7.00,£1.75 each,Add 2 get 2nd half price Cheaper Item Half Price,Household
513723,Febreze Fabric Freshener Cotton Fresh,G,true,339,https://ecom-su-static-prod.wtrecom.com/images/products/3/LN_513723_BP_3.jpg,https://www.waitrose.com/ecom/products/febreze-fabric-freshener-cotton-fresh/513723-519899-519900,Febreze Fabric Freshener Cotton Fresh,375ml,£3.50,93.3p/100ml,Add 2 for £5,Household
683526,Citrus Trigger Spray,G,false,340,https://ecom-su-static-prod.wtrecom.com/images/products/3/LN_683526_BP_3.jpg,https://www.waitrose.com/ecom/products/citrus-trigger-spray/683526-804252-804253,Citrus Trigger Spray,750ml,£1.10,£1.47/litre,,Household
422260,Essential Thick Sponge Wipes,G,false,341,https://ecom-su-static-prod.wtrecom.com/images/products/3/LN_422260_BP_3.jpg,https://www.waitrose.com/ecom/products/essential-thick-sponge-wipes/422260-482313-482314,Essential Thick Sponge Wipes,5s,£1.90,38p each,,Household
859554,Fairy Fabric Conditioner Silk Tree Blossom & Jasmine,G,false,342,https://ecom-su-static-prod.wtrecom.com/images/products/3/LN_859554_BP_3.jpg,https://www.waitrose.com/ecom/products/fairy-fabric-conditioner-silk-tree-blossom-jasmine/859554-825295-825296,Fairy Fabric Conditioner Silk Tree Blossom & Jasmine,1650ml,£5.00,£3.04/litre,,Household
592675,Bloo Power Active Fresh Flower Rim Block,G,false,343,https://ecom-su-static-prod.wtrecom.com/images/products/3/LN_592675_BP_3.jpg,https://www.waitrose.com/ecom/products/bloo-power-active-fresh-flower-rim-block/592675-778594-778595,Bloo Power Active Fresh Flower Rim Block,2x50g,£3.20,£3.20/100g,,Household
462932,Ariel Bio Gel Washing Liquid Gel,G,false,344,https://ecom-su-static-prod.wtrecom.com/images/products/3/LN_462932_BP_3.jpg,https://www.waitrose.com/ecom/products/ariel-bio-gel-washing-liquid-gel/462932-65251-65252,Ariel Bio Gel Washing Liquid Gel,858ml,£7.25,£8.45/litre,,Household
021208,Persil Bio Fabric Cleaning Washing Powder 42W,G,true,345,https://ecom-su-static-prod.wtrecom.com/images/products/3/LN_021208_BP_3.jpg,https://www.waitrose.com/ecom/products/persil-bio-fabric-cleaning-washing-powder-42w/021208-10327-10328,Persil Bio Fabric Cleaning Washing Powder 42W,2.1Kg,£7.50,£3.58/kg,save £3.00. Was £10.50,Household
880314,Napisan Non Bio Laundry Stain Remover,G,false,346,https://ecom-su-static-prod.wtrecom.com/images/products/3/LN_880314_BP_3.jpg,https://www.waitrose.com/ecom/products/napisan-non-bio-laundry-stain-remover/880314-185319-185320,Napisan Non Bio Laundry Stain Remover,800g,£5.25,£6.57/kg,,Household
508170,Vanish Gold Oxi Action Laundry Stain Remover Powder Colours Large Pack,G,false,347,https://ecom-su-static-prod.wtrecom.com/images/products/3/LN_508170_BP_3.jpg,https://www.waitrose.com/ecom/products/vanish-gold-oxi-action-laundry-stain-remover-powder-colours-large-pack/508170-690977-690978,Vanish Gold Oxi Action Laundry Stain Remover Powder Colours Large Pack,1.35Kg,£14.00,£10.38/kg,,Household
625780,Neat Antibac Cleaner Plastic-Free Refill Mango & Fig,G,false,348,https://ecom-su-static-prod.wtrecom.com/images/products/3/LN_625780_BP_3.jpg,https://www.waitrose.com/ecom/products/neat-antibac-cleaner-plastic-free-refill-mango-fig/625780-778608-778609,Neat Antibac Cleaner Plastic-Free Refill Mango & Fig,30ml,£2.65,£8.84/100ml,,Household
876729,Flash Spray.Wipe.Done. Kitchen Cleaning Spray,G,true,349,https://ecom-su-static-prod.wtrecom.com/images/products/3/LN_876729_BP_3.jpg,https://www.waitrose.com/ecom/products/flash-spraywipedone-kitchen-cleaning-spray/876729-753206-753207,Flash Spray.Wipe.Done. Kitchen Cleaning Spray,800ml,£2.50,£3.13/litre,25% Off. Was £3.35,Household
068185,Method Wood Polish,G,false,350,https://ecom-su-static-prod.wtrecom.com/images/products/3/LN_068185_BP_3.jpg,https://www.waitrose.com/ecom/products/method-wood-polish/068185-34603-34604,Method Wood Polish,354ml,£4.75,£13.42/litre,,Household
577762,Ariel Gel Original Washing Liquid Gel,G,true,351,https://ecom-su-static-prod.wtrecom.com/images/products/3/LN_577762_BP_3.jpg,https://www.waitrose.com/ecom/products/ariel-gel-original-washing-liquid-gel/577762-652437-652438,Ariel Gel Original Washing Liquid Gel,1386ml,£6.48,£4.68/litre,20% Off. Was £8.10,Household
832225,Dylon 5in1 Washing Machine Cleaner,G,false,352,https://ecom-su-static-prod.wtrecom.com/images/products/3/LN_832225_BP_3.jpg,https://www.waitrose.com/ecom/products/dylon-5in1-washing-machine-cleaner/832225-203348-203349,Dylon 5in1 Washing Machine Cleaner,75g,£3.50,£46.67/kg,,Household
843662,Essential Descaler Powder,G,false,353,https://ecom-su-static-prod.wtrecom.com/images/products/3/LN_843662_BP_3.jpg,https://www.waitrose.com/ecom/products/essential-descaler-powder/843662-366029-366030,Essential Descaler Powder,250g,£2.60,£10.40/kg,,Household
511538,Method Floor Cleaner Wild Rhubarb,G,false,354,https://ecom-su-static-prod.wtrecom.com/images/products/3/LN_511538_BP_3.jpg,https://www.waitrose.com/ecom/products/method-floor-cleaner-wild-rhubarb/511538-665901-665902,Method Floor Cleaner Wild Rhubarb,739ml,£4.50,£6.09/litre,,Household
832227,Dylon 2in1 Spray Starch,G,false,355,https://ecom-su-static-prod.wtrecom.com/images/products/3/LN_832227_BP_3.jpg,https://www.waitrose.com/ecom/products/dylon-2in1-spray-starch/832227-703454-703455,Dylon 2in1 Spray Starch,300ml,£4.15,£13.84/litre,,Household
586276,Brabantia Perfect Fit Bags G 23-30L 20s,G,false,356,https://ecom-su-static-prod.wtrecom.com/images/products/3/LN_586276_BP_3.jpg,https://www.waitrose.com/ecom/products/brabantia-perfect-fit-bags-g-23-30l-20s/586276-784950-784951,Brabantia Perfect Fit Bags G 23-30L 20s,20s,£5.70,28.5p each,,Household
707604,Essential Stain Remover Spray,G,false,357,https://ecom-su-static-prod.wtrecom.com/images/products/3/LN_707604_BP_3.jpg,https://www.waitrose.com/ecom/products/essential-stain-remover-spray/707604-810772-810773,Essential Stain Remover Spray,500ml,£1.65,33p/100ml,,Household
410988,Flash Speed Mop Wild Orchid Refill Pads,G,false,358,https://ecom-su-static-prod.wtrecom.com/images/products/3/LN_410988_BP_3.jpg,https://www.waitrose.com/ecom/products/flash-speed-mop-wild-orchid-refill-pads/410988-824069-824070,Flash Speed Mop Wild Orchid Refill Pads,12each,£5.30,44.2p each,,Household
098098,Essential Large Cotton Dusters,G,false,359,https://ecom-su-static-prod.wtrecom.com/images/products/3/LN_098098_BP_3.jpg,https://www.waitrose.com/ecom/products/essential-large-cotton-dusters/098098-50031-50032,Essential Large Cotton Dusters,3s,£1.65,55p each,,Household
881533,Method Cream Custard All Purpose Spray Cleaner,G,false,360,https://ecom-su-static-prod.wtrecom.com/images/products/3/LN_881533_BP_3.jpg,https://www.waitrose.com/ecom/products/method-cream-custard-all-purpose-spray-cleaner/881533-823885-823886,Method Cream Custard All Purpose Spray Cleaner,828ml,£4.00,£4.84/litre,,Household
827017,Flash Bicarbonate of Soda Spray,G,false,361,https://ecom-su-static-prod.wtrecom.com/images/products/3/LN_827017_BP_3.jpg,https://www.waitrose.com/ecom/products/flash-bicarbonate-of-soda-spray/827017-784094-784095,Flash Bicarbonate of Soda Spray,800ml,£3.35,£4.19/litre,,Household
021658,Essential Laundry Water Softener Gel,G,false,362,https://ecom-su-static-prod.wtrecom.com/images/products/3/LN_021658_BP_3.jpg,https://www.waitrose.com/ecom/products/essential-laundry-water-softener-gel/021658-10572-10573,Essential Laundry Water Softener Gel,750ml,£3.75,£5/litre,,Household
809341,Lenor Gold Orchid Fabric Conditioner,G,true,363,https://ecom-su-static-prod.wtrecom.com/images/products/3/LN_809341_BP_3.jpg,https://www.waitrose.com/ecom/products/lenor-gold-orchid-fabric-conditioner/809341-720329-720330,Lenor Gold Orchid Fabric Conditioner,1650ml,£3.50,£2.13/litre,save £1.75. Was £5.25,Household
589736,Viakal Fresh Bathroom Limescale Remover Spray,G,false,364,https://ecom-su-static-prod.wtrecom.com/images/products/3/LN_589736_BP_3.jpg,https://www.waitrose.com/ecom/products/viakal-fresh-bathroom-limescale-remover-spray/589736-731810-731811,Viakal Fresh Bathroom Limescale Remover Spray,500ml,£4.00,80p/100ml,,Household
508968,Zoflora Multi Disinfectant Midnight Bloom,G,false,365,https://ecom-su-static-prod.wtrecom.com/images/products/3/LN_508968_BP_3.jpg,https://www.waitrose.com/ecom/products/zoflora-multi-disinfectant-midnight-bloom/508968-803296-803297,Zoflora Multi Disinfectant Midnight Bloom,120ml,£2.00,£1.67/100ml,,Household
766971,Domestos Power Foam Limescale Remover,G,false,366,https://ecom-su-static-prod.wtrecom.com/images/products/3/LN_766971_BP_3.jpg,https://www.waitrose.com/ecom/products/domestos-power-foam-limescale-remover/766971-824039-824040,Domestos Power Foam Limescale Remover,450ml,£3.50,£7.78/litre,,Household
893733,Febreze Air Mist Lavender,G,true,367,https://ecom-su-static-prod.wtrecom.com/images/products/3/LN_893733_BP_3.jpg,https://www.waitrose.com/ecom/products/febreze-air-mist-lavender/893733-819414-819415,Febreze Air Mist Lavender,185ml,£3.50,£1.90/100ml,Add 2 for £5,Household
815684,Dettol Tru Clean Anti-Bac Biodegradable Pear Wipes,G,false,368,https://ecom-su-static-prod.wtrecom.com/images/products/3/LN_815684_BP_3.jpg,https://www.waitrose.com/ecom/products/dettol-tru-clean-anti-bac-biodegradable-pear-wipes/815684-762544-762545,Dettol Tru Clean Anti-Bac Biodegradable Pear Wipes,50s,£3.00,6p each,,Household
431312,Finish Ultimate Plus All in One Dishwasher Tablets,G,false,369,https://ecom-su-static-prod.wtrecom.com/images/products/3/LN_431312_BP_3.jpg,https://www.waitrose.com/ecom/products/finish-ultimate-plus-all-in-one-dishwasher-tablets/431312-803148-803149,Finish Ultimate Plus All in One Dishwasher Tablets,33s,£12.75,38.6p each,,Household
434439,Waitrose 10M Kitchen Foil,G,false,370,https://ecom-su-static-prod.wtrecom.com/images/products/3/LN_434439_BP_3.jpg,https://www.waitrose.com/ecom/products/waitrose-10m-kitchen-foil/434439-815970-815971,Waitrose 10M Kitchen Foil,1Each,£3.50,£3.50 each,,Household
702006,Ariel +Oxi Platinum Washing Capsules 44W,G,false,371,https://ecom-su-static-prod.wtrecom.com/images/products/3/LN_702006_BP_3.jpg,https://www.waitrose.com/ecom/products/ariel-oxi-platinum-washing-capsules-44w/702006-753044-753045,Ariel +Oxi Platinum Washing Capsules 44W,44s,£14.00,31.8p each,,Household
854187,Waitrose Colour Bio Laundry Liquid 36w,G,false,372,https://ecom-su-static-prod.wtrecom.com/images/products/3/LN_854187_BP_3.jpg,https://www.waitrose.com/ecom/products/waitrose-colour-bio-laundry-liquid-36w/854187-815434-815435,Waitrose Colour Bio Laundry Liquid 36w,900ml,£2.50,£2.78/litre,,Household
863104,Ariel Gel Colour Washing Liquid,G,true,373,https://ecom-su-static-prod.wtrecom.com/images/products/3/LN_863104_BP_3.jpg,https://www.waitrose.com/ecom/products/ariel-gel-colour-washing-liquid/863104-653126-653127,Ariel Gel Colour Washing Liquid,1386ml,£6.48,£4.68/litre,20% Off. Was £8.10,Household
470266,Ecover Zero% Fabric Softener 47w,G,true,374,https://ecom-su-static-prod.wtrecom.com/images/products/3/LN_470266_BP_3.jpg,https://www.waitrose.com/ecom/products/ecover-zero-fabric-softener-47w/470266-684083-684084,Ecover Zero% Fabric Softener 47w,1.43litre,£3.50,£2.45/litre,Save 1/3. Was £5.25,Household
702669,Air Wick Active Fresh Cotton Room Spray,G,false,375,https://ecom-su-static-prod.wtrecom.com/images/products/3/LN_702669_BP_3.jpg,https://www.waitrose.com/ecom/products/air-wick-active-fresh-cotton-room-spray/702669-795814-795815,Air Wick Active Fresh Cotton Room Spray,236ml,£5.00,£2.12/100ml,,Household
691951,Fairy Non Bio Platinum Washing Capsules 44W,G,false,376,https://ecom-su-static-prod.wtrecom.com/images/products/3/LN_691951_BP_3.jpg,https://www.waitrose.com/ecom/products/fairy-non-bio-platinum-washing-capsules-44w/691951-753032-753033,Fairy Non Bio Platinum Washing Capsules 44W,44s,£14.00,31.8p each,,Household
882076,Beast Drawstring Refuse Bag,G,false,377,https://ecom-su-static-prod.wtrecom.com/images/products/3/LN_882076_BP_3.jpg,https://www.waitrose.com/ecom/products/beast-drawstring-refuse-bag/882076-794792-794793,Beast Drawstring Refuse Bag,10s,£3.95,39.5p each,,Household
843374,E-Cloth Washing Up Pad,G,true,378,https://ecom-su-static-prod.wtrecom.com/images/products/3/LN_843374_BP_3.jpg,https://www.waitrose.com/ecom/products/e-cloth-washing-up-pad/843374-211828-211829,E-Cloth Washing Up Pad,Each,£2.25,£2.25 each,25% Off. Was £3.00,Household
452138,Price's Candle Open Window Jar,G,false,379,https://ecom-su-static-prod.wtrecom.com/images/products/3/LN_452138_BP_3.jpg,https://www.waitrose.com/ecom/products/prices-candle-open-window-jar/452138-131898-131899,Price's Candle Open Window Jar,Each,£5.25,£5.25 each,,Household
887499,Bacofoil Non-Stick Kitchen Foil 5m,G,false,380,https://ecom-su-static-prod.wtrecom.com/images/products/3/LN_887499_BP_3.jpg,https://www.waitrose.com/ecom/products/bacofoil-non-stick-kitchen-foil-5m/887499-653229-653230,Bacofoil Non-Stick Kitchen Foil 5m,each,£4.40,£4.40 each,,Household
651282,Persil Non Bio Laundry Washing Tablets 20W,G,false,381,https://ecom-su-static-prod.wtrecom.com/images/products/3/LN_651282_BP_3.jpg,https://www.waitrose.com/ecom/products/persil-non-bio-laundry-washing-tablets-20w/651282-132012-132013,Persil Non Bio Laundry Washing Tablets 20W,1.2kg,£5.80,£4.84/kg,,Household
803992,Fairy Platinum Plus Dishwasher Tablets Lemon 29,G,false,382,https://ecom-su-static-prod.wtrecom.com/images/products/3/LN_803992_BP_3.jpg,https://www.waitrose.com/ecom/products/fairy-platinum-plus-dishwasher-tablets-lemon-29/803992-711849-711850,Fairy Platinum Plus Dishwasher Tablets Lemon 29,29s,£10.50,36.2p each,,Household
720397,Mr Muscle Citrus Platinum Kitchen,G,false,383,https://ecom-su-static-prod.wtrecom.com/images/products/3/LN_720397_BP_3.jpg,https://www.waitrose.com/ecom/products/mr-muscle-citrus-platinum-kitchen/720397-688651-688652,Mr Muscle Citrus Platinum Kitchen,750ml,£3.00,£4/litre,,Household
817399,Viakal Limescale Remover Toilet Gel,G,false,384,https://ecom-su-static-prod.wtrecom.com/images/products/3/LN_817399_BP_3.jpg,https://www.waitrose.com/ecom/products/viakal-limescale-remover-toilet-gel/817399-813314-813315,Viakal Limescale Remover Toilet Gel,1Each,£2.00,£2 each,,Household
584657,Spontex Handy Cloth Roll,G,false,385,https://ecom-su-static-prod.wtrecom.com/images/products/3/LN_584657_BP_3.jpg,https://www.waitrose.com/ecom/products/spontex-handy-cloth-roll/584657-665929-665930,Spontex Handy Cloth Roll,40s,£4.00,10p each,,Household
552074,Fairy Outdoorable Fabric Conditioner,G,false,386,https://ecom-su-static-prod.wtrecom.com/images/products/3/LN_552074_BP_3.jpg,https://www.waitrose.com/ecom/products/fairy-outdoorable-fabric-conditioner/552074-803178-803179,Fairy Outdoorable Fabric Conditioner,1.064Litre,£6.50,£6.11/litre,,Household
772139,Lenor In-Wash Scent Booster Spring Awakening,G,false,387,https://ecom-su-static-prod.wtrecom.com/images/products/3/LN_772139_BP_3.jpg,https://www.waitrose.com/ecom/products/lenor-in-wash-scent-booster-spring-awakening/772139-705530-705531,Lenor In-Wash Scent Booster Spring Awakening,176g,£5.00,£28.41/kg,,Household
723178,Persil 3 in 1 Bio Laundry Washing Capsules,G,true,388,https://ecom-su-static-prod.wtrecom.com/images/products/3/LN_723178_BP_3.jpg,https://www.waitrose.com/ecom/products/persil-3-in-1-bio-laundry-washing-capsules/723178-728746-728747,Persil 3 in 1 Bio Laundry Washing Capsules,36s,£7.00,19.4p each,save £1.50. Was £8.50,Household
817410,Flash Duster Dust Magnet Trap & Lock Refills,G,true,389,https://ecom-su-static-prod.wtrecom.com/images/products/3/LN_817410_BP_3.jpg,https://www.waitrose.com/ecom/products/flash-duster-dust-magnet-trap-lock-refills/817410-824191-824192,Flash Duster Dust Magnet Trap & Lock Refills,5Each,£3.00,60p each,Save 1/3. Was £4.50,Household
040769,Duracell Plus AAA Alkaline,G,true,390,https://ecom-su-static-prod.wtrecom.com/images/products/3/LN_040769_BP_3.jpg,https://www.waitrose.com/ecom/products/duracell-plus-aaa-alkaline/040769-20136-20137,Duracell Plus AAA Alkaline,8s,£6.50,81.3p each,save £2.00. Was £8.50,Household
528330,Waitrose Extra Strong Tall Bin Liners,G,false,391,https://ecom-su-static-prod.wtrecom.com/images/products/3/LN_528330_BP_3.jpg,https://www.waitrose.com/ecom/products/waitrose-extra-strong-tall-bin-liners/528330-795080-795081,Waitrose Extra Strong Tall Bin Liners,30s,£5.50,18.3p each,,Household
890538,Waitrose Essential 15m Baking & Greaseproof Paper,G,false,392,https://ecom-su-static-prod.wtrecom.com/images/products/3/LN_890538_BP_3.jpg,https://www.waitrose.com/ecom/products/waitrose-essential-15m-baking-greaseproof-paper/890538-827491-827492,Waitrose Essential 15m Baking & Greaseproof Paper,each,£2.40,£2.40 each,,Household
761109,Calgon 4 in 1 Washing Machine Cleaner Limescale Tablets,G,false,393,https://ecom-su-static-prod.wtrecom.com/images/products/3/LN_761109_BP_3.jpg,https://www.waitrose.com/ecom/products/calgon-4-in-1-washing-machine-cleaner-limescale-tablets/761109-803224-803225,Calgon 4 in 1 Washing Machine Cleaner Limescale Tablets,15s,£9.50,63.3p each,,Household
414936,Fairy Non-Biological Washing Liquid Pods 25W,G,false,394,https://ecom-su-static-prod.wtrecom.com/images/products/3/LN_414936_BP_3.jpg,https://www.waitrose.com/ecom/products/fairy-non-biological-washing-liquid-pods-25w/414936-58380-58381,Fairy Non-Biological Washing Liquid Pods 25W,25Each,£7.50,30p each,,Household
845739,Waitrose Drawstring Storage Bags,G,false,395,https://ecom-su-static-prod.wtrecom.com/images/products/3/LN_845739_BP_3.jpg,https://www.waitrose.com/ecom/products/waitrose-drawstring-storage-bags/845739-795176-795177,Waitrose Drawstring Storage Bags,10s,£3.00,30p each,,Household
709988,Febreze Air Mist Blossom & Breeze,G,true,396,https://ecom-su-static-prod.wtrecom.com/images/products/3/LN_709988_BP_3.jpg,https://www.waitrose.com/ecom/products/febreze-air-mist-blossom-breeze/709988-818862-818863,Febreze Air Mist Blossom & Breeze,185ml,£3.50,£1.90/100ml,Add 2 for £5,Household
679798,Cillit Bang Black Mould Remover Power Cleaner Spray,G,true,397,https://ecom-su-static-prod.wtrecom.com/images/products/3/LN_679798_BP_3.jpg,https://www.waitrose.com/ecom/products/cillit-bang-black-mould-remover-power-cleaner-spray/679798-778624-778625,Cillit Bang Black Mould Remover Power Cleaner Spray,750ml,£4.00,£5.34/litre,save £1.00. Was £5.00,Household
497944,Price's Candle Chef's Kitchen Jar,G,false,398,https://ecom-su-static-prod.wtrecom.com/images/products/3/LN_497944_BP_3.jpg,https://www.waitrose.com/ecom/products/prices-candle-chefs-kitchen-jar/497944-131926-131927,Price's Candle Chef's Kitchen Jar,Each,£5.25,£5.25 each,,Household
836292,Lenor Spring Awakening Fabric Conditioner,G,false,399,https://ecom-su-static-prod.wtrecom.com/images/products/3/LN_836292_BP_3.jpg,https://www.waitrose.com/ecom/products/lenor-spring-awakening-fabric-conditioner/836292-720351-720352,Lenor Spring Awakening Fabric Conditioner,1.815litre,£5.25,£2.90/litre,,Household
584384,Ecover Colour Washing Liquid 40w,G,true,400,https://ecom-su-static-prod.wtrecom.com/images/products/3/LN_584384_BP_3.jpg,https://www.waitrose.com/ecom/products/ecover-colour-washing-liquid-40w/584384-522494-522495,Ecover Colour Washing Liquid 40w,1.43litre,£7.00,£4.90/litre,Save 1/3. Was £10.50,Household
021084,Vileda Supermocio 3 Action Refill,G,false,401,https://ecom-su-static-prod.wtrecom.com/images/products/3/LN_021084_BP_3.jpg,https://www.waitrose.com/ecom/products/vileda-supermocio-3-action-refill/021084-10265-10266,Vileda Supermocio 3 Action Refill,Each,£4.75,£4.75 each,,Household
818957,Essential Microfibre Cloths,G,false,402,https://ecom-su-static-prod.wtrecom.com/images/products/3/LN_818957_BP_3.jpg,https://www.waitrose.com/ecom/products/essential-microfibre-cloths/818957-784080-784081,Essential Microfibre Cloths,3s,£2.75,91.7p each,,Household
072204,Mr Muscle Drain Foamer,G,true,403,https://ecom-su-static-prod.wtrecom.com/images/products/3/LN_072204_BP_3.jpg,https://www.waitrose.com/ecom/products/mr-muscle-drain-foamer/072204-36659-36660,Mr Muscle Drain Foamer,500ml,£3.00,£6/litre,save £1.20. Was £4.20,Household
084042,Bacofoil Small Portion Trays & Lids,G,false,404,https://ecom-su-static-prod.wtrecom.com/images/products/3/LN_084042_BP_3.jpg,https://www.waitrose.com/ecom/products/bacofoil-small-portion-trays-lids/084042-42668-42669,Bacofoil Small Portion Trays & Lids,6s,£2.80,46.7p each,,Household
583506,Comfort Ultimate Care Coco Fabric Conditioner 58W,G,false,405,https://ecom-su-static-prod.wtrecom.com/images/products/3/LN_583506_BP_3.jpg,https://www.waitrose.com/ecom/products/comfort-ultimate-care-coco-fabric-conditioner-58w/583506-720193-720194,Comfort Ultimate Care Coco Fabric Conditioner 58W,870ml,£5.25,£6.04/litre,,Household
524235,Flash Spray.Wipe.Done. Bathroom Cleaning,G,true,406,https://ecom-su-static-prod.wtrecom.com/images/products/3/LN_524235_BP_3.jpg,https://www.waitrose.com/ecom/products/flash-spraywipedone-bathroom-cleaning/524235-783880-783881,Flash Spray.Wipe.Done. Bathroom Cleaning,800ml,£2.50,£3.13/litre,25% Off. Was £3.35,Household
473228,Domestos Power Foam Toilet & Bathroom Cleaner Citrus Blast,G,false,407,https://ecom-su-static-prod.wtrecom.com/images/products/3/LN_473228_BP_3.jpg,https://www.waitrose.com/ecom/products/domestos-power-foam-toilet-bathroom-cleaner-citrus-blast/473228-803290-803291,Domestos Power Foam Toilet & Bathroom Cleaner Citrus Blast,450ml,£3.15,70p/100ml,,Household
808118,Surf Peony & Rose Laundry Liquid 24W,G,true,408,https://ecom-su-static-prod.wtrecom.com/images/products/3/LN_808118_BP_3.jpg,https://www.waitrose.com/ecom/products/surf-peony-rose-laundry-liquid-24w/808118-815383-815384,Surf Peony & Rose Laundry Liquid 24W,648ml,£3.25,£5.02/litre,save 45p. Was £3.70,Household
549321,Spontex Disposable Gloves 20s,G,false,409,https://ecom-su-static-prod.wtrecom.com/images/products/3/LN_549321_BP_3.jpg,https://www.waitrose.com/ecom/products/spontex-disposable-gloves-20s/549321-803316-803317,Spontex Disposable Gloves 20s,20Each,£4.00,20p each,,Household
784085,Febreze Air Mist Spring Awakening,G,true,410,https://ecom-su-static-prod.wtrecom.com/images/products/3/LN_784085_BP_3.jpg,https://www.waitrose.com/ecom/products/febreze-air-mist-spring-awakening/784085-819001-819002,Febreze Air Mist Spring Awakening,185ml,£3.50,£1.90/100ml,Add 2 for £5,Household
538043,Spontex Microfibre Collection Cloths,G,true,411,https://ecom-su-static-prod.wtrecom.com/images/products/3/LN_538043_BP_3.jpg,https://www.waitrose.com/ecom/products/spontex-microfibre-collection-cloths/538043-762360-762361,Spontex Microfibre Collection Cloths,8s,£4.00,50p each,save £1.50. Was £5.50,Household
790548,Duck Fresh Discs Marine Refills,G,false,412,https://ecom-su-static-prod.wtrecom.com/images/products/3/LN_790548_BP_3.jpg,https://www.waitrose.com/ecom/products/duck-fresh-discs-marine-refills/790548-688690-688691,Duck Fresh Discs Marine Refills,2x36ml,£5.25,£7.30/100ml,,Household
014539,Essential Dishwasher Powder Citrus,G,false,413,https://ecom-su-static-prod.wtrecom.com/images/products/3/LN_014539_BP_3.jpg,https://www.waitrose.com/ecom/products/essential-dishwasher-powder-citrus/014539-6980-6981,Essential Dishwasher Powder Citrus,1kg,£3.75,£3.75/kg,,Household
759506,Ecover Rose Fabric Softener 47w,G,true,414,https://ecom-su-static-prod.wtrecom.com/images/products/3/LN_759506_BP_3.jpg,https://www.waitrose.com/ecom/products/ecover-rose-fabric-softener-47w/759506-625260-625261,Ecover Rose Fabric Softener 47w,1.43litre,£3.50,£2.45/litre,Save 1/3. Was £5.25,Household
895264,essential Waitrose Bio Capsules 30w,G,false,415,https://ecom-su-static-prod.wtrecom.com/images/products/3/LN_895264_BP_3.jpg,https://www.waitrose.com/ecom/products/essential-waitrose-bio-capsules-30w/895264-825942-825943,essential Waitrose Bio Capsules 30w,556.9g,£5.00,£8.98/kg,,Household
776778,Essential Kitchen Wipes,G,false,416,https://ecom-su-static-prod.wtrecom.com/images/products/3/LN_776778_BP_3.jpg,https://www.waitrose.com/ecom/products/essential-kitchen-wipes/776778-720305-720306,Essential Kitchen Wipes,36s,£1.10,3.1p each,,Household
537972,INEOS Antibac Multi-Room Wipes Rhubarb + Pomegranate,G,true,417,https://ecom-su-static-prod.wtrecom.com/images/products/3/LN_537972_BP_3.jpg,https://www.waitrose.com/ecom/products/ineos-antibac-multi-room-wipes-rhubarb-pomegranate/537972-824111-824112,INEOS Antibac Multi-Room Wipes Rhubarb + Pomegranate,60Each,£1.65,2.8p each,Half Price. Was £3.30,Household
729388,Fairy Original Washing Up Liquid Lemon,G,false,418,https://ecom-su-static-prod.wtrecom.com/images/products/3/LN_729388_BP_3.jpg,https://www.waitrose.com/ecom/products/fairy-original-washing-up-liquid-lemon/729388-825874-825875,Fairy Original Washing Up Liquid Lemon,654ml,£2.25,,,Household
555925,Waitrose Compostable Garden Refuse Sacks,G,false,419,https://ecom-su-static-prod.wtrecom.com/images/products/3/LN_555925_BP_3.jpg,https://www.waitrose.com/ecom/products/waitrose-compostable-garden-refuse-sacks/555925-549984-549985,Waitrose Compostable Garden Refuse Sacks,6s,£2.60,43.3p each,,Household
795358,Glade Aerosol Clean Linen,G,true,420,https://ecom-su-static-prod.wtrecom.com/images/products/3/LN_795358_BP_3.jpg,https://www.waitrose.com/ecom/products/glade-aerosol-clean-linen/795358-795824-795825,Glade Aerosol Clean Linen,300ml,£2.25,75p/100ml,Add 2 for £3,Household
533969,Ecover Bathroom Surface Cleaner,G,false,421,https://ecom-su-static-prod.wtrecom.com/images/products/3/LN_533969_BP_3.jpg,https://www.waitrose.com/ecom/products/ecover-bathroom-surface-cleaner/533969-762352-762353,Ecover Bathroom Surface Cleaner,500ml,£2.65,£5.30/litre,,Household
712499,Ariel Excel Gel Colour Washing Liquid Gel,G,false,422,https://ecom-su-static-prod.wtrecom.com/images/products/3/LN_712499_BP_3.jpg,https://www.waitrose.com/ecom/products/ariel-excel-gel-colour-washing-liquid-gel/712499-101265-101266,Ariel Excel Gel Colour Washing Liquid Gel,858ml,£7.25,£8.45/litre,,Household
871089,Dr. Beckmann Service-It Washing Machine Cleaner,G,false,423,https://ecom-su-static-prod.wtrecom.com/images/products/3/LN_871089_BP_3.jpg,https://www.waitrose.com/ecom/products/dr-beckmann-service-it-washing-machine-cleaner/871089-778484-778485,Dr. Beckmann Service-It Washing Machine Cleaner,250ml,£3.90,£15.60/litre,,Household
073264,Ecover Rinse Aid,G,false,424,https://ecom-su-static-prod.wtrecom.com/images/products/3/LN_073264_BP_3.jpg,https://www.waitrose.com/ecom/products/ecover-rinse-aid/073264-37168-37169,Ecover Rinse Aid,450ml,£4.75,£10.56/litre,,Household
042217,Cif Perfect Finish Spray Stainless Steel Cleaner Spray,G,true,425,https://ecom-su-static-prod.wtrecom.com/images/products/3/LN_042217_BP_3.jpg,https://www.waitrose.com/ecom/products/cif-perfect-finish-spray-stainless-steel-cleaner-spray/042217-20904-20905,Cif Perfect Finish Spray Stainless Steel Cleaner Spray,435ml,£2.50,£5.75/litre,save £1.20. Was £3.70,Household
505796,Waitrose Fabric Conditioner Gentle,G,false,426,https://ecom-su-static-prod.wtrecom.com/images/products/3/LN_505796_BP_3.jpg,https://www.waitrose.com/ecom/products/waitrose-fabric-conditioner-gentle/505796-815121-815122,Waitrose Fabric Conditioner Gentle,1500 ml,£2.95,,,Household
816210,Waitrose 30M Extra Strong Foil,G,false,427,https://ecom-su-static-prod.wtrecom.com/images/products/3/LN_816210_BP_3.jpg,https://www.waitrose.com/ecom/products/waitrose-30m-extra-strong-foil/816210-815974-815975,Waitrose 30M Extra Strong Foil,1Each,£4.80,£4.80 each,,Household
678376,Method All Purpose Cleaner Peach,G,false,428,https://ecom-su-static-prod.wtrecom.com/images/products/3/LN_678376_BP_3.jpg,https://www.waitrose.com/ecom/products/method-all-purpose-cleaner-peach/678376-753028-753029,Method All Purpose Cleaner Peach,828ml,£4.00,£4.84/litre,,Household
423220,Ariel Colour All-in-1 Pods Washing Capsules,G,false,429,https://ecom-su-static-prod.wtrecom.com/images/products/3/LN_423220_BP_3.jpg,https://www.waitrose.com/ecom/products/ariel-colour-all-in-1-pods-washing-capsules/423220-752851-752852,Ariel Colour All-in-1 Pods Washing Capsules,51Each,£14.75,28.9p each,,Household
623214,Ecover Limescale Remover,G,false,430,https://ecom-su-static-prod.wtrecom.com/images/products/3/LN_623214_BP_3.jpg,https://www.waitrose.com/ecom/products/ecover-limescale-remover/623214-762414-762415,Ecover Limescale Remover,500ml,£3.50,£7/litre,,Household
873925,Ariel 3in1 Colour Pods Washing Capsules 33W,G,true,431,https://ecom-su-static-prod.wtrecom.com/images/products/3/LN_873925_BP_3.jpg,https://www.waitrose.com/ecom/products/ariel-3in1-colour-pods-washing-capsules-33w/873925-271291-271292,Ariel 3in1 Colour Pods Washing Capsules 33W,33Each,£7.50,22.7p each,25% Off. Was £10.00,Household
895786,Bloo Wellness Harmony Rim Block,G,false,432,https://ecom-su-static-prod.wtrecom.com/images/products/3/LN_895786_BP_3.jpg,https://www.waitrose.com/ecom/products/bloo-wellness-harmony-rim-block/895786-803436-803437,Bloo Wellness Harmony Rim Block,1Each,£2.65,£2.65 each,,Household
873292,Fairy In-Wash Scent Booster,G,true,433,https://ecom-su-static-prod.wtrecom.com/images/products/3/LN_873292_BP_3.jpg,https://www.waitrose.com/ecom/products/fairy-in-wash-scent-booster/873292-785854-785855,Fairy In-Wash Scent Booster,320g,£5.00,£15.63/kg,Save 1/3. Was £7.50,Household
762099,Plenty The Extra Big One,G,false,434,https://ecom-su-static-prod.wtrecom.com/images/products/3/LN_762099_BP_3.jpg,https://www.waitrose.com/ecom/products/plenty-the-extra-big-one/762099-151623-151624,Plenty The Extra Big One,100 sheets,£3.75,£3.75/100 sheets,,Household
824988,Waitrose Fabric Conditioner Summer Sun,G,false,435,https://ecom-su-static-prod.wtrecom.com/images/products/3/LN_824988_BP_3.jpg,https://www.waitrose.com/ecom/products/waitrose-fabric-conditioner-summer-sun/824988-815152-815153,Waitrose Fabric Conditioner Summer Sun,1500 ml,£2.95,,,Household
657343,Marigold Extra Life Kitchen Gloves Small,G,true,436,https://ecom-su-static-prod.wtrecom.com/images/products/3/LN_657343_BP_3.jpg,https://www.waitrose.com/ecom/products/marigold-extra-life-kitchen-gloves-small/657343-795120-795121,Marigold Extra Life Kitchen Gloves Small,pair,£2.60,£2.60 each,20% Off. Was £3.25,Household
855600,Finish In-Wash Dishwasher Cleaner Original,G,true,437,https://ecom-su-static-prod.wtrecom.com/images/products/3/LN_855600_BP_3.jpg,https://www.waitrose.com/ecom/products/finish-in-wash-dishwasher-cleaner-original/855600-691287-691288,Finish In-Wash Dishwasher Cleaner Original,3x17g,£4.75,£93.14/kg,Save 1/3. Was £7.35,Household
813893,Dettol Antibacterial Laundry Sanitiser Cotton,G,false,438,https://ecom-su-static-prod.wtrecom.com/images/products/3/LN_813893_BP_3.jpg,https://www.waitrose.com/ecom/products/dettol-antibacterial-laundry-sanitiser-cotton/813893-718301-718302,Dettol Antibacterial Laundry Sanitiser Cotton,2.5litre,£7.90,£3.16/litre,,Household
495691,Dishmatic General Purpose Refills,G,false,439,https://ecom-su-static-prod.wtrecom.com/images/products/3/LN_495691_BP_3.jpg,https://www.waitrose.com/ecom/products/dishmatic-general-purpose-refills/495691-795064-795065,Dishmatic General Purpose Refills,4s,£2.45,61.3p each,,Household
801074,Who Gives A Crap Premium Bamboo Toilet Paper,G,true,440,https://ecom-su-static-prod.wtrecom.com/images/products/3/LN_801074_BP_3.jpg,https://www.waitrose.com/ecom/products/who-gives-a-crap-premium-bamboo-toilet-paper/801074-805062-805063,Who Gives A Crap Premium Bamboo Toilet Paper,1440Sheet,£4.40,30.6p/100 sheets,20% Off. Was £5.50,Household
504139,Fairy Platinum Dishwasher Tablets Lemon 32,G,true,441,https://ecom-su-static-prod.wtrecom.com/images/products/3/LN_504139_BP_3.jpg,https://www.waitrose.com/ecom/products/fairy-platinum-dishwasher-tablets-lemon-32/504139-778262-778263,Fairy Platinum Dishwasher Tablets Lemon 32,32s,£7.00,21.9p each,Save 1/3. Was £10.50,Household
069326,Stergene Gentle Care,G,false,442,https://ecom-su-static-prod.wtrecom.com/images/products/3/LN_069326_BP_3.jpg,https://www.waitrose.com/ecom/products/stergene-gentle-care/069326-35155-35156,Stergene Gentle Care,500ml,£3.15,£6.30/litre,,Household
667858,Price's Lavender & Lemongrass Candle,G,false,443,https://ecom-su-static-prod.wtrecom.com/images/products/3/LN_667858_BP_3.jpg,https://www.waitrose.com/ecom/products/prices-lavender-lemongrass-candle/667858-818780-818781,Price's Lavender & Lemongrass Candle,150g,£5.25,£3.50/100g,,Household
827321,Vanish Gold Oxi Action Laundry Stain Remover Colours Gel,G,true,444,https://ecom-su-static-prod.wtrecom.com/images/products/3/LN_827321_BP_3.jpg,https://www.waitrose.com/ecom/products/vanish-gold-oxi-action-laundry-stain-remover-colours-gel/827321-684385-684386,Vanish Gold Oxi Action Laundry Stain Remover Colours Gel,750ml,£4.50,£6/litre,Save 1/3. Was £6.85,Household
610158,Surcare Laundry Powder Non Bio 25 washes,G,false,445,https://ecom-su-static-prod.wtrecom.com/images/products/3/LN_610158_BP_3.jpg,https://www.waitrose.com/ecom/products/surcare-laundry-powder-non-bio-25-washes/610158-86558-86559,Surcare Laundry Powder Non Bio 25 washes,1.625kg,£6.85,£4.22/kg,,Household
569837,Bold All-in-1 Lavender Washing Capsules,G,false,446,https://ecom-su-static-prod.wtrecom.com/images/products/3/LN_569837_BP_3.jpg,https://www.waitrose.com/ecom/products/bold-all-in-1-lavender-washing-capsules/569837-752967-752968,Bold All-in-1 Lavender Washing Capsules,51s,£14.75,28.9p each,,Household
605818,Vanish Gold Carpet & Upholstery Cleaner Foam,G,false,447,https://ecom-su-static-prod.wtrecom.com/images/products/3/LN_605818_BP_3.jpg,https://www.waitrose.com/ecom/products/vanish-gold-carpet-upholstery-cleaner-foam/605818-489091-489092,Vanish Gold Carpet & Upholstery Cleaner Foam,600ml,£8.00,£13.34/litre,,Household
736706,If You Care Paper Snack & Sandwich Bags,G,true,448,https://ecom-su-static-prod.wtrecom.com/images/products/3/LN_736706_BP_3.jpg,https://www.waitrose.com/ecom/products/if-you-care-paper-snack-sandwich-bags/736706-675947-675948,If You Care Paper Snack & Sandwich Bags,48s,£5.00,10.4p each,save £1.25. Was £6.25,Household
517107,Surf Winter Indulgence Liquid,G,true,449,https://ecom-su-static-prod.wtrecom.com/images/products/3/LN_517107_BP_3.jpg,https://www.waitrose.com/ecom/products/surf-winter-indulgence-liquid/517107-350896-350897,Surf Winter Indulgence Liquid,648ml,£3.25,£5.02/litre,save 45p. Was £3.70,Household
588370,Waitrose Dark Clothing Laundry Liquid 20w,G,false,450,https://ecom-su-static-prod.wtrecom.com/images/products/3/LN_588370_BP_3.jpg,https://www.waitrose.com/ecom/products/waitrose-dark-clothing-laundry-liquid-20w/588370-815269-815270,Waitrose Dark Clothing Laundry Liquid 20w,700ml,£3.75,£5.36/litre,,Household
710716,Viakal Classic Bathroom Limescale Remover Spray,G,true,451,https://ecom-su-static-prod.wtrecom.com/images/products/3/LN_710716_BP_3.jpg,https://www.waitrose.com/ecom/products/viakal-classic-bathroom-limescale-remover-spray/710716-824165-824166,Viakal Classic Bathroom Limescale Remover Spray,750ml,£4.00,£5.34/litre,Save 1/3. Was £6.00,Household
064699,Oust Outdoor Scent Aerosol,G,false,452,https://ecom-su-static-prod.wtrecom.com/images/products/3/LN_064699_BP_3.jpg,https://www.waitrose.com/ecom/products/oust-outdoor-scent-aerosol/064699-32832-32833,Oust Outdoor Scent Aerosol,300ml,£2.25,75p/100ml,,Household
785273,Domestos Power Fresh Toilet Gel Floral Fresh,G,true,453,https://ecom-su-static-prod.wtrecom.com/images/products/3/LN_785273_BP_3.jpg,https://www.waitrose.com/ecom/products/domestos-power-fresh-toilet-gel-floral-fresh/785273-803382-803383,Domestos Power Fresh Toilet Gel Floral Fresh,750ml,£1.40,18.7p/100ml,save 80p. Was £2.20,Household
774420,Dettol Mould & Mildew Remover,G,false,454,https://ecom-su-static-prod.wtrecom.com/images/products/3/LN_774420_BP_3.jpg,https://www.waitrose.com/ecom/products/dettol-mould-mildew-remover/774420-778680-778681,Dettol Mould & Mildew Remover,750ml,£4.00,£5.34/litre,,Household
865562,Waitrose Colour Bio Laundry Powder 27w,G,false,455,https://ecom-su-static-prod.wtrecom.com/images/products/3/LN_865562_BP_3.jpg,https://www.waitrose.com/ecom/products/waitrose-colour-bio-laundry-powder-27w/865562-815448-815449,Waitrose Colour Bio Laundry Powder 27w,1.35Kg,£3.30,£2.45/kg,,Household
832351,Febreze 3Volution Air Freshener Refill Cotton,G,true,456,https://ecom-su-static-prod.wtrecom.com/images/products/3/LN_832351_BP_3.jpg,https://www.waitrose.com/ecom/products/febreze-3volution-air-freshener-refill-cotton/832351-255657-255658,Febreze 3Volution Air Freshener Refill Cotton,20ml,£5.00,£25/100ml,Add 2 for £7,Household
458426,Domestos Power Foam Floral Burst,G,false,457,https://ecom-su-static-prod.wtrecom.com/images/products/3/LN_458426_BP_3.jpg,https://www.waitrose.com/ecom/products/domestos-power-foam-floral-burst/458426-824095-824096,Domestos Power Foam Floral Burst,450ml,£3.15,£7/litre,,Household
577536,Essential Stain Remover Powder White,G,false,458,https://ecom-su-static-prod.wtrecom.com/images/products/3/LN_577536_BP_3.jpg,https://www.waitrose.com/ecom/products/essential-stain-remover-powder-white/577536-815262-815263,Essential Stain Remover Powder White,1Kg,£3.25,£3.25/kg,,Household
753995,Spontex Comfortable Latex Gloves,G,true,459,https://ecom-su-static-prod.wtrecom.com/images/products/3/LN_753995_BP_3.jpg,https://www.waitrose.com/ecom/products/spontex-comfortable-latex-gloves/753995-778668-778669,Spontex Comfortable Latex Gloves,pair,£4.00,£4 each,save £2.25. Was £6.25,Household
742283,Surf Tropical Lily & Ylang-Ylang Laundry Powder 45W,G,false,460,https://ecom-su-static-prod.wtrecom.com/images/products/3/LN_742283_BP_3.jpg,https://www.waitrose.com/ecom/products/surf-tropical-lily-ylang-ylang-laundry-powder-45w/742283-717747-717748,Surf Tropical Lily & Ylang-Ylang Laundry Powder 45W,2250g,£8.00,£3.56/kg,,Household
710688,Delphis Eco Toilet Cleaner,G,true,461,https://ecom-su-static-prod.wtrecom.com/images/products/3/LN_710688_BP_3.jpg,https://www.waitrose.com/ecom/products/delphis-eco-toilet-cleaner/710688-753056-753057,Delphis Eco Toilet Cleaner,750ml,£2.40,32p/100ml,20% Off. Was £3.00,Household
805979,Bloo Original 2in1 Toilet Block Coloured Water,G,false,462,https://ecom-su-static-prod.wtrecom.com/images/products/3/LN_805979_BP_3.jpg,https://www.waitrose.com/ecom/products/bloo-original-2in1-toilet-block-coloured-water/805979-824185-824186,Bloo Original 2in1 Toilet Block Coloured Water,2x50g,£2.50,£25/kg,,Household
792652,Duck Fresh Brush Refill,G,true,463,https://ecom-su-static-prod.wtrecom.com/images/products/3/LN_792652_BP_3.jpg,https://www.waitrose.com/ecom/products/duck-fresh-brush-refill/792652-813310-813311,Duck Fresh Brush Refill,1Each,£3.00,£3 each,save 50p. Was £3.50,Household
882404,Bacofoil 2 Oventray,G,false,464,https://ecom-su-static-prod.wtrecom.com/images/products/3/LN_882404_BP_3.jpg,https://www.waitrose.com/ecom/products/bacofoil-2-oventray/882404-413121-413122,Bacofoil 2 Oventray,each,£2.75,£2.75 each,,Household
632534,Vanish Gold Oxi Action Laundry Stain Remover Powder White Extra Large Pack,G,true,465,https://ecom-su-static-prod.wtrecom.com/images/products/3/LN_632534_BP_3.jpg,https://www.waitrose.com/ecom/products/vanish-gold-oxi-action-laundry-stain-remover-powder-white-extra-large-pack/632534-803196-803197,Vanish Gold Oxi Action Laundry Stain Remover Powder White Extra Large Pack,1.9kg,£11.50,£6.06/kg,save £6.50. Was £18.00,Household
651483,Fairy Natural Scent Lavender Washing Up Liquid,G,false,466,https://ecom-su-static-prod.wtrecom.com/images/products/3/LN_651483_BP_3.jpg,https://www.waitrose.com/ecom/products/fairy-natural-scent-lavender-washing-up-liquid/651483-803204-803205,Fairy Natural Scent Lavender Washing Up Liquid,640ml,£4.00,£6.25/litre,,Household
599893,Spontex Long Lasting Kitchen Cloths,G,false,467,https://ecom-su-static-prod.wtrecom.com/images/products/3/LN_599893_BP_3.jpg,https://www.waitrose.com/ecom/products/spontex-long-lasting-kitchen-cloths/599893-85043-85044,Spontex Long Lasting Kitchen Cloths,2s,£3.75,£1.88 each,,Household
494799,Flash Spray.Wipe.Done. Antibac Cleaning Spray,G,false,468,https://ecom-su-static-prod.wtrecom.com/images/products/3/LN_494799_BP_3.jpg,https://www.waitrose.com/ecom/products/flash-spraywipedone-antibac-cleaning-spray/494799-752909-752910,Flash Spray.Wipe.Done. Antibac Cleaning Spray,800ml,£3.35,£4.19/litre,,Household
858583,Energizer Max AA LR6 1.5v,G,true,469,https://ecom-su-static-prod.wtrecom.com/images/products/3/LN_858583_BP_3.jpg,https://www.waitrose.com/ecom/products/energizer-max-aa-lr6-15v/858583-731394-731395,Energizer Max AA LR6 1.5v,8s,£5.00,62.5p each,save £3.00. Was £8.00,Household
801997,Acana Moth Killer Sachet For Drawers,G,true,470,https://ecom-su-static-prod.wtrecom.com/images/products/3/LN_801997_BP_3.jpg,https://www.waitrose.com/ecom/products/acana-moth-killer-sachet-for-drawers/801997-795164-795165,Acana Moth Killer Sachet For Drawers,20s,£6.00,30p each,Add 2 get 2nd half price Cheaper Item Half Price,Household
771597,Duck Foaming Bleach Marine,G,false,471,https://ecom-su-static-prod.wtrecom.com/images/products/3/LN_771597_BP_3.jpg,https://www.waitrose.com/ecom/products/duck-foaming-bleach-marine/771597-803378-803379,Duck Foaming Bleach Marine,750ml,£2.50,33.3p/100ml,,Household
437721,Bold 2 in 1 Lavender & Camomile Washing Liquid Gel,G,true,472,https://ecom-su-static-prod.wtrecom.com/images/products/3/LN_437721_BP_3.jpg,https://www.waitrose.com/ecom/products/bold-2-in-1-lavender-camomile-washing-liquid-gel/437721-720117-720118,Bold 2 in 1 Lavender & Camomile Washing Liquid Gel,1320ml,£6.48,£4.91/litre,20% Off. Was £8.10,Household
728376,Waitrose Cashmere & Wool Wash Laundry Liquid 20w,G,false,473,https://ecom-su-static-prod.wtrecom.com/images/products/3/LN_728376_BP_3.jpg,https://www.waitrose.com/ecom/products/waitrose-cashmere-wool-wash-laundry-liquid-20w/728376-815342-815343,Waitrose Cashmere & Wool Wash Laundry Liquid 20w,700ml,£3.75,£5.36/litre,,Household
847052,Marigold Bathroom Gloves,G,false,474,https://ecom-su-static-prod.wtrecom.com/images/products/3/LN_847052_BP_3.jpg,https://www.waitrose.com/ecom/products/marigold-bathroom-gloves/847052-653058-653059,Marigold Bathroom Gloves,pair,£3.35,£3.35 each,,Household
628744,Glade Sense & Spray Pure Clean Linen,G,true,475,https://ecom-su-static-prod.wtrecom.com/images/products/3/LN_628744_BP_3.jpg,https://www.waitrose.com/ecom/products/glade-sense-spray-pure-clean-linen/628744-736053-736054,Glade Sense & Spray Pure Clean Linen,18ml,£4.00,£222.23/litre,Better Than Half Price. Was £10.00,Household
648378,Spontex Heavy Duty Heavy Scourer Pads,G,false,476,https://ecom-su-static-prod.wtrecom.com/images/products/3/LN_648378_BP_3.jpg,https://www.waitrose.com/ecom/products/spontex-heavy-duty-heavy-scourer-pads/648378-483205-483206,Spontex Heavy Duty Heavy Scourer Pads,3s,£1.80,60p each,,Household
533911,Method Wild Lavender Liquid 39w,G,false,477,https://ecom-su-static-prod.wtrecom.com/images/products/3/LN_533911_BP_3.jpg,https://www.waitrose.com/ecom/products/method-wild-lavender-liquid-39w/533911-583472-583473,Method Wild Lavender Liquid 39w,1.56litre,£10.00,£6.42/litre,,Household
808330,Method Multi-Surface Pink Grapefruit,G,false,478,https://ecom-su-static-prod.wtrecom.com/images/products/3/LN_808330_BP_3.jpg,https://www.waitrose.com/ecom/products/method-multi-surface-pink-grapefruit/808330-666039-666040,Method Multi-Surface Pink Grapefruit,828ml,£4.00,£4.84/litre,,Household
588241,Fairy In-Wash Scent Booster,G,false,479,https://ecom-su-static-prod.wtrecom.com/images/products/3/LN_588241_BP_3.jpg,https://www.waitrose.com/ecom/products/fairy-in-wash-scent-booster/588241-785724-785725,Fairy In-Wash Scent Booster,176g,£5.00,£28.41/kg,,Household
817083,Finish Ultimate+ Regular Dishwasher Tablets 48W,G,true,480,https://ecom-su-static-prod.wtrecom.com/images/products/3/LN_817083_BP_3.jpg,https://www.waitrose.com/ecom/products/finish-ultimate-regular-dishwasher-tablets-48w/817083-825902-825903,Finish Ultimate+ Regular Dishwasher Tablets 48W,48Each,£9.00,18.8p each,save £6.00. Was £15.00,Household
481896,Homethings Eco Dishwasher Tabs 65W,G,false,481,https://ecom-su-static-prod.wtrecom.com/images/products/3/LN_481896_BP_3.jpg,https://www.waitrose.com/ecom/products/homethings-eco-dishwasher-tabs-65w/481896-803156-803157,Homethings Eco Dishwasher Tabs 65W,65s,£15.00,23.1p each,,Household
868310,Waitrose Delicate Clothing Laundry Liquid 20w,G,false,482,https://ecom-su-static-prod.wtrecom.com/images/products/3/LN_868310_BP_3.jpg,https://www.waitrose.com/ecom/products/waitrose-delicate-clothing-laundry-liquid-20w/868310-815450-815451,Waitrose Delicate Clothing Laundry Liquid 20w,700ml,£3.75,£5.36/litre,,Household
546658,Fairy Laundry Liquid Pods Silk Tree Blossom & Jasmine 29W,G,false,483,https://ecom-su-static-prod.wtrecom.com/images/products/3/LN_546658_BP_3.jpg,https://www.waitrose.com/ecom/products/fairy-laundry-liquid-pods-silk-tree-blossom-jasmine-29w/546658-825087-825088,Fairy Laundry Liquid Pods Silk Tree Blossom & Jasmine 29W,29Each,£9.00,31p each,,Household
842729,Comfort Pure dermatologically tested Fabric Conditioner for sensitive skin,G,true,484,https://ecom-su-static-prod.wtrecom.com/images/products/3/LN_842729_BP_3.jpg,https://www.waitrose.com/ecom/products/comfort-pure-dermatologically-tested-fabric-conditioner-for-sensitive-skin/842729-803254-803255,Comfort Pure dermatologically tested Fabric Conditioner for sensitive skin,1440ml,£3.00,£2.09/litre,save £1.75. Was £4.75,Household
887833,Cif Perfect Finish Oven & Grill Cleaner Spray,G,true,485,https://ecom-su-static-prod.wtrecom.com/images/products/3/LN_887833_BP_3.jpg,https://www.waitrose.com/ecom/products/cif-perfect-finish-oven-grill-cleaner-spray/887833-653233-653234,Cif Perfect Finish Oven & Grill Cleaner Spray,435ml,£2.50,£5.75/litre,save £1.20. Was £3.70,Household
793734,Febreze Fabric Fresheners Spray Blossoms & Breeze,G,true,486,https://ecom-su-static-prod.wtrecom.com/images/products/3/LN_793734_BP_3.jpg,https://www.waitrose.com/ecom/products/febreze-fabric-fresheners-spray-blossoms-breeze/793734-810798-810799,Febreze Fabric Fresheners Spray Blossoms & Breeze,375ml,£3.50,93.3p/100ml,Add 2 for £5,Household
414782,INEOS Antibac Multi-Room Wipes Sea Minerals + Wild Jasmine,G,true,487,https://ecom-su-static-prod.wtrecom.com/images/products/3/LN_414782_BP_3.jpg,https://www.waitrose.com/ecom/products/ineos-antibac-multi-room-wipes-sea-minerals-wild-jasmine/414782-824071-824072,INEOS Antibac Multi-Room Wipes Sea Minerals + Wild Jasmine,60Sheet,£1.65,,Half Price. Was £3.30,Household
841104,Zip Firelighters 30's,G,false,488,https://ecom-su-static-prod.wtrecom.com/images/products/3/LN_841104_BP_3.jpg,https://www.waitrose.com/ecom/products/zip-firelighters-30s/841104-781127-781128,Zip Firelighters 30's,30s,£4.00,13.3p each,,Household
928103,Andrex Ultimate Quilts Vanilla & Sandalwood Toilet Rolls,G,true,489,https://ecom-su-static-prod.wtrecom.com/images/products/3/LN_928103_BP_3.jpg,https://www.waitrose.com/ecom/products/andrex-ultimate-quilts-vanilla-sandalwood-toilet-rolls/928103-827346-827347,Andrex Ultimate Quilts Vanilla & Sandalwood Toilet Rolls,1395Sheet,£5.00,35.8p/100 sheets,Introductory Offer.Will be £6.95,Household
816657,Mr Muscle Mandarin Platinum Bathroom,G,false,490,https://ecom-su-static-prod.wtrecom.com/images/products/3/LN_816657_BP_3.jpg,https://www.waitrose.com/ecom/products/mr-muscle-mandarin-platinum-bathroom/816657-688712-688713,Mr Muscle Mandarin Platinum Bathroom,750ml,£3.00,£4/litre,,Household
688656,Neat Antibac Bathroom Plastic-Free Refill Sage & Mint,G,false,491,https://ecom-su-static-prod.wtrecom.com/images/products/3/LN_688656_BP_3.jpg,https://www.waitrose.com/ecom/products/neat-antibac-bathroom-plastic-free-refill-sage-mint/688656-778628-778629,Neat Antibac Bathroom Plastic-Free Refill Sage & Mint,30ml,£2.65,£8.84/100ml,,Household
980228,Andrex Ultimate Quilts + Aloe Toilet Roll,G,true,492,https://ecom-su-static-prod.wtrecom.com/images/products/3/LN_980228_BP_3.jpg,https://www.waitrose.com/ecom/products/andrex-ultimate-quilts-aloe-toilet-roll/980228-827595-827596,Andrex Ultimate Quilts + Aloe Toilet Roll,1395Sheet,£5.00,35.8p/100 sheets,Introductory Offer.Will be £6.75,Household
640748,Plenty Flexisheets Tubeless Kitchen Towel,G,false,493,https://ecom-su-static-prod.wtrecom.com/images/products/3/LN_640748_BP_3.jpg,https://www.waitrose.com/ecom/products/plenty-flexisheets-tubeless-kitchen-towel/640748-813288-813289,Plenty Flexisheets Tubeless Kitchen Towel,500Sheet,£8.15,£1.63/100 sheets,,Household
453014,INEOS Antibac Multi-Room Wipes Bergamot + Cedarwood,G,true,494,https://ecom-su-static-prod.wtrecom.com/images/products/3/LN_453014_BP_3.jpg,https://www.waitrose.com/ecom/products/ineos-antibac-multi-room-wipes-bergamot-cedarwood/453014-824091-824092,INEOS Antibac Multi-Room Wipes Bergamot + Cedarwood,60Sheet,£1.65,,Half Price. Was £3.30,Household
506511,Flash Kitchen Cleaning Spray Wipe Done Crisp Lemon,G,false,495,https://ecom-su-static-prod.wtrecom.com/images/products/3/LN_506511_BP_3.jpg,https://www.waitrose.com/ecom/products/flash-kitchen-cleaning-spray-wipe-done-crisp-lemon/506511-824101-824102,Flash Kitchen Cleaning Spray Wipe Done Crisp Lemon,800ml,£3.35,£4.19/litre,,Household
896865,Dettol Cleaning Wipes Citrus,G,true,496,https://ecom-su-static-prod.wtrecom.com/images/products/3/LN_896865_BP_3.jpg,https://www.waitrose.com/ecom/products/dettol-cleaning-wipes-citrus/896865-803438-803439,Dettol Cleaning Wipes Citrus,70Sheet,£2.25,32.1p/10 sheets,save £1.95. Was £4.20,Household
663349,Persil Ultimate Active Clean Laundry Washing Capsules,G,false,497,https://ecom-su-static-prod.wtrecom.com/images/products/3/LN_663349_BP_3.jpg,https://www.waitrose.com/ecom/products/persil-ultimate-active-clean-laundry-washing-capsules/663349-825852-825853,Persil Ultimate Active Clean Laundry Washing Capsules,24Each,£7.00,29.2p each,,Household
543857,Bloo Citrus 2in1 Toilet Block Clear Water,G,false,498,https://ecom-su-static-prod.wtrecom.com/images/products/3/LN_543857_BP_3.jpg,https://www.waitrose.com/ecom/products/bloo-citrus-2in1-toilet-block-clear-water/543857-824113-824114,Bloo Citrus 2in1 Toilet Block Clear Water,2x50g,£2.50,£25/kg,,Household
486236,Zoflora Cleaning Wipes Linen Fresh,G,false,499,https://ecom-su-static-prod.wtrecom.com/images/products/3/LN_486236_BP_3.jpg,https://www.waitrose.com/ecom/products/zoflora-cleaning-wipes-linen-fresh/486236-813246-813247,Zoflora Cleaning Wipes Linen Fresh,70Each,£3.00,4.3p each,,Household
417037,Cricket Lighters,G,false,500,https://ecom-su-static-prod.wtrecom.com/images/products/3/LN_417037_BP_3.jpg,https://www.waitrose.com/ecom/products/cricket-lighters/417037-58679-58680,Cricket Lighters,3s,£1.60,53.3p each,,Household
779478,Waitrose Self Seal Ice Cube Bags,G,false,501,https://ecom-su-static-prod.wtrecom.com/images/products/3/LN_779478_BP_3.jpg,https://www.waitrose.com/ecom/products/waitrose-self-seal-ice-cube-bags/779478-795158-795159,Waitrose Self Seal Ice Cube Bags,10s,£1.75,17.5p each,,Household
511202,Febreze 3Volution Air Freshener Refill Blossom Breeze,G,true,502,https://ecom-su-static-prod.wtrecom.com/images/products/3/LN_511202_BP_3.jpg,https://www.waitrose.com/ecom/products/febreze-3volution-air-freshener-refill-blossom-breeze/511202-736027-736028,Febreze 3Volution Air Freshener Refill Blossom Breeze,20ml,£5.00,£25/100ml,Add 2 for £7,Household
538119,Vanish Gold Oxi Action Laundry Stain Remover Whites Gel,G,true,503,https://ecom-su-static-prod.wtrecom.com/images/products/3/LN_538119_BP_3.jpg,https://www.waitrose.com/ecom/products/vanish-gold-oxi-action-laundry-stain-remover-whites-gel/538119-728702-728703,Vanish Gold Oxi Action Laundry Stain Remover Whites Gel,750ml,£4.50,£6/litre,Save 1/3. Was £6.85,Household
431482,Price's Open Window Diffuser,G,true,504,https://ecom-su-static-prod.wtrecom.com/images/products/3/LN_431482_BP_3.jpg,https://www.waitrose.com/ecom/products/prices-open-window-diffuser/431482-311120-311121,Price's Open Window Diffuser,100ml,£6.66,£6.66/100ml,Save 1/3. Was £10.00,Household
703252,Oven Pride Deep Cleaner,G,false,505,https://ecom-su-static-prod.wtrecom.com/images/products/3/LN_703252_BP_3.jpg,https://www.waitrose.com/ecom/products/oven-pride-deep-cleaner/703252-778636-778637,Oven Pride Deep Cleaner,500ml,£4.20,£8.40/litre,,Household
754331,Vanish Gold Carpet & Upholstery Cleaner Spray,G,false,506,https://ecom-su-static-prod.wtrecom.com/images/products/3/LN_754331_BP_3.jpg,https://www.waitrose.com/ecom/products/vanish-gold-carpet-upholstery-cleaner-spray/754331-489891-489892,Vanish Gold Carpet & Upholstery Cleaner Spray,500ml,£6.55,£13.10/litre,,Household
667838,Domestos Power Fresh Toilet Gel Lime Fresh,G,true,507,https://ecom-su-static-prod.wtrecom.com/images/products/3/LN_667838_BP_3.jpg,https://www.waitrose.com/ecom/products/domestos-power-fresh-toilet-gel-lime-fresh/667838-803358-803359,Domestos Power Fresh Toilet Gel Lime Fresh,750ml,£1.40,18.7p/100ml,save 80p. Was £2.20,Household
480072,Harpic Powerplus Pine Tabs,G,true,508,https://ecom-su-static-prod.wtrecom.com/images/products/3/LN_480072_BP_3.jpg,https://www.waitrose.com/ecom/products/harpic-powerplus-pine-tabs/480072-820794-820795,Harpic Powerplus Pine Tabs,6Each,£3.00,50p each,save 50p. Was £3.50,Household
570747,Glade Aerosol Vanilla,G,true,509,https://ecom-su-static-prod.wtrecom.com/images/products/3/LN_570747_BP_3.jpg,https://www.waitrose.com/ecom/products/glade-aerosol-vanilla/570747-795790-795791,Glade Aerosol Vanilla,300ml,£2.25,75p/100ml,Add 2 for £3,Household
874573,Buster Kitchen Plughole Unblocker,G,false,510,https://ecom-su-static-prod.wtrecom.com/images/products/3/LN_874573_BP_3.jpg,https://www.waitrose.com/ecom/products/buster-kitchen-plughole-unblocker/874573-505251-505252,Buster Kitchen Plughole Unblocker,150g,£4.30,£28.67/kg,,Household
743985,Comfort Creations Peony & Rose Fabric Conditioner 48w,G,true,511,https://ecom-su-static-prod.wtrecom.com/images/products/3/LN_743985_BP_3.jpg,https://www.waitrose.com/ecom/products/comfort-creations-peony-rose-fabric-conditioner-48w/743985-815346-815347,Comfort Creations Peony & Rose Fabric Conditioner 48w,1.44litre,£3.00,£2.09/litre,save £1.75. Was £4.75,Household
613348,Who Gives A Crap 100% Recycled Facial Tissues,G,false,512,https://ecom-su-static-prod.wtrecom.com/images/products/3/LN_613348_BP_3.jpg,https://www.waitrose.com/ecom/products/who-gives-a-crap-100-recycled-facial-tissues/613348-805032-805033,Who Gives A Crap 100% Recycled Facial Tissues,66 sheets,£1.65,25p/10 sheets,,Household
882480,AD Tealights x100,G,false,513,https://ecom-su-static-prod.wtrecom.com/images/products/3/LN_882480_BP_3.jpg,https://www.waitrose.com/ecom/products/ad-tealights-x100/882480-663306-663307,AD Tealights x100,each,£5.00,£5 each,,Household
466831,Bloo Colour Active Bleach Rim Block,G,true,514,https://ecom-su-static-prod.wtrecom.com/images/products/3/LN_466831_BP_3.jpg,https://www.waitrose.com/ecom/products/bloo-colour-active-bleach-rim-block/466831-778530-778531,Bloo Colour Active Bleach Rim Block,2x50g,£3.00,£3/100g,save 75p. Was £3.75,Household
830549,essential Waitrose Colourcare Capsules 30w,G,false,515,https://ecom-su-static-prod.wtrecom.com/images/products/3/LN_830549_BP_3.jpg,https://www.waitrose.com/ecom/products/essential-waitrose-colourcare-capsules-30w/830549-825910-825911,essential Waitrose Colourcare Capsules 30w,556.9g,£5.00,£8.98/kg,,Household
812378,Finish Dishwasher Freshener Lemon,G,false,516,https://ecom-su-static-prod.wtrecom.com/images/products/3/LN_812378_BP_3.jpg,https://www.waitrose.com/ecom/products/finish-dishwasher-freshener-lemon/812378-803236-803237,Finish Dishwasher Freshener Lemon,4ml,£3.75,£937.50/litre,,Household
849353,Neat Daily Shower Cleaner Plastic-Free Refill Fig & Violet,G,false,517,https://ecom-su-static-prod.wtrecom.com/images/products/3/LN_849353_BP_3.jpg,https://www.waitrose.com/ecom/products/neat-daily-shower-cleaner-plastic-free-refill-fig-violet/849353-795180-795181,Neat Daily Shower Cleaner Plastic-Free Refill Fig & Violet,30ml,£2.65,£8.84/100ml,,Household
584000,Energizer Max AAA LR03 1.5V,G,true,518,https://ecom-su-static-prod.wtrecom.com/images/products/3/LN_584000_BP_3.jpg,https://www.waitrose.com/ecom/products/energizer-max-aaa-lr03-15v/584000-731300-731301,Energizer Max AAA LR03 1.5V,8s,£5.00,62.5p each,save £3.00. Was £8.00,Household
692322,Astonish Specialist Hob Cleaner,G,false,519,https://ecom-su-static-prod.wtrecom.com/images/products/3/LN_692322_BP_3.jpg,https://www.waitrose.com/ecom/products/astonish-specialist-hob-cleaner/692322-813296-813297,Astonish Specialist Hob Cleaner,500ml,£2.10,£4.20/litre,,Household
862943,Waitrose Snack Bags,G,false,520,https://ecom-su-static-prod.wtrecom.com/images/products/3/LN_862943_BP_3.jpg,https://www.waitrose.com/ecom/products/waitrose-snack-bags/862943-795190-795191,Waitrose Snack Bags,50s,£3.00,6p each,,Household
799281,Surf Tropical Lily Washing Capsules Large Pack,G,false,521,https://ecom-su-static-prod.wtrecom.com/images/products/3/LN_799281_BP_3.jpg,https://www.waitrose.com/ecom/products/surf-tropical-lily-washing-capsules-large-pack/799281-778428-778429,Surf Tropical Lily Washing Capsules Large Pack,45s,£11.50,25.6p each,,Household
556053,Fairy Non Bio Platinum Washing Liquid 46W,G,true,522,https://ecom-su-static-prod.wtrecom.com/images/products/3/LN_556053_BP_3.jpg,https://www.waitrose.com/ecom/products/fairy-non-bio-platinum-washing-liquid-46w/556053-815234-815235,Fairy Non Bio Platinum Washing Liquid 46W,1.518litre,£8.00,£5.27/litre,20% Off. Was £10.00,Household
882112,Dishmatic Big Job Dish Brush,G,false,523,https://ecom-su-static-prod.wtrecom.com/images/products/3/LN_882112_BP_3.jpg,https://www.waitrose.com/ecom/products/dishmatic-big-job-dish-brush/882112-762614-762615,Dishmatic Big Job Dish Brush,Each,£2.85,£2.85 each,,Household
491949,Duracell Plus AA,G,false,524,https://ecom-su-static-prod.wtrecom.com/images/products/3/LN_491949_BP_3.jpg,https://www.waitrose.com/ecom/products/duracell-plus-aa/491949-753687-753688,Duracell Plus AA,12s,£12.00,£1 each,,Household
609565,Ariel All-in-1 Pods Washing Liquid Capsules 25W,G,false,525,https://ecom-su-static-prod.wtrecom.com/images/products/3/LN_609565_BP_3.jpg,https://www.waitrose.com/ecom/products/ariel-all-in-1-pods-washing-liquid-capsules-25w/609565-86464-86465,Ariel All-in-1 Pods Washing Liquid Capsules 25W,25Each,£7.50,30p each,,Household
672036,Domestos Power 5 Rimblock Pink Magnolia,G,true,526,https://ecom-su-static-prod.wtrecom.com/images/products/3/LN_672036_BP_3.jpg,https://www.waitrose.com/ecom/products/domestos-power-5-rimblock-pink-magnolia/672036-824157-824158,Domestos Power 5 Rimblock Pink Magnolia,55g,£1.35,£24.55/kg,save 65p. Was £2.00,Household
070384,Neutradol Odour Destroyer,G,false,527,https://ecom-su-static-prod.wtrecom.com/images/products/3/LN_070384_BP_3.jpg,https://www.waitrose.com/ecom/products/neutradol-odour-destroyer/070384-35642-35643,Neutradol Odour Destroyer,300ml,£1.90,63.3p/100ml,,Household
549821,Surf Tropical Lily Washing Capsules,G,true,528,https://ecom-su-static-prod.wtrecom.com/images/products/3/LN_549821_BP_3.jpg,https://www.waitrose.com/ecom/products/surf-tropical-lily-washing-capsules/549821-728706-728707,Surf Tropical Lily Washing Capsules,27s,£5.50,20.4p each,save £2.50. Was £8.00,Household
070752,Duracell Plus AA Alkaline,G,false,529,https://ecom-su-static-prod.wtrecom.com/images/products/3/LN_070752_BP_3.jpg,https://www.waitrose.com/ecom/products/duracell-plus-aa-alkaline/070752-35857-35858,Duracell Plus AA Alkaline,4s,£5.00,£1.25 each,,Household
599001,Febreze Linen Fabric Refresher,G,true,530,https://ecom-su-static-prod.wtrecom.com/images/products/3/LN_599001_BP_3.jpg,https://www.waitrose.com/ecom/products/febreze-linen-fabric-refresher/599001-762404-762405,Febreze Linen Fabric Refresher,375ml,£3.50,93.3p/100ml,Add 2 for £5,Household
517345,Fairy Platinum All In One Dishwasher Tablets Lemon,G,true,531,https://ecom-su-static-prod.wtrecom.com/images/products/3/LN_517345_BP_3.jpg,https://www.waitrose.com/ecom/products/fairy-platinum-all-in-one-dishwasher-tablets-lemon/517345-825820-825821,Fairy Platinum All In One Dishwasher Tablets Lemon,74Each,£12.00,16.2p each,Save 1/3. Was £18.00,Household
849702,Comfort Scent Booster Elixir Summer Bouquet,G,false,532,https://ecom-su-static-prod.wtrecom.com/images/products/3/LN_849702_BP_3.jpg,https://www.waitrose.com/ecom/products/comfort-scent-booster-elixir-summer-bouquet/849702-825922-825923,Comfort Scent Booster Elixir Summer Bouquet,460ml,£6.00,£13.05/litre,,Household
683028,Lenor Outdoorable Northern Solstice Fabric Conditioner 76w,G,false,533,https://ecom-su-static-prod.wtrecom.com/images/products/3/LN_683028_BP_3.jpg,https://www.waitrose.com/ecom/products/lenor-outdoorable-northern-solstice-fabric-conditioner-76w/683028-825858-825859,Lenor Outdoorable Northern Solstice Fabric Conditioner 76w,1064ml,£6.50,£6.11/litre,,Household
557976,Ecover Laundry Detergent Capsules Non Bio 18w,G,true,534,https://ecom-su-static-prod.wtrecom.com/images/products/3/LN_557976_BP_3.jpg,https://www.waitrose.com/ecom/products/ecover-laundry-detergent-capsules-non-bio-18w/557976-825830-825831,Ecover Laundry Detergent Capsules Non Bio 18w,0.306Kg,£5.60,£18.31/kg,20% Off. Was £7.00,Household
832859,Flash Spray.Wipe.Done. Cleaning Spray Berries 800ml,G,true,535,https://ecom-su-static-prod.wtrecom.com/images/products/3/LN_832859_BP_3.jpg,https://www.waitrose.com/ecom/products/flash-spraywipedone-cleaning-spray-berries-800ml/832859-813316-813317,Flash Spray.Wipe.Done. Cleaning Spray Berries 800ml,800ml,£2.50,£3.13/litre,25% Off. Was £3.35,Household
562570,Fairy Original AIO Dishwashing Tablets,G,false,536,https://ecom-su-static-prod.wtrecom.com/images/products/3/LN_562570_BP_3.jpg,https://www.waitrose.com/ecom/products/fairy-original-aio-dishwashing-tablets/562570-815246-815247,Fairy Original AIO Dishwashing Tablets,25Each,£6.00,24p each,,Household
758370,Waitrose Fabric Conditioner Fresh,G,false,537,https://ecom-su-static-prod.wtrecom.com/images/products/3/LN_758370_BP_3.jpg,https://www.waitrose.com/ecom/products/waitrose-fabric-conditioner-fresh/758370-815146-815147,Waitrose Fabric Conditioner Fresh,1500ml,£2.95,£1.97/litre,,Household
067144,Zip Wrapped Firelighters 14s,G,false,538,https://ecom-su-static-prod.wtrecom.com/images/products/3/LN_067144_BP_3.jpg,https://www.waitrose.com/ecom/products/zip-wrapped-firelighters-14s/067144-34020-34021,Zip Wrapped Firelighters 14s,14Each,£4.80,,,Household
520806,Cif Wild Orchid Floor Cleaner,G,false,539,https://ecom-su-static-prod.wtrecom.com/images/products/3/LN_520806_BP_3.jpg,https://www.waitrose.com/ecom/products/cif-wild-orchid-floor-cleaner/520806-813258-813259,Cif Wild Orchid Floor Cleaner,950ml,£2.50,£2.64/litre,,Household
499659,Fairy Silk Tree In-Wash Scent Booster,G,false,540,https://ecom-su-static-prod.wtrecom.com/images/products/3/LN_499659_BP_3.jpg,https://www.waitrose.com/ecom/products/fairy-silk-tree-in-wash-scent-booster/499659-825816-825817,Fairy Silk Tree In-Wash Scent Booster,320g,£8.00,£25/kg,,Household
882614,Zoflora Cleaner Linen Fresh,G,false,541,https://ecom-su-static-prod.wtrecom.com/images/products/3/LN_882614_BP_3.jpg,https://www.waitrose.com/ecom/products/zoflora-cleaner-linen-fresh/882614-813324-813325,Zoflora Cleaner Linen Fresh,800ml,£3.00,£3.75/litre,,Household
565046,If You Care Firelighters,G,false,542,https://ecom-su-static-prod.wtrecom.com/images/products/3/LN_565046_BP_3.jpg,https://www.waitrose.com/ecom/products/if-you-care-firelighters/565046-675717-675718,If You Care Firelighters,28s,£3.50,12.5p each,,Household
575844,Febreze 3Volution Air Freshener Refill Spring,G,true,543,https://ecom-su-static-prod.wtrecom.com/images/products/3/LN_575844_BP_3.jpg,https://www.waitrose.com/ecom/products/febreze-3volution-air-freshener-refill-spring/575844-762386-762387,Febreze 3Volution Air Freshener Refill Spring,20ml,£5.00,£25/100ml,Add 2 for £7,Household
820840,Bloo Colour Active+ Flowers Rim Block,G,true,544,https://ecom-su-static-prod.wtrecom.com/images/products/3/LN_820840_BP_3.jpg,https://www.waitrose.com/ecom/products/bloo-colour-active-flowers-rim-block/820840-753134-753135,Bloo Colour Active+ Flowers Rim Block,2x50g,£3.00,£3/100g,save 75p. Was £3.75,Household
827458,Persil Ultimate Non Bio Laundry Washing Detergent,G,false,545,https://ecom-su-static-prod.wtrecom.com/images/products/3/LN_827458_BP_3.jpg,https://www.waitrose.com/ecom/products/persil-ultimate-non-bio-laundry-washing-detergent/827458-803244-803245,Persil Ultimate Non Bio Laundry Washing Detergent,837ml,£7.00,£8.37/litre,,Household
070172,Brasso Metal Polish Wadding,G,false,546,https://ecom-su-static-prod.wtrecom.com/images/products/3/LN_070172_BP_3.jpg,https://www.waitrose.com/ecom/products/brasso-metal-polish-wadding/070172-35540-35541,Brasso Metal Polish Wadding,75g,£5.25,£70/kg,,Household
806461,Acana Carpet & Fabric Moth Killer Fresh Lavender,G,true,547,https://ecom-su-static-prod.wtrecom.com/images/products/3/LN_806461_BP_3.jpg,https://www.waitrose.com/ecom/products/acana-carpet-fabric-moth-killer-fresh-lavender/806461-625302-625303,Acana Carpet & Fabric Moth Killer Fresh Lavender,500ml,£14.00,£2.80/100ml,Add 2 get 2nd half price Cheaper Item Half Price,Household
789324,Persil Ultimate Active Clean Laundry Washing Liquid Detergent,G,true,548,https://ecom-su-static-prod.wtrecom.com/images/products/3/LN_789324_BP_3.jpg,https://www.waitrose.com/ecom/products/persil-ultimate-active-clean-laundry-washing-liquid-detergent/789324-803230-803231,Persil Ultimate Active Clean Laundry Washing Liquid Detergent,1.242litre,£6.50,£5.24/litre,save £2.50. Was £9.00,Household
715018,Ace Ultra For Colours,G,false,549,https://ecom-su-static-prod.wtrecom.com/images/products/3/LN_715018_BP_3.jpg,https://www.waitrose.com/ecom/products/ace-ultra-for-colours/715018-815332-815333,Ace Ultra For Colours,1L,£3.00,£3/litre,,Household
786881,Persil Bio Tough Stains Washing Capsules 26W,G,false,550,https://ecom-su-static-prod.wtrecom.com/images/products/3/LN_786881_BP_3.jpg,https://www.waitrose.com/ecom/products/persil-bio-tough-stains-washing-capsules-26w/786881-825890-825891,Persil Bio Tough Stains Washing Capsules 26W,26Each,£7.00,26.9p each,,Household
548786,Duck Fresh Disc Holder Marine,G,true,551,https://ecom-su-static-prod.wtrecom.com/images/products/3/LN_548786_BP_3.jpg,https://www.waitrose.com/ecom/products/duck-fresh-disc-holder-marine/548786-813260-813261,Duck Fresh Disc Holder Marine,36ml,£2.00,£55.56/litre,save £1.50. Was £3.50,Household
870158,Glade Electric Refill Sandalwood & Jasmine,G,false,552,https://ecom-su-static-prod.wtrecom.com/images/products/3/LN_870158_BP_3.jpg,https://www.waitrose.com/ecom/products/glade-electric-refill-sandalwood-jasmine/870158-703621-703622,Glade Electric Refill Sandalwood & Jasmine,20ml,£5.25,£26.25/100ml,,Household
620802,Spontex Scrub & Wipe Multipurpose Pad,G,false,553,https://ecom-su-static-prod.wtrecom.com/images/products/3/LN_620802_BP_3.jpg,https://www.waitrose.com/ecom/products/spontex-scrub-wipe-multipurpose-pad/620802-762410-762411,Spontex Scrub & Wipe Multipurpose Pad,Each,£2.95,£2.95 each,,Household
800214,Air Wick Active Fresh Eucalyptus Room Spray,G,false,554,https://ecom-su-static-prod.wtrecom.com/images/products/3/LN_800214_BP_3.jpg,https://www.waitrose.com/ecom/products/air-wick-active-fresh-eucalyptus-room-spray/800214-795826-795827,Air Wick Active Fresh Eucalyptus Room Spray,236ml,£5.00,£2.12/100ml,,Household
614229,Dettol Multipurpose Pomegranate Wipes,G,false,555,https://ecom-su-static-prod.wtrecom.com/images/products/3/LN_614229_BP_3.jpg,https://www.waitrose.com/ecom/products/dettol-multipurpose-pomegranate-wipes/614229-813278-813279,Dettol Multipurpose Pomegranate Wipes,70Each,£3.75,5.4p each,,Household
858353,Mr Muscle Kitchen Drain Gel,G,false,556,https://ecom-su-static-prod.wtrecom.com/images/products/3/LN_858353_BP_3.jpg,https://www.waitrose.com/ecom/products/mr-muscle-kitchen-drain-gel/858353-824211-824212,Mr Muscle Kitchen Drain Gel,500ml,£4.00,£8/litre,,Household
999432,Andrex Fresh & Sensitive Wipes,G,false,557,https://ecom-su-static-prod.wtrecom.com/images/products/3/LN_999432_BP_3.jpg,https://www.waitrose.com/ecom/products/andrex-fresh-sensitive-wipes/999432-827611-827612,Andrex Fresh & Sensitive Wipes,30Sheet,£1.00,£3.34/100 sheets,,Household
984207,Bacofoil Air Fryer Liners,G,false,558,https://ecom-su-static-prod.wtrecom.com/images/products/3/LN_984207_BP_3.jpg,https://www.waitrose.com/ecom/products/bacofoil-air-fryer-liners/984207-827599-827600,Bacofoil Air Fryer Liners,1Each,£3.99,£3.99 each,,Household
940599,Regina Blitz 3 Roll household Towel,G,false,559,https://ecom-su-static-prod.wtrecom.com/images/products/3/LN_940599_BP_3.jpg,https://www.waitrose.com/ecom/products/regina-blitz-3-roll-household-towel/940599-827547-827548,Regina Blitz 3 Roll household Towel,3,£7.00,£2.34 each,,Household
933000,Cushelle Original Toilet Rolls 6 Mega Rolls 50% More Sheet,G,false,560,https://ecom-su-static-prod.wtrecom.com/images/products/3/LN_933000_BP_3.jpg,https://www.waitrose.com/ecom/products/cushelle-original-toilet-rolls-6-mega-rolls-50-more-sheet/933000-827537-827538,Cushelle Original Toilet Rolls 6 Mega Rolls 50% More Sheet,1620Sheet,£6.25,38.6p/100 sheets,,Household
913937,Andrex Complete Clean Toilet Tissue MEGA Roll 6 Rolls,G,false,561,https://ecom-su-static-prod.wtrecom.com/images/products/3/LN_913937_BP_3.jpg,https://www.waitrose.com/ecom/products/andrex-complete-clean-toilet-tissue-mega-roll-6-rolls/913937-827515-827516,Andrex Complete Clean Toilet Tissue MEGA Roll 6 Rolls,1740Sheet,£6.25,35.9p/100 sheets,,Household
899866,Energizer CR2016 Lithium 3V,G,false,562,https://ecom-su-static-prod.wtrecom.com/images/products/3/LN_899866_BP_3.jpg,https://www.waitrose.com/ecom/products/energizer-cr2016-lithium-3v/899866-731424-731425,Energizer CR2016 Lithium 3V,4s,£8.00,£2 each,,Household
899103,Anyday Nesting Rectangular Containers Set of 3,G,false,563,https://ecom-su-static-prod.wtrecom.com/images/products/3/LN_899103_BP_3.jpg,https://www.waitrose.com/ecom/products/anyday-nesting-rectangular-containers-set-of-3/899103-801602-801603,Anyday Nesting Rectangular Containers Set of 3,each,£8.00,£8 each,,Household
896727,Ecover Non Bio Laundry Capsules 34W,G,true,564,https://ecom-su-static-prod.wtrecom.com/images/products/3/LN_896727_BP_3.jpg,https://www.waitrose.com/ecom/products/ecover-non-bio-laundry-capsules-34w/896727-825944-825945,Ecover Non Bio Laundry Capsules 34W,34each,£10.00,29.4p each,save £1.50. Was £11.50,Household
894914,Dr. Beckmann Magic Leaves Laundry Bio Sheets,G,false,565,https://ecom-su-static-prod.wtrecom.com/images/products/3/LN_894914_BP_3.jpg,https://www.waitrose.com/ecom/products/dr-beckmann-magic-leaves-laundry-bio-sheets/894914-785864-785865,Dr. Beckmann Magic Leaves Laundry Bio Sheets,25s,£4.50,18p each,,Household
893854,Town Talk Naturally Blended Furniture Wax,G,false,566,https://ecom-su-static-prod.wtrecom.com/images/products/3/LN_893854_BP_3.jpg,https://www.waitrose.com/ecom/products/town-talk-naturally-blended-furniture-wax/893854-824221-824222,Town Talk Naturally Blended Furniture Wax,145g,£15.00,£103.45/kg,,Household
892852,Energizer CR2025 Lithium 3V,G,false,567,https://ecom-su-static-prod.wtrecom.com/images/products/3/LN_892852_BP_3.jpg,https://www.waitrose.com/ecom/products/energizer-cr2025-lithium-3v/892852-731420-731421,Energizer CR2025 Lithium 3V,4s,£8.00,£2 each,,Household
892765,AromaWorks Diffuser Basil & Orange,G,true,568,https://ecom-su-static-prod.wtrecom.com/images/products/3/LN_892765_BP_3.jpg,https://www.waitrose.com/ecom/products/aromaworks-diffuser-basil-orange/892765-394741-394742,AromaWorks Diffuser Basil & Orange,100ml,£8.00,£8/100ml,20% Off. Was £10.00,Household
892613,AD Pillar Red Large,G,false,569,https://ecom-su-static-prod.wtrecom.com/images/products/3/LN_892613_BP_3.jpg,https://www.waitrose.com/ecom/products/ad-pillar-red-large/892613-663347-663348,AD Pillar Red Large,each,£4.00,£4 each,,Household
891149,AromaWorks Diffuser Elemi & Bergamot,G,true,570,https://ecom-su-static-prod.wtrecom.com/images/products/3/LN_891149_BP_3.jpg,https://www.waitrose.com/ecom/products/aromaworks-diffuser-elemi-bergamot/891149-523354-523355,AromaWorks Diffuser Elemi & Bergamot,100ml,£8.00,£8/100ml,20% Off. Was £10.00,Household
889711,JL Senti White Calm Pillar,G,false,571,https://ecom-su-static-prod.wtrecom.com/images/products/3/LN_889711_BP_3.jpg,https://www.waitrose.com/ecom/products/jl-senti-white-calm-pillar/889711-810360-810361,JL Senti White Calm Pillar,each,£6.00,£6 each,,Household
889322,Duracell Plus 100% AAA 20pk,G,false,572,https://ecom-su-static-prod.wtrecom.com/images/products/3/LN_889322_BP_3.jpg,https://www.waitrose.com/ecom/products/duracell-plus-100-aaa-20pk/889322-806410-806411,Duracell Plus 100% AAA 20pk,20s,£17.50,87.5p each,,Household
886486,JL Senti Purple Dream Pillar,G,false,573,https://ecom-su-static-prod.wtrecom.com/images/products/3/LN_886486_BP_3.jpg,https://www.waitrose.com/ecom/products/jl-senti-purple-dream-pillar/886486-810358-810359,JL Senti Purple Dream Pillar,each,£6.00,£6 each,,Household
886404,JL Core Jasmine Diffuser,G,false,574,https://ecom-su-static-prod.wtrecom.com/images/products/3/LN_886404_BP_3.jpg,https://www.waitrose.com/ecom/products/jl-core-jasmine-diffuser/886404-797984-797985,JL Core Jasmine Diffuser,each,£13.00,£13 each,,Household
885933,Persil Wonder Wash Bio Ultra Care Liquid 31W,G,false,575,https://ecom-su-static-prod.wtrecom.com/images/products/3/LN_885933_BP_3.jpg,https://www.waitrose.com/ecom/products/persil-wonder-wash-bio-ultra-care-liquid-31w/885933-825940-825941,Persil Wonder Wash Bio Ultra Care Liquid 31W,837ml,£7.00,£8.37/litre,,Household
883720,Zoflora Cleaner Midnight Blooms,G,false,576,https://ecom-su-static-prod.wtrecom.com/images/products/3/LN_883720_BP_3.jpg,https://www.waitrose.com/ecom/products/zoflora-cleaner-midnight-blooms/883720-813326-813327,Zoflora Cleaner Midnight Blooms,800ml,£3.00,£3.75/litre,,Household
883416,Fairy Max Power Washing Up Liquid Lemon,G,false,577,https://ecom-su-static-prod.wtrecom.com/images/products/3/LN_883416_BP_3.jpg,https://www.waitrose.com/ecom/products/fairy-max-power-washing-up-liquid-lemon/883416-825938-825939,Fairy Max Power Washing Up Liquid Lemon,640ml,£4.00,£6.25/litre,,Household
881746,Big K Kiln Dry Hardwood Logs,G,false,578,https://ecom-su-static-prod.wtrecom.com/images/products/3/LN_881746_BP_3.jpg,https://www.waitrose.com/ecom/products/big-k-kiln-dry-hardwood-logs/881746-385755-385756,Big K Kiln Dry Hardwood Logs,Each,£10.75,£10.75 each,,Household
879898,Vileda 1-2-Spray Mop,G,false,579,https://ecom-su-static-prod.wtrecom.com/images/products/3/LN_879898_BP_3.jpg,https://www.waitrose.com/ecom/products/vileda-1-2-spray-mop/879898-152024-152025,Vileda 1-2-Spray Mop,Each,£26.25,£26.25 each,,Household
879072,AWorks Vitality Diffuser,G,true,580,https://ecom-su-static-prod.wtrecom.com/images/products/3/LN_879072_BP_3.jpg,https://www.waitrose.com/ecom/products/aworks-vitality-diffuser/879072-723112-723113,AWorks Vitality Diffuser,Each,£8.00,£8 each,20% Off. Was £10.00,Household
878549,Dr. Beckmann Colour Collector Sheets,G,false,581,https://ecom-su-static-prod.wtrecom.com/images/products/3/LN_878549_BP_3.jpg,https://www.waitrose.com/ecom/products/dr-beckmann-colour-collector-sheets/878549-785860-785861,Dr. Beckmann Colour Collector Sheets,50 Sheets,£5.50,£11/100 sheets,,Household
878168,Dishmatic Non Scratch Refills,G,false,582,https://ecom-su-static-prod.wtrecom.com/images/products/3/LN_878168_BP_3.jpg,https://www.waitrose.com/ecom/products/dishmatic-non-scratch-refills/878168-795198-795199,Dishmatic Non Scratch Refills,4s,£2.45,61.3p each,,Household
877051,Waitrose Essentials Mega Roll 12 Pack,G,false,583,https://ecom-su-static-prod.wtrecom.com/images/products/3/LN_877051_BP_3.jpg,https://www.waitrose.com/ecom/products/waitrose-essentials-mega-roll-12-pack/877051-827489-827490,Waitrose Essentials Mega Roll 12 Pack,12x300sheets,£7.75,21.5p/100 sheets,,Household
874409,JL Core Lavender Diffuser Refill,G,false,584,https://ecom-su-static-prod.wtrecom.com/images/products/3/LN_874409_BP_3.jpg,https://www.waitrose.com/ecom/products/jl-core-lavender-diffuser-refill/874409-760280-760281,JL Core Lavender Diffuser Refill,each,£13.00,£13 each,,Household
872881,Energizer EZ Turn Hearing Aid 312 Zinc,G,false,585,https://ecom-su-static-prod.wtrecom.com/images/products/3/LN_872881_BP_3.jpg,https://www.waitrose.com/ecom/products/energizer-ez-turn-hearing-aid-312-zinc/872881-731408-731409,Energizer EZ Turn Hearing Aid 312 Zinc,8s,£7.00,87.5p each,,Household
872352,Raid Crawling Insect Killer,G,false,586,https://ecom-su-static-prod.wtrecom.com/images/products/3/LN_872352_BP_3.jpg,https://www.waitrose.com/ecom/products/raid-crawling-insect-killer/872352-778734-778735,Raid Crawling Insect Killer,300ml,£4.75,£1.59/100ml,,Household
871639,Philips LED White 6.5W E27,G,true,587,https://ecom-su-static-prod.wtrecom.com/images/products/3/LN_871639_BP_3.jpg,https://www.waitrose.com/ecom/products/philips-led-white-65w-e27/871639-745631-745632,Philips LED White 6.5W E27,each,£6.31,£6.31 each,20% Off. Was £7.89,Household
871256,JL Core White Tea Jar Candle,G,false,588,https://ecom-su-static-prod.wtrecom.com/images/products/3/LN_871256_BP_3.jpg,https://www.waitrose.com/ecom/products/jl-core-white-tea-jar-candle/871256-760274-760275,JL Core White Tea Jar Candle,each,£8.50,£8.50 each,,Household
870432,Air Wick 24/7 Refill Eucalyptus,G,false,589,https://ecom-su-static-prod.wtrecom.com/images/products/3/LN_870432_BP_3.jpg,https://www.waitrose.com/ecom/products/air-wick-24-7-refill-eucalyptus/870432-795854-795855,Air Wick 24/7 Refill Eucalyptus,228ml,£7.00,£3.08/100ml,,Household
870226,Air Wick 24/7 Autospray Kit Cotton,G,false,590,https://ecom-su-static-prod.wtrecom.com/images/products/3/LN_870226_BP_3.jpg,https://www.waitrose.com/ecom/products/air-wick-24-7-autospray-kit-cotton/870226-795852-795853,Air Wick 24/7 Autospray Kit Cotton,228ml,£16.00,£7.02/100ml,,Household
869670,Duracell Optimum AA 4 Pack,G,false,591,https://ecom-su-static-prod.wtrecom.com/images/products/3/LN_869670_BP_3.jpg,https://www.waitrose.com/ecom/products/duracell-optimum-aa-4-pack/869670-759852-759853,Duracell Optimum AA 4 Pack,Each,£6.00,£6 each,,Household
868395,OXO Good Grips Pop Container 0.4 Litre,G,false,592,https://ecom-su-static-prod.wtrecom.com/images/products/3/LN_868395_BP_3.jpg,https://www.waitrose.com/ecom/products/oxo-good-grips-pop-container-04-litre/868395-743324-743325,OXO Good Grips Pop Container 0.4 Litre,each,£8.49,£8.49 each,,Household
867076,Lenor Outdoorable Spring Awakening 76 Washes,G,true,593,https://ecom-su-static-prod.wtrecom.com/images/products/3/LN_867076_BP_3.jpg,https://www.waitrose.com/ecom/products/lenor-outdoorable-spring-awakening-76-washes/867076-803914-803915,Lenor Outdoorable Spring Awakening 76 Washes,1064ml,£4.00,£3.76/litre,Save 1/3. Was £6.00,Household
866999,Waitrose Essentials Mega Roll 6 Pack,G,false,594,https://ecom-su-static-prod.wtrecom.com/images/products/3/LN_866999_BP_3.jpg,https://www.waitrose.com/ecom/products/waitrose-essentials-mega-roll-6-pack/866999-827487-827488,Waitrose Essentials Mega Roll 6 Pack,6x300 sheets,£4.40,24.4p/100 sheets,,Household
866589,Philips LED Warm White B22 13W,G,true,595,https://ecom-su-static-prod.wtrecom.com/images/products/3/LN_866589_BP_3.jpg,https://www.waitrose.com/ecom/products/philips-led-warm-white-b22-13w/866589-745619-745620,Philips LED Warm White B22 13W,each,£6.31,£6.31 each,20% Off. Was £7.89,Household
866279,Philips LED Candle White 5.5W B22,G,true,596,https://ecom-su-static-prod.wtrecom.com/images/products/3/LN_866279_BP_3.jpg,https://www.waitrose.com/ecom/products/philips-led-candle-white-55w-b22/866279-745613-745614,Philips LED Candle White 5.5W B22,each,£4.47,£4.47 each,20% Off. Was £5.59,Household
865386,"John Lewis ANYDAY Fine China Kitchen Storage Jar, 650ml, White",G,false,597,https://ecom-su-static-prod.wtrecom.com/images/products/3/LN_865386_BP_3.jpg,https://www.waitrose.com/ecom/products/john-lewis-anyday-fine-china-kitchen-storage-jar-650ml-white/865386-806554-806555,"John Lewis ANYDAY Fine China Kitchen Storage Jar, 650ml, White",each,£8.00,£8 each,,Household
865004,Philips LED White Candle 4W B22,G,true,598,https://ecom-su-static-prod.wtrecom.com/images/products/3/LN_865004_BP_3.jpg,https://www.waitrose.com/ecom/products/philips-led-white-candle-4w-b22/865004-745603-745604,Philips LED White Candle 4W B22,each,£5.35,£5.35 each,20% Off. Was £6.69,Household
864996,JL Senti Blue Balance Taper 4pk,G,false,599,https://ecom-su-static-prod.wtrecom.com/images/products/3/LN_864996_BP_3.jpg,https://www.waitrose.com/ecom/products/jl-senti-blue-balance-taper-4pk/864996-810352-810353,JL Senti Blue Balance Taper 4pk,4s,£5.00,£1.25 each,,Household
864844,Duracell Optimum AA 8 Pack,G,false,600,https://ecom-su-static-prod.wtrecom.com/images/products/3/LN_864844_BP_3.jpg,https://www.waitrose.com/ecom/products/duracell-optimum-aa-8-pack/864844-759850-759851,Duracell Optimum AA 8 Pack,Each,£10.50,£10.50 each,,Household
862067,Energizer Max 9V 6LR61,G,false,601,https://ecom-su-static-prod.wtrecom.com/images/products/3/LN_862067_BP_3.jpg,https://www.waitrose.com/ecom/products/energizer-max-9v-6lr61/862067-731396-731397,Energizer Max 9V 6LR61,2s,£8.00,£4 each,,Household
861717,JL Senti Yellow Joy Taper 4pk,G,false,602,https://ecom-su-static-prod.wtrecom.com/images/products/3/LN_861717_BP_3.jpg,https://www.waitrose.com/ecom/products/jl-senti-yellow-joy-taper-4pk/861717-810350-810351,JL Senti Yellow Joy Taper 4pk,4s,£5.00,£1.25 each,,Household
861712,Flash Speedmop Starter Kit,G,false,603,https://ecom-su-static-prod.wtrecom.com/images/products/3/LN_861712_BP_3.jpg,https://www.waitrose.com/ecom/products/flash-speedmop-starter-kit/861712-778474-778475,Flash Speedmop Starter Kit,Each,£20.00,£20 each,,Household
860758,Comfort Pure dermatologically tested Ultra-Concentrated Fabric Conditioner,G,true,604,https://ecom-su-static-prod.wtrecom.com/images/products/3/LN_860758_BP_3.jpg,https://www.waitrose.com/ecom/products/comfort-pure-dermatologically-tested-ultra-concentrated-fabric-conditioner/860758-803264-803265,Comfort Pure dermatologically tested Ultra-Concentrated Fabric Conditioner,1.02litre,£3.75,£3.68/litre,save £3.25. Was £7.00,Household
856801,Ecover Washing-Up Refill Lemon & Aloe Vera,G,false,605,https://ecom-su-static-prod.wtrecom.com/images/products/3/LN_856801_BP_3.jpg,https://www.waitrose.com/ecom/products/ecover-washing-up-refill-lemon-aloe-vera/856801-694026-694027,Ecover Washing-Up Refill Lemon & Aloe Vera,5litre,£14.50,£2.90/litre,,Household
856366,Method Wood Floor Refill,G,false,606,https://ecom-su-static-prod.wtrecom.com/images/products/3/LN_856366_BP_3.jpg,https://www.waitrose.com/ecom/products/method-wood-floor-refill/856366-720381-720382,Method Wood Floor Refill,2litre,£10.20,£5.10/litre,,Household
855660,Lenor Cherry Blossom & Rose Water Fabric Conditioner,G,true,607,https://ecom-su-static-prod.wtrecom.com/images/products/3/LN_855660_BP_3.jpg,https://www.waitrose.com/ecom/products/lenor-cherry-blossom-rose-water-fabric-conditioner/855660-815436-815437,Lenor Cherry Blossom & Rose Water Fabric Conditioner,1650ml,£3.50,£2.13/litre,save £1.75. Was £5.25,Household
854307,JL Core Lavender Jar Candle,G,false,608,https://ecom-su-static-prod.wtrecom.com/images/products/3/LN_854307_BP_3.jpg,https://www.waitrose.com/ecom/products/jl-core-lavender-jar-candle/854307-760256-760257,JL Core Lavender Jar Candle,each,£8.50,£8.50 each,,Household
854199,"John Lewis ANYDAY Fine China Kitchen Storage Jar, 650ml, Grey",G,false,609,https://ecom-su-static-prod.wtrecom.com/images/products/3/LN_854199_BP_3.jpg,https://www.waitrose.com/ecom/products/john-lewis-anyday-fine-china-kitchen-storage-jar-650ml-grey/854199-806548-806549,"John Lewis ANYDAY Fine China Kitchen Storage Jar, 650ml, Grey",each,£8.00,£8 each,,Household
853904,Öpso Japanese Sakura Tree Reed Diffuser,G,false,610,https://ecom-su-static-prod.wtrecom.com/images/products/3/LN_853904_BP_3.jpg,https://www.waitrose.com/ecom/products/opso-japanese-sakura-tree-reed-diffuser/853904-819279-819280,Öpso Japanese Sakura Tree Reed Diffuser,50ml,£9.00,£18/100ml,,Household
853723,JL Senti Green Energy Diffuser,G,false,611,https://ecom-su-static-prod.wtrecom.com/images/products/3/LN_853723_BP_3.jpg,https://www.waitrose.com/ecom/products/jl-senti-green-energy-diffuser/853723-810348-810349,JL Senti Green Energy Diffuser,each,£10.00,£10 each,,Household
853145,Comfort Heavenly Fresh Fabric Conditioner 38W,G,false,612,https://ecom-su-static-prod.wtrecom.com/images/products/3/LN_853145_BP_3.jpg,https://www.waitrose.com/ecom/products/comfort-heavenly-fresh-fabric-conditioner-38w/853145-825928-825929,Comfort Heavenly Fresh Fabric Conditioner 38W,570ml,£3.00,£5.27/litre,,Household
853136,Delphis Eco Stain Remover,G,false,613,https://ecom-su-static-prod.wtrecom.com/images/products/3/LN_853136_BP_3.jpg,https://www.waitrose.com/ecom/products/delphis-eco-stain-remover/853136-825926-825927,Delphis Eco Stain Remover,350ml,£4.80,£13.72/litre,,Household
852047,Dr Beckmann Magic Leaves Laundry Detergent Sheets Bio,G,false,614,https://ecom-su-static-prod.wtrecom.com/images/products/3/LN_852047_BP_3.jpg,https://www.waitrose.com/ecom/products/dr-beckmann-magic-leaves-laundry-detergent-sheets-bio/852047-825924-825925,Dr Beckmann Magic Leaves Laundry Detergent Sheets Bio,50Sheet,£8.00,,,Household
852034,JL Senti Yellow Joy Diffuser,G,false,615,https://ecom-su-static-prod.wtrecom.com/images/products/3/LN_852034_BP_3.jpg,https://www.waitrose.com/ecom/products/jl-senti-yellow-joy-diffuser/852034-810346-810347,JL Senti Yellow Joy Diffuser,each,£10.00,£10 each,,Household
851519,Domestos Aroma Lux Rimblock White Rose and Tea Tree Oil,G,true,616,https://ecom-su-static-prod.wtrecom.com/images/products/3/LN_851519_BP_3.jpg,https://www.waitrose.com/ecom/products/domestos-aroma-lux-rimblock-white-rose-and-tea-tree-oil/851519-824205-824206,Domestos Aroma Lux Rimblock White Rose and Tea Tree Oil,55g,£2.00,£36.37/kg,save £1.00. Was £3.00,Household
849613,Comfort Fabric Conditioner Summer Bouquet 64w,G,true,617,https://ecom-su-static-prod.wtrecom.com/images/products/3/LN_849613_BP_3.jpg,https://www.waitrose.com/ecom/products/comfort-fabric-conditioner-summer-bouquet-64w/849613-825918-825919,Comfort Fabric Conditioner Summer Bouquet 64w,960ml,£4.00,£4.17/litre,20% Off. Was £5.00,Household
848209,Air Wick Linen & Lilac Complete Freshmatic Kit Air Freshener,G,false,618,https://ecom-su-static-prod.wtrecom.com/images/products/3/LN_848209_BP_3.jpg,https://www.waitrose.com/ecom/products/air-wick-linen-lilac-complete-freshmatic-kit-air-freshener/848209-613139-613140,Air Wick Linen & Lilac Complete Freshmatic Kit Air Freshener,250ml,£11.00,£4.40/100ml,,Household
842870,Duracell Lithium 2025,G,false,619,https://ecom-su-static-prod.wtrecom.com/images/products/3/LN_842870_BP_3.jpg,https://www.waitrose.com/ecom/products/duracell-lithium-2025/842870-755053-755054,Duracell Lithium 2025,2s,£5.25,£2.63 each,,Household
842449,Philips LED Multi Spot GU10 5W,G,true,620,https://ecom-su-static-prod.wtrecom.com/images/products/3/LN_842449_BP_3.jpg,https://www.waitrose.com/ecom/products/philips-led-multi-spot-gu10-5w/842449-745549-745550,Philips LED Multi Spot GU10 5W,each,£8.95,£8.95 each,20% Off. Was £11.19,Household
841960,Delphis Eco Drain Cleaner Tablets,G,false,621,https://ecom-su-static-prod.wtrecom.com/images/products/3/LN_841960_BP_3.jpg,https://www.waitrose.com/ecom/products/delphis-eco-drain-cleaner-tablets/841960-753170-753171,Delphis Eco Drain Cleaner Tablets,10x4g,£10.00,£250/kg,,Household
841834,Fairy Platinum Non Bio Silk Tree Washing Liquid Gel 38W,G,false,622,https://ecom-su-static-prod.wtrecom.com/images/products/3/LN_841834_BP_3.jpg,https://www.waitrose.com/ecom/products/fairy-platinum-non-bio-silk-tree-washing-liquid-gel-38w/841834-825279-825280,Fairy Platinum Non Bio Silk Tree Washing Liquid Gel 38W,1254ml,£10.00,£7.98/litre,,Household
839575,Philips LED White Ball 4.3W E14,G,true,623,https://ecom-su-static-prod.wtrecom.com/images/products/3/LN_839575_BP_3.jpg,https://www.waitrose.com/ecom/products/philips-led-white-ball-43w-e14/839575-745543-745544,Philips LED White Ball 4.3W E14,each,£5.35,£5.35 each,20% Off. Was £6.69,Household
839415,Spontex Non-Scratch Sponge Scourer,G,false,624,https://ecom-su-static-prod.wtrecom.com/images/products/3/LN_839415_BP_3.jpg,https://www.waitrose.com/ecom/products/spontex-non-scratch-sponge-scourer/839415-813318-813319,Spontex Non-Scratch Sponge Scourer,2Each,£1.35,67.5p each,,Household
838965,JL Senti Green Energy Glass Candle,G,false,625,https://ecom-su-static-prod.wtrecom.com/images/products/3/LN_838965_BP_3.jpg,https://www.waitrose.com/ecom/products/jl-senti-green-energy-glass-candle/838965-810342-810343,JL Senti Green Energy Glass Candle,each,£7.00,£7 each,,Household
838415,Philips 100W B22 Warm White,G,true,626,https://ecom-su-static-prod.wtrecom.com/images/products/3/LN_838415_BP_3.jpg,https://www.waitrose.com/ecom/products/philips-100w-b22-warm-white/838415-751435-751436,Philips 100W B22 Warm White,each,£8.95,£4.48 each,20% Off. Was £11.19,Household
837978,Energizer Max D-LR20,G,false,627,https://ecom-su-static-prod.wtrecom.com/images/products/3/LN_837978_BP_3.jpg,https://www.waitrose.com/ecom/products/energizer-max-d-lr20/837978-731386-731387,Energizer Max D-LR20,2s,£4.75,£2.38 each,,Household
837954,Fairy Platinum Plus All In One Dishwasher Tablets Lemon,G,true,628,https://ecom-su-static-prod.wtrecom.com/images/products/3/LN_837954_BP_3.jpg,https://www.waitrose.com/ecom/products/fairy-platinum-plus-all-in-one-dishwasher-tablets-lemon/837954-825914-825915,Fairy Platinum Plus All In One Dishwasher Tablets Lemon,77Each,£15.00,19.5p each,Save 1/3. Was £22.50,Household
837847,JL Core Rose Diffuser,G,false,629,https://ecom-su-static-prod.wtrecom.com/images/products/3/LN_837847_BP_3.jpg,https://www.waitrose.com/ecom/products/jl-core-rose-diffuser/837847-760220-760221,JL Core Rose Diffuser,each,£13.00,£13 each,,Household
837794,Spontex Handy Everyday Disposable Gloves,G,false,630,https://ecom-su-static-prod.wtrecom.com/images/products/3/LN_837794_BP_3.jpg,https://www.waitrose.com/ecom/products/spontex-handy-everyday-disposable-gloves/837794-778708-778709,Spontex Handy Everyday Disposable Gloves,100s,£9.10,9.1p each,,Household
837547,JL Core Coastal Tin Candle,G,false,631,https://ecom-su-static-prod.wtrecom.com/images/products/3/LN_837547_BP_3.jpg,https://www.waitrose.com/ecom/products/jl-core-coastal-tin-candle/837547-760218-760219,JL Core Coastal Tin Candle,each,£5.00,£5 each,,Household
837230,Vileda Classic Turbo Refill,G,false,632,https://ecom-su-static-prod.wtrecom.com/images/products/3/LN_837230_BP_3.jpg,https://www.waitrose.com/ecom/products/vileda-classic-turbo-refill/837230-762572-762573,Vileda Classic Turbo Refill,0.16Kg,£7.90,£4.94/100g,,Household
835668,Energizer Recharge Power Plus AA 1.2V,G,false,633,https://ecom-su-static-prod.wtrecom.com/images/products/3/LN_835668_BP_3.jpg,https://www.waitrose.com/ecom/products/energizer-recharge-power-plus-aa-12v/835668-731384-731385,Energizer Recharge Power Plus AA 1.2V,4s,£14.00,£3.50 each,,Household
834998,Vileda Super Mocio Bucket,G,false,634,https://ecom-su-static-prod.wtrecom.com/images/products/3/LN_834998_BP_3.jpg,https://www.waitrose.com/ecom/products/vileda-super-mocio-bucket/834998-625340-625341,Vileda Super Mocio Bucket,Each,£9.00,£9 each,,Household
834349,Glade Candle Empower Mint,G,false,635,https://ecom-su-static-prod.wtrecom.com/images/products/3/LN_834349_BP_3.jpg,https://www.waitrose.com/ecom/products/glade-candle-empower-mint/834349-819197-819198,Glade Candle Empower Mint,129g,£5.00,£3.88/100g,,Household
833473,JL Core Rose Inclusion Candle,G,false,636,https://ecom-su-static-prod.wtrecom.com/images/products/3/LN_833473_BP_3.jpg,https://www.waitrose.com/ecom/products/jl-core-rose-inclusion-candle/833473-760208-760209,JL Core Rose Inclusion Candle,each,£9.00,£9 each,,Household
832397,JL Core Lavender Tin Candle,G,false,637,https://ecom-su-static-prod.wtrecom.com/images/products/3/LN_832397_BP_3.jpg,https://www.waitrose.com/ecom/products/jl-core-lavender-tin-candle/832397-760202-760203,JL Core Lavender Tin Candle,each,£5.00,£5 each,,Household
832234,Spontex Microfibre Window Cloth,G,false,638,https://ecom-su-static-prod.wtrecom.com/images/products/3/LN_832234_BP_3.jpg,https://www.waitrose.com/ecom/products/spontex-microfibre-window-cloth/832234-762562-762563,Spontex Microfibre Window Cloth,1each,£3.60,£3.60 each,,Household
830424,Vileda Turbo Smart Spin Mop,G,false,639,https://ecom-su-static-prod.wtrecom.com/images/products/3/LN_830424_BP_3.jpg,https://www.waitrose.com/ecom/products/vileda-turbo-smart-spin-mop/830424-758744-758745,Vileda Turbo Smart Spin Mop,Each,£28.35,£28.35 each,,Household
830371,Glade Plug In Refill Superbloomm,G,false,640,https://ecom-su-static-prod.wtrecom.com/images/products/3/LN_830371_BP_3.jpg,https://www.waitrose.com/ecom/products/glade-plug-in-refill-superbloomm/830371-819175-819176,Glade Plug In Refill Superbloomm,20ml,£5.25,£26.25/100ml,,Household
829133,JL Core Coastal Diffuser,G,false,641,https://ecom-su-static-prod.wtrecom.com/images/products/3/LN_829133_BP_3.jpg,https://www.waitrose.com/ecom/products/jl-core-coastal-diffuser/829133-797596-797597,JL Core Coastal Diffuser,each,£13.00,£13 each,,Household
827485,Delphis Eco Anti-Bacterial Cleaner,G,false,642,https://ecom-su-static-prod.wtrecom.com/images/products/3/LN_827485_BP_3.jpg,https://www.waitrose.com/ecom/products/delphis-eco-anti-bacterial-cleaner/827485-753146-753147,Delphis Eco Anti-Bacterial Cleaner,700ml,£4.00,57.1p/100ml,,Household
827051,Marigold Extra Safe,G,false,643,https://ecom-su-static-prod.wtrecom.com/images/products/3/LN_827051_BP_3.jpg,https://www.waitrose.com/ecom/products/marigold-extra-safe/827051-652986-652987,Marigold Extra Safe,40s,£8.40,21p each,,Household
826527,Dr. Beckmann Pet Stain & Odour Remover,G,true,644,https://ecom-su-static-prod.wtrecom.com/images/products/3/LN_826527_BP_3.jpg,https://www.waitrose.com/ecom/products/dr-beckmann-pet-stain-odour-remover/826527-753144-753145,Dr. Beckmann Pet Stain & Odour Remover,650ml,£3.45,53.1p/100ml,save 50p. Was £3.95,Household
825125,Dreft Morning Fresh Laundry Liquid 24W,G,false,645,https://ecom-su-static-prod.wtrecom.com/images/products/3/LN_825125_BP_3.jpg,https://www.waitrose.com/ecom/products/dreft-morning-fresh-laundry-liquid-24w/825125-759748-759749,Dreft Morning Fresh Laundry Liquid 24W,1.2litre,£5.15,£4.30/litre,,Household
823265,AD Pillar Red Small,G,false,646,https://ecom-su-static-prod.wtrecom.com/images/products/3/LN_823265_BP_3.jpg,https://www.waitrose.com/ecom/products/ad-pillar-red-small/823265-663128-663129,AD Pillar Red Small,each,£1.75,£1.75 each,,Household
822951,Neat Foaming Hand Wash Refill Green Tea & Bergamot,G,false,647,https://ecom-su-static-prod.wtrecom.com/images/products/3/LN_822951_BP_3.jpg,https://www.waitrose.com/ecom/products/neat-foaming-hand-wash-refill-green-tea-bergamot/822951-805829-805830,Neat Foaming Hand Wash Refill Green Tea & Bergamot,30ml,£3.15,£10.50/100ml,,Household
821935,Air Wick Purple Lavender Meadow Refill,G,true,648,https://ecom-su-static-prod.wtrecom.com/images/products/3/LN_821935_BP_3.jpg,https://www.waitrose.com/ecom/products/air-wick-purple-lavender-meadow-refill/821935-819139-819140,Air Wick Purple Lavender Meadow Refill,19ml,£3.50,£18.43/100ml,save £1.50. Was £5.00,Household
821539,Air Wick White Crisp Linen and Lilac Electrical Plug Refill Air Freshener,G,true,649,https://ecom-su-static-prod.wtrecom.com/images/products/3/LN_821539_BP_3.jpg,https://www.waitrose.com/ecom/products/air-wick-white-crisp-linen-and-lilac-electrical-plug-refill-air-freshener/821539-762550-762551,Air Wick White Crisp Linen and Lilac Electrical Plug Refill Air Freshener,17ml,£3.50,£20.59/100ml,save £1.50. Was £5.00,Household
821339,Glade Candle Vanilla Blossom,G,false,650,https://ecom-su-static-prod.wtrecom.com/images/products/3/LN_821339_BP_3.jpg,https://www.waitrose.com/ecom/products/glade-candle-vanilla-blossom/821339-703416-703417,Glade Candle Vanilla Blossom,129g,£5.00,£38.76/kg,,Household
821235,Mr Muscle Bio Drain Gel,G,false,651,https://ecom-su-static-prod.wtrecom.com/images/products/3/LN_821235_BP_3.jpg,https://www.waitrose.com/ecom/products/mr-muscle-bio-drain-gel/821235-824193-824194,Mr Muscle Bio Drain Gel,750ml,£5.00,£6.67/litre,,Household
821038,Ecover Laundry Detergent Capsules Bio 18w,G,true,652,https://ecom-su-static-prod.wtrecom.com/images/products/3/LN_821038_BP_3.jpg,https://www.waitrose.com/ecom/products/ecover-laundry-detergent-capsules-bio-18w/821038-825906-825907,Ecover Laundry Detergent Capsules Bio 18w,0.306Kg,£5.60,£18.31/kg,20% Off. Was £7.00,Household
819213,Dr Beckmann Magic Leaves Laundry Detergent Sheet Non Bio,G,false,653,https://ecom-su-static-prod.wtrecom.com/images/products/3/LN_819213_BP_3.jpg,https://www.waitrose.com/ecom/products/dr-beckmann-magic-leaves-laundry-detergent-sheet-non-bio/819213-825904-825905,Dr Beckmann Magic Leaves Laundry Detergent Sheet Non Bio,50Sheet,£8.00,,,Household
819147,Glade Candle Superbloom,G,false,654,https://ecom-su-static-prod.wtrecom.com/images/products/3/LN_819147_BP_3.jpg,https://www.waitrose.com/ecom/products/glade-candle-superbloom/819147-819123-819124,Glade Candle Superbloom,129g,£5.00,£3.88/100g,,Household
818981,Comfort Creations Passion Bloom Fabric Conditioner,G,true,655,https://ecom-su-static-prod.wtrecom.com/images/products/3/LN_818981_BP_3.jpg,https://www.waitrose.com/ecom/products/comfort-creations-passion-bloom-fabric-conditioner/818981-803238-803239,Comfort Creations Passion Bloom Fabric Conditioner,1440ml,£3.00,£2.09/litre,save £1.75. Was £4.75,Household
818748,Energizer Accu Recharge Maxi AA,G,false,656,https://ecom-su-static-prod.wtrecom.com/images/products/3/LN_818748_BP_3.jpg,https://www.waitrose.com/ecom/products/energizer-accu-recharge-maxi-aa/818748-731374-731375,Energizer Accu Recharge Maxi AA,4s,£20.50,£5.13 each,,Household
818302,Covermte Stretch To Fit Food Covers,G,false,657,https://ecom-su-static-prod.wtrecom.com/images/products/3/LN_818302_BP_3.jpg,https://www.waitrose.com/ecom/products/covermte-stretch-to-fit-food-covers/818302-462426-462427,Covermte Stretch To Fit Food Covers,8s,£3.40,42.5p each,,Household
818248,Philips LED Warm White B22 8W,G,true,658,https://ecom-su-static-prod.wtrecom.com/images/products/3/LN_818248_BP_3.jpg,https://www.waitrose.com/ecom/products/philips-led-warm-white-b22-8w/818248-745477-745478,Philips LED Warm White B22 8W,each,£16.15,£2.70 each,20% Off. Was £20.19,Household
817793,Philips LED Candle Warm White E 14 4W,G,true,659,https://ecom-su-static-prod.wtrecom.com/images/products/3/LN_817793_BP_3.jpg,https://www.waitrose.com/ecom/products/philips-led-candle-warm-white-e-14-4w/817793-745475-745476,Philips LED Candle Warm White E 14 4W,each,£5.35,£5.35 each,20% Off. Was £6.69,Household
817197,Dr.Beckmann Upholstery Stain Remover,G,true,660,https://ecom-su-static-prod.wtrecom.com/images/products/3/LN_817197_BP_3.jpg,https://www.waitrose.com/ecom/products/drbeckmann-upholstery-stain-remover/817197-778696-778697,Dr.Beckmann Upholstery Stain Remover,400ml,£3.10,£7.75/litre,save 50p. Was £3.60,Household
816617,Comfort Summer Bouquet Fabric Conditioner 38W,G,false,661,https://ecom-su-static-prod.wtrecom.com/images/products/3/LN_816617_BP_3.jpg,https://www.waitrose.com/ecom/products/comfort-summer-bouquet-fabric-conditioner-38w/816617-825900-825901,Comfort Summer Bouquet Fabric Conditioner 38W,570ml,£3.00,£5.27/litre,,Household
815697,Air Wick 24/7 Refill Cotton,G,false,662,https://ecom-su-static-prod.wtrecom.com/images/products/3/LN_815697_BP_3.jpg,https://www.waitrose.com/ecom/products/air-wick-24-7-refill-cotton/815697-795836-795837,Air Wick 24/7 Refill Cotton,228ml,£7.00,£3.08/100ml,,Household
815403,Zoflora Concentrate Midnight Blooms,G,false,663,https://ecom-su-static-prod.wtrecom.com/images/products/3/LN_815403_BP_3.jpg,https://www.waitrose.com/ecom/products/zoflora-concentrate-midnight-blooms/815403-824189-824190,Zoflora Concentrate Midnight Blooms,0.48Kg,£6.00,,,Household
814154,Lenor In-Wash Scent Booster Spring Awakening,G,false,664,https://ecom-su-static-prod.wtrecom.com/images/products/3/LN_814154_BP_3.jpg,https://www.waitrose.com/ecom/products/lenor-in-wash-scent-booster-spring-awakening/814154-705674-705675,Lenor In-Wash Scent Booster Spring Awakening,320g,£7.50,£23.44/kg,,Household
813827,Price's Chef's Kitchen Diffuser,G,true,665,https://ecom-su-static-prod.wtrecom.com/images/products/3/LN_813827_BP_3.jpg,https://www.waitrose.com/ecom/products/prices-chefs-kitchen-diffuser/813827-311376-311377,Price's Chef's Kitchen Diffuser,100ml,£6.66,£6.66/100ml,Save 1/3. Was £10.00,Household
813653,Philips LED Warm White Ball E14 5.5W,G,true,666,https://ecom-su-static-prod.wtrecom.com/images/products/3/LN_813653_BP_3.jpg,https://www.waitrose.com/ecom/products/philips-led-warm-white-ball-e14-55w/813653-745463-745464,Philips LED Warm White Ball E14 5.5W,each,£4.47,£4.47 each,20% Off. Was £5.59,Household
813436,Comfort First Blooms Fabric Conditioner 38W,G,false,667,https://ecom-su-static-prod.wtrecom.com/images/products/3/LN_813436_BP_3.jpg,https://www.waitrose.com/ecom/products/comfort-first-blooms-fabric-conditioner-38w/813436-825898-825899,Comfort First Blooms Fabric Conditioner 38W,570ml,£3.00,£5.27/litre,,Household
812980,JL Core Rose Diffuser Refill,G,false,668,https://ecom-su-static-prod.wtrecom.com/images/products/3/LN_812980_BP_3.jpg,https://www.waitrose.com/ecom/products/jl-core-rose-diffuser-refill/812980-760176-760177,JL Core Rose Diffuser Refill,each,£13.00,£13 each,,Household
812734,Air Wick Fresh Spring Oasis Electric Refill,G,true,669,https://ecom-su-static-prod.wtrecom.com/images/products/3/LN_812734_BP_3.jpg,https://www.waitrose.com/ecom/products/air-wick-fresh-spring-oasis-electric-refill/812734-819095-819096,Air Wick Fresh Spring Oasis Electric Refill,19ml,£3.50,£18.43/100ml,save £1.50. Was £5.00,Household
812212,AD Dinner Candles Red,G,false,670,https://ecom-su-static-prod.wtrecom.com/images/products/3/LN_812212_BP_3.jpg,https://www.waitrose.com/ecom/products/ad-dinner-candles-red/812212-663104-663105,AD Dinner Candles Red,each,£5.00,£5 each,,Household
811736,JL Core Coastal Jar Candle,G,false,671,https://ecom-su-static-prod.wtrecom.com/images/products/3/LN_811736_BP_3.jpg,https://www.waitrose.com/ecom/products/jl-core-coastal-jar-candle/811736-797460-797461,JL Core Coastal Jar Candle,each,£8.50,£8.50 each,,Household
811393,Philips 48W E27 Warm White,G,true,672,https://ecom-su-static-prod.wtrecom.com/images/products/3/LN_811393_BP_3.jpg,https://www.waitrose.com/ecom/products/philips-48w-e27-warm-white/811393-751165-751166,Philips 48W E27 Warm White,each,£4.80,£4.80 each,20% Off. Was £6.00,Household
809879,"Lékué Ice Cube Box, White",G,true,673,https://ecom-su-static-prod.wtrecom.com/images/products/3/LN_809879_BP_3.jpg,https://www.waitrose.com/ecom/products/lekue-ice-cube-box-white/809879-824005-824006,"Lékué Ice Cube Box, White",each,£9.67,£9.67 each,25% Off. Was £12.90,Household
808835,"JL Senti Tealights Bal, Calm, Dream",G,false,674,https://ecom-su-static-prod.wtrecom.com/images/products/3/LN_808835_BP_3.jpg,https://www.waitrose.com/ecom/products/jl-senti-tealights-bal-calm-dream/808835-810336-810337,"JL Senti Tealights Bal, Calm, Dream",each,£5.00,£5 each,,Household
807771,Bold Northern Solstice Washing Capsules 33W,G,true,675,https://ecom-su-static-prod.wtrecom.com/images/products/3/LN_807771_BP_3.jpg,https://www.waitrose.com/ecom/products/bold-northern-solstice-washing-capsules-33w/807771-825896-825897,Bold Northern Solstice Washing Capsules 33W,33Each,£7.50,22.7p each,25% Off. Was £10.00,Household
804487,JL Senti Green Energy Taper 4pk,G,false,676,https://ecom-su-static-prod.wtrecom.com/images/products/3/LN_804487_BP_3.jpg,https://www.waitrose.com/ecom/products/jl-senti-green-energy-taper-4pk/804487-810332-810333,JL Senti Green Energy Taper 4pk,4s,£5.00,£1.25 each,,Household
802847,JL Senti White Calm Taper 4pk,G,false,677,https://ecom-su-static-prod.wtrecom.com/images/products/3/LN_802847_BP_3.jpg,https://www.waitrose.com/ecom/products/jl-senti-white-calm-taper-4pk/802847-810330-810331,JL Senti White Calm Taper 4pk,4s,£5.00,£1.25 each,,Household
801452,JL Core White Tea Diffuser,G,false,678,https://ecom-su-static-prod.wtrecom.com/images/products/3/LN_801452_BP_3.jpg,https://www.waitrose.com/ecom/products/jl-core-white-tea-diffuser/801452-760164-760165,JL Core White Tea Diffuser,each,£13.00,£13 each,,Household
800779,JL Senti Purple Dream Taper 4pk,G,false,679,https://ecom-su-static-prod.wtrecom.com/images/products/3/LN_800779_BP_3.jpg,https://www.waitrose.com/ecom/products/jl-senti-purple-dream-taper-4pk/800779-810328-810329,JL Senti Purple Dream Taper 4pk,4s,£5.00,£1.25 each,,Household
800574,Dylon Whitener & Stain Remover,G,false,680,https://ecom-su-static-prod.wtrecom.com/images/products/3/LN_800574_BP_3.jpg,https://www.waitrose.com/ecom/products/dylon-whitener-stain-remover/800574-778430-778431,Dylon Whitener & Stain Remover,5Each,£2.85,57p each,,Household
798432,Marigold Sensitive Glove Medium,G,false,681,https://ecom-su-static-prod.wtrecom.com/images/products/3/LN_798432_BP_3.jpg,https://www.waitrose.com/ecom/products/marigold-sensitive-glove-medium/798432-813422-813423,Marigold Sensitive Glove Medium,1Each,£3.60,£3.60 each,,Household
796552,JL Senti Red Love Diffuser,G,false,682,https://ecom-su-static-prod.wtrecom.com/images/products/3/LN_796552_BP_3.jpg,https://www.waitrose.com/ecom/products/jl-senti-red-love-diffuser/796552-810326-810327,JL Senti Red Love Diffuser,each,£10.00,£10 each,,Household
794025,Cushelle Original Toilet Rolls 12 Mega Rolls,G,false,683,https://ecom-su-static-prod.wtrecom.com/images/products/3/LN_794025_BP_3.jpg,https://www.waitrose.com/ecom/products/cushelle-original-toilet-rolls-12-mega-rolls/794025-827481-827482,Cushelle Original Toilet Rolls 12 Mega Rolls,12x270Sheet,£11.85,36.6p/100 sheets,,Household
790649,AD Dinner Candles Ivory,G,false,684,https://ecom-su-static-prod.wtrecom.com/images/products/3/LN_790649_BP_3.jpg,https://www.waitrose.com/ecom/products/ad-dinner-candles-ivory/790649-663052-663053,AD Dinner Candles Ivory,each,£5.00,£5 each,,Household
787745,Red Love Pillar,G,false,685,https://ecom-su-static-prod.wtrecom.com/images/products/3/LN_787745_BP_3.jpg,https://www.waitrose.com/ecom/products/red-love-pillar/787745-810324-810325,Red Love Pillar,each,£6.00,£6 each,,Household
787728,JL Core Jasmine Jar Candle,G,false,686,https://ecom-su-static-prod.wtrecom.com/images/products/3/LN_787728_BP_3.jpg,https://www.waitrose.com/ecom/products/jl-core-jasmine-jar-candle/787728-760156-760157,JL Core Jasmine Jar Candle,each,£8.50,£8.50 each,,Household
784429,Neat Refillable Foaming Hand Wash Green Tea & Bergamot,G,false,687,https://ecom-su-static-prod.wtrecom.com/images/products/3/LN_784429_BP_3.jpg,https://www.waitrose.com/ecom/products/neat-refillable-foaming-hand-wash-green-tea-bergamot/784429-805823-805824,Neat Refillable Foaming Hand Wash Green Tea & Bergamot,30ml,£8.00,£26.67/100ml,,Household
782197,Lenor In-Wash Scent Booster Northern Solstice,G,true,688,https://ecom-su-static-prod.wtrecom.com/images/products/3/LN_782197_BP_3.jpg,https://www.waitrose.com/ecom/products/lenor-in-wash-scent-booster-northern-solstice/782197-825888-825889,Lenor In-Wash Scent Booster Northern Solstice,320g,£5.00,£15.63/kg,Save 1/3. Was £7.50,Household
780060,Febreze Fabric Freshener Pet,G,true,689,https://ecom-su-static-prod.wtrecom.com/images/products/3/LN_780060_BP_3.jpg,https://www.waitrose.com/ecom/products/febreze-fabric-freshener-pet/780060-795822-795823,Febreze Fabric Freshener Pet,375ml,£3.50,93.3p/100ml,Add 2 for £5,Household
779183,Glade Candle Pure Happiness,G,false,690,https://ecom-su-static-prod.wtrecom.com/images/products/3/LN_779183_BP_3.jpg,https://www.waitrose.com/ecom/products/glade-candle-pure-happiness/779183-762506-762507,Glade Candle Pure Happiness,260g,£9.45,£3.64/100g,,Household
778451,Glade Candle Pure Clean Linen,G,false,691,https://ecom-su-static-prod.wtrecom.com/images/products/3/LN_778451_BP_3.jpg,https://www.waitrose.com/ecom/products/glade-candle-pure-clean-linen/778451-703289-703290,Glade Candle Pure Clean Linen,224g,£8.00,£35.72/kg,,Household
778443,Duracell Optimum AAA 8 Pack,G,false,692,https://ecom-su-static-prod.wtrecom.com/images/products/3/LN_778443_BP_3.jpg,https://www.waitrose.com/ecom/products/duracell-optimum-aaa-8-pack/778443-759844-759845,Duracell Optimum AAA 8 Pack,Each,£10.50,£10.50 each,,Household
776511,JL Core Jasmine Inclusion Candle,G,false,693,https://ecom-su-static-prod.wtrecom.com/images/products/3/LN_776511_BP_3.jpg,https://www.waitrose.com/ecom/products/jl-core-jasmine-inclusion-candle/776511-760148-760149,JL Core Jasmine Inclusion Candle,each,£9.00,£9 each,,Household
772743,AD Maxi Tealights x12,G,false,694,https://ecom-su-static-prod.wtrecom.com/images/products/3/LN_772743_BP_3.jpg,https://www.waitrose.com/ecom/products/ad-maxi-tealights-x12/772743-663014-663015,AD Maxi Tealights x12,each,£4.00,£4 each,,Household
771763,AWorks Restful Diffuser,G,true,695,https://ecom-su-static-prod.wtrecom.com/images/products/3/LN_771763_BP_3.jpg,https://www.waitrose.com/ecom/products/aworks-restful-diffuser/771763-720301-720302,AWorks Restful Diffuser,Each,£8.00,£8 each,20% Off. Was £10.00,Household
768629,Lenor Unstoppables In-Wash Scent Booster,G,false,696,https://ecom-su-static-prod.wtrecom.com/images/products/3/LN_768629_BP_3.jpg,https://www.waitrose.com/ecom/products/lenor-unstoppables-in-wash-scent-booster/768629-803226-803227,Lenor Unstoppables In-Wash Scent Booster,570g,£10.00,£17.55/kg,,Household
768558,Dreft Delicate & Wool Laundry Liquid 24W,G,false,697,https://ecom-su-static-prod.wtrecom.com/images/products/3/LN_768558_BP_3.jpg,https://www.waitrose.com/ecom/products/dreft-delicate-wool-laundry-liquid-24w/768558-759732-759733,Dreft Delicate & Wool Laundry Liquid 24W,1.2litre,£5.15,£4.30/litre,,Household
767911,Philips Oven Bulb E14 25W,G,true,698,https://ecom-su-static-prod.wtrecom.com/images/products/3/LN_767911_BP_3.jpg,https://www.waitrose.com/ecom/products/philips-oven-bulb-e14-25w/767911-754691-754692,Philips Oven Bulb E14 25W,each,£4.35,£4.35 each,20% Off. Was £5.44,Household
766879,Philips Dimmable LED Clear 8.5W B22,G,true,699,https://ecom-su-static-prod.wtrecom.com/images/products/3/LN_766879_BP_3.jpg,https://www.waitrose.com/ecom/products/philips-dimmable-led-clear-85w-b22/766879-745387-745388,Philips Dimmable LED Clear 8.5W B22,each,£6.31,£6.31 each,20% Off. Was £7.89,Household
765002,Cherry Blossom Shine & Go Neutral,G,false,700,https://ecom-su-static-prod.wtrecom.com/images/products/3/LN_765002_BP_3.jpg,https://www.waitrose.com/ecom/products/cherry-blossom-shine-go-neutral/765002-784020-784021,Cherry Blossom Shine & Go Neutral,6ml,£4.55,£75.84/100ml,,Household
764478,Flash Power Mop Starter Kit,G,true,701,https://ecom-su-static-prod.wtrecom.com/images/products/3/LN_764478_BP_3.jpg,https://www.waitrose.com/ecom/products/flash-power-mop-starter-kit/764478-824181-824182,Flash Power Mop Starter Kit,1each,£29.00,£29 each,save £11.00. Was £40.00,Household
763279,Essential Colour Laundry Gel,G,false,702,https://ecom-su-static-prod.wtrecom.com/images/products/3/LN_763279_BP_3.jpg,https://www.waitrose.com/ecom/products/essential-colour-laundry-gel/763279-815357-815358,Essential Colour Laundry Gel,720ml,£3.00,£4.17/litre,,Household
762845,Big K Firewood Kindling,G,false,703,https://ecom-su-static-prod.wtrecom.com/images/products/3/LN_762845_BP_3.jpg,https://www.waitrose.com/ecom/products/big-k-firewood-kindling/762845-384765-384766,Big K Firewood Kindling,Each,£4.50,£4.50 each,,Household
760445,Glade Pure Happiness Reed Diffusers,G,true,704,https://ecom-su-static-prod.wtrecom.com/images/products/3/LN_760445_BP_3.jpg,https://www.waitrose.com/ecom/products/glade-pure-happiness-reed-diffusers/760445-762496-762497,Glade Pure Happiness Reed Diffusers,80ml,£9.45,£11.82/100ml,Add 2 for £10,Household
759634,Ecoegg Laundry Egg Refills 50W,G,false,705,https://ecom-su-static-prod.wtrecom.com/images/products/3/LN_759634_BP_3.jpg,https://www.waitrose.com/ecom/products/ecoegg-laundry-egg-refills-50w/759634-698130-698131,Ecoegg Laundry Egg Refills 50W,50s,£5.00,10p each,,Household
759259,Air Wick Smooth Satin and Moon Lily Freshmatic Refill Air Freshener,G,false,706,https://ecom-su-static-prod.wtrecom.com/images/products/3/LN_759259_BP_3.jpg,https://www.waitrose.com/ecom/products/air-wick-smooth-satin-and-moon-lily-freshmatic-refill-air-freshener/759259-455032-455033,Air Wick Smooth Satin and Moon Lily Freshmatic Refill Air Freshener,250ml,£6.00,£2.40/100ml,,Household
757029,Philips LED 100W B22 Warm White,G,true,707,https://ecom-su-static-prod.wtrecom.com/images/products/3/LN_757029_BP_3.jpg,https://www.waitrose.com/ecom/products/philips-led-100w-b22-warm-white/757029-768543-768544,Philips LED 100W B22 Warm White,each,£8.95,£8.95 each,20% Off. Was £11.19,Household
756732,Essential Bio Laundry Gel,G,false,708,https://ecom-su-static-prod.wtrecom.com/images/products/3/LN_756732_BP_3.jpg,https://www.waitrose.com/ecom/products/essential-bio-laundry-gel/756732-815353-815354,Essential Bio Laundry Gel,720ml,£3.00,£4.17/litre,,Household
756231,Philips 60W E27 Non-Dimmable Cool,G,true,709,https://ecom-su-static-prod.wtrecom.com/images/products/3/LN_756231_BP_3.jpg,https://www.waitrose.com/ecom/products/philips-60w-e27-non-dimmable-cool/756231-791189-791190,Philips 60W E27 Non-Dimmable Cool,each,£9.59,£9.59 each,20% Off. Was £11.99,Household
753073,AromaWorks essential Oil Diffuser,G,true,710,https://ecom-su-static-prod.wtrecom.com/images/products/3/LN_753073_BP_3.jpg,https://www.waitrose.com/ecom/products/aromaworks-essential-oil-diffuser/753073-736083-736084,AromaWorks essential Oil Diffuser,Each,£12.00,£12 each,20% Off. Was £15.00,Household
751294,Homethings Bio Laundry Sheets 32W,G,false,711,https://ecom-su-static-prod.wtrecom.com/images/products/3/LN_751294_BP_3.jpg,https://www.waitrose.com/ecom/products/homethings-bio-laundry-sheets-32w/751294-825882-825883,Homethings Bio Laundry Sheets 32W,32Each,£8.00,25p each,,Household
749384,Glade Sense & Spray Relaxing Zen Refill,G,true,712,https://ecom-su-static-prod.wtrecom.com/images/products/3/LN_749384_BP_3.jpg,https://www.waitrose.com/ecom/products/glade-sense-spray-relaxing-zen-refill/749384-810784-810785,Glade Sense & Spray Relaxing Zen Refill,18ml,£2.50,£13.89/100ml,save £1.50. Was £4.00,Household
743662,Philips LED Warm White E27 8W,G,true,713,https://ecom-su-static-prod.wtrecom.com/images/products/3/LN_743662_BP_3.jpg,https://www.waitrose.com/ecom/products/philips-led-warm-white-e27-8w/743662-745353-745354,Philips LED Warm White E27 8W,each,£7.19,£3.60 each,20% Off. Was £8.99,Household
741400,Surf Coconut Bliss Concentrated Disinfectant,G,true,714,https://ecom-su-static-prod.wtrecom.com/images/products/3/LN_741400_BP_3.jpg,https://www.waitrose.com/ecom/products/surf-coconut-bliss-concentrated-disinfectant/741400-813306-813307,Surf Coconut Bliss Concentrated Disinfectant,240ml,£2.50,£10.42/litre,save 50p. Was £3.00,Household
739280,AD Pillar White Small,G,false,715,https://ecom-su-static-prod.wtrecom.com/images/products/3/LN_739280_BP_3.jpg,https://www.waitrose.com/ecom/products/ad-pillar-white-small/739280-662960-662961,AD Pillar White Small,each,£2.50,£2.50 each,,Household
734904,JL Core Lavender Inclusion Candle,G,false,716,https://ecom-su-static-prod.wtrecom.com/images/products/3/LN_734904_BP_3.jpg,https://www.waitrose.com/ecom/products/jl-core-lavender-inclusion-candle/734904-760128-760129,JL Core Lavender Inclusion Candle,each,£9.00,£9 each,,Household
732089,Philips LED White 4.3W B22,G,true,717,https://ecom-su-static-prod.wtrecom.com/images/products/3/LN_732089_BP_3.jpg,https://www.waitrose.com/ecom/products/philips-led-white-43w-b22/732089-745335-745336,Philips LED White 4.3W B22,each,£5.35,£5.35 each,20% Off. Was £6.69,Household
731911,Philips LED 25W G9 Warm White,G,true,718,https://ecom-su-static-prod.wtrecom.com/images/products/3/LN_731911_BP_3.jpg,https://www.waitrose.com/ecom/products/philips-led-25w-g9-warm-white/731911-768493-768494,Philips LED 25W G9 Warm White,each,£8.95,£8.95 each,20% Off. Was £11.19,Household
726444,Flash Task Kitchen Spray Fresh Citrus,G,false,719,https://ecom-su-static-prod.wtrecom.com/images/products/3/LN_726444_BP_3.jpg,https://www.waitrose.com/ecom/products/flash-task-kitchen-spray-fresh-citrus/726444-813304-813305,Flash Task Kitchen Spray Fresh Citrus,800ml,£3.35,£4.19/litre,,Household
722363,Honey Splash Small Candle Holder,G,false,720,https://ecom-su-static-prod.wtrecom.com/images/products/3/LN_722363_BP_3.jpg,https://www.waitrose.com/ecom/products/honey-splash-small-candle-holder/722363-794648-794649,Honey Splash Small Candle Holder,each,£6.00,£6 each,,Household
720243,Comfort Pure Fabric Conditioner for sensitive skin,G,false,721,https://ecom-su-static-prod.wtrecom.com/images/products/3/LN_720243_BP_3.jpg,https://www.waitrose.com/ecom/products/comfort-pure-fabric-conditioner-for-sensitive-skin/720243-691138-691139,Comfort Pure Fabric Conditioner for sensitive skin,4800ml,£13.00,£2.71/litre,,Household
719569,Fairy In Wash Scent Booster Beads,G,false,722,https://ecom-su-static-prod.wtrecom.com/images/products/3/LN_719569_BP_3.jpg,https://www.waitrose.com/ecom/products/fairy-in-wash-scent-booster-beads/719569-803216-803217,Fairy In Wash Scent Booster Beads,570g,£10.00,£17.55/kg,,Household
719074,Finish Quantum Lemon Dishwasher Tablets 24W,G,false,723,https://ecom-su-static-prod.wtrecom.com/images/products/3/LN_719074_BP_3.jpg,https://www.waitrose.com/ecom/products/finish-quantum-lemon-dishwasher-tablets-24w/719074-825868-825869,Finish Quantum Lemon Dishwasher Tablets 24W,24Each,£7.00,29.2p each,,Household
717105,Price's Lavender & Lemongrass Reed Diffuser,G,true,724,https://ecom-su-static-prod.wtrecom.com/images/products/3/LN_717105_BP_3.jpg,https://www.waitrose.com/ecom/products/prices-lavender-lemongrass-reed-diffuser/717105-818878-818879,Price's Lavender & Lemongrass Reed Diffuser,100ml,£6.66,£6.66/100ml,Save 1/3. Was £10.00,Household
716122,Delphis Eco Limescale Remover,G,false,725,https://ecom-su-static-prod.wtrecom.com/images/products/3/LN_716122_BP_3.jpg,https://www.waitrose.com/ecom/products/delphis-eco-limescale-remover/716122-753060-753061,Delphis Eco Limescale Remover,700ml,£4.00,57.1p/100ml,,Household
714207,JL Senti Blue Balance Glass Candle,G,false,726,https://ecom-su-static-prod.wtrecom.com/images/products/3/LN_714207_BP_3.jpg,https://www.waitrose.com/ecom/products/jl-senti-blue-balance-glass-candle/714207-810322-810323,JL Senti Blue Balance Glass Candle,each,£7.00,£7 each,,Household
713269,Neat Antibac Refillable Bathroom Cleaner Sage & Mint,G,false,727,https://ecom-su-static-prod.wtrecom.com/images/products/3/LN_713269_BP_3.jpg,https://www.waitrose.com/ecom/products/neat-antibac-refillable-bathroom-cleaner-sage-mint/713269-778642-778643,Neat Antibac Refillable Bathroom Cleaner Sage & Mint,30ml,£6.00,£20/100ml,,Household
712498,Method Shower Ylang Ylang Refill,G,false,728,https://ecom-su-static-prod.wtrecom.com/images/products/3/LN_712498_BP_3.jpg,https://www.waitrose.com/ecom/products/method-shower-ylang-ylang-refill/712498-813300-813301,Method Shower Ylang Ylang Refill,2litre,£7.00,£3.50/litre,,Household
712346,Glade Moment of Zen Reed Diffusers,G,true,729,https://ecom-su-static-prod.wtrecom.com/images/products/3/LN_712346_BP_3.jpg,https://www.waitrose.com/ecom/products/glade-moment-of-zen-reed-diffusers/712346-762472-762473,Glade Moment of Zen Reed Diffusers,80ml,£9.45,£11.82/100ml,Add 2 for £10,Household
709270,Big K Woodies Firelighters,G,false,730,https://ecom-su-static-prod.wtrecom.com/images/products/3/LN_709270_BP_3.jpg,https://www.waitrose.com/ecom/products/big-k-woodies-firelighters/709270-688331-688332,Big K Woodies Firelighters,300g,£4.00,£1.34/100g,,Household
709014,Price's Household Diffuser,G,true,731,https://ecom-su-static-prod.wtrecom.com/images/products/3/LN_709014_BP_3.jpg,https://www.waitrose.com/ecom/products/prices-household-diffuser/709014-454697-454698,Price's Household Diffuser,100ml,£6.66,£6.66/100ml,Save 1/3. Was £10.00,Household
701806,John Lewis Bag Clips x8,G,false,732,https://ecom-su-static-prod.wtrecom.com/images/products/3/LN_701806_BP_3.jpg,https://www.waitrose.com/ecom/products/john-lewis-bag-clips-x8/701806-612272-612273,John Lewis Bag Clips x8,1,£4.00,50p each,,Household
701217,Essential Stain Remover Powder Colour,G,false,733,https://ecom-su-static-prod.wtrecom.com/images/products/3/LN_701217_BP_3.jpg,https://www.waitrose.com/ecom/products/essential-stain-remover-powder-colour/701217-815328-815329,Essential Stain Remover Powder Colour,1kg,£3.25,£3.25/kg,,Household
699156,Purple Dream Diffuser,G,false,734,https://ecom-su-static-prod.wtrecom.com/images/products/3/LN_699156_BP_3.jpg,https://www.waitrose.com/ecom/products/purple-dream-diffuser/699156-810318-810319,Purple Dream Diffuser,each,£10.00,£10 each,,Household
698612,Bold All-in-1 Platinum Pods Cherry Blossom 44 Washes,G,false,735,https://ecom-su-static-prod.wtrecom.com/images/products/3/LN_698612_BP_3.jpg,https://www.waitrose.com/ecom/products/bold-all-in-1-platinum-pods-cherry-blossom-44-washes/698612-815326-815327,Bold All-in-1 Platinum Pods Cherry Blossom 44 Washes,44Each,£14.00,31.8p each,,Household
698427,Philips Dimmable White LED E27 7W,G,true,736,https://ecom-su-static-prod.wtrecom.com/images/products/3/LN_698427_BP_3.jpg,https://www.waitrose.com/ecom/products/philips-dimmable-white-led-e27-7w/698427-745291-745292,Philips Dimmable White LED E27 7W,each,£6.31,£6.31 each,20% Off. Was £7.89,Household
696116,Glade Refreshing Eucalyptus & Lavender,G,true,737,https://ecom-su-static-prod.wtrecom.com/images/products/3/LN_696116_BP_3.jpg,https://www.waitrose.com/ecom/products/glade-refreshing-eucalyptus-lavender/696116-818832-818833,Glade Refreshing Eucalyptus & Lavender,300ml,£2.25,75p/100ml,Add 2 for £3,Household
695931,Febreze 3Volution Refill Vanilla,G,true,738,https://ecom-su-static-prod.wtrecom.com/images/products/3/LN_695931_BP_3.jpg,https://www.waitrose.com/ecom/products/febreze-3volution-refill-vanilla/695931-810764-810765,Febreze 3Volution Refill Vanilla,20ml,£5.00,£25/100ml,Add 2 for £7,Household
695507,JL Senti White Calm Diffuser,G,false,739,https://ecom-su-static-prod.wtrecom.com/images/products/3/LN_695507_BP_3.jpg,https://www.waitrose.com/ecom/products/jl-senti-white-calm-diffuser/695507-810316-810317,JL Senti White Calm Diffuser,each,£10.00,£10 each,,Household
695215,JL Senti Blue Balance Diffuser,G,false,740,https://ecom-su-static-prod.wtrecom.com/images/products/3/LN_695215_BP_3.jpg,https://www.waitrose.com/ecom/products/jl-senti-blue-balance-diffuser/695215-810314-810315,JL Senti Blue Balance Diffuser,each,£10.00,£10 each,,Household
692946,Acana Natural Fridge Odour Absorber,G,false,741,https://ecom-su-static-prod.wtrecom.com/images/products/3/LN_692946_BP_3.jpg,https://www.waitrose.com/ecom/products/acana-natural-fridge-odour-absorber/692946-311275-311276,Acana Natural Fridge Odour Absorber,200g,£4.00,£20/kg,,Household
692931,Homethings Eco Dish Tabs 40W,G,false,742,https://ecom-su-static-prod.wtrecom.com/images/products/3/LN_692931_BP_3.jpg,https://www.waitrose.com/ecom/products/homethings-eco-dish-tabs-40w/692931-778368-778369,Homethings Eco Dish Tabs 40W,40s,£9.50,23.8p each,,Household
691867,Philips LED Frosted 2.8W E14,G,true,743,https://ecom-su-static-prod.wtrecom.com/images/products/3/LN_691867_BP_3.jpg,https://www.waitrose.com/ecom/products/philips-led-frosted-28w-e14/691867-745283-745284,Philips LED Frosted 2.8W E14,each,£4.47,£4.47 each,20% Off. Was £5.59,Household
691487,Town Talk Silver Polish,G,false,744,https://ecom-su-static-prod.wtrecom.com/images/products/3/LN_691487_BP_3.jpg,https://www.waitrose.com/ecom/products/town-talk-silver-polish/691487-824161-824162,Town Talk Silver Polish,250ml,£10.50,£42/litre,,Household
690784,Spontex Microfibre Duster,G,false,745,https://ecom-su-static-prod.wtrecom.com/images/products/3/LN_690784_BP_3.jpg,https://www.waitrose.com/ecom/products/spontex-microfibre-duster/690784-824159-824160,Spontex Microfibre Duster,Each,£2.00,,,Household
689869,Persil Wonder Wash Bio Odour Defy Liquid 55W,G,false,746,https://ecom-su-static-prod.wtrecom.com/images/products/3/LN_689869_BP_3.jpg,https://www.waitrose.com/ecom/products/persil-wonder-wash-bio-odour-defy-liquid-55w/689869-825864-825865,Persil Wonder Wash Bio Odour Defy Liquid 55W,1485ml,£10.00,£6.74/litre,,Household
688973,Philips LED White Frosted 8W B22,G,true,747,https://ecom-su-static-prod.wtrecom.com/images/products/3/LN_688973_BP_3.jpg,https://www.waitrose.com/ecom/products/philips-led-white-frosted-8w-b22/688973-745281-745282,Philips LED White Frosted 8W B22,each,£4.47,£4.47 each,20% Off. Was £5.59,Household
687149,Apple Magsafe Charger,G,false,748,https://ecom-su-static-prod.wtrecom.com/images/products/3/LN_687149_BP_3.jpg,https://www.waitrose.com/ecom/products/apple-magsafe-charger/687149-754397-754398,Apple Magsafe Charger,each,£45.00,£45 each,,Household
686506,Duracell Plus 100% AA 20pk,G,false,749,https://ecom-su-static-prod.wtrecom.com/images/products/3/LN_686506_BP_3.jpg,https://www.waitrose.com/ecom/products/duracell-plus-100-aa-20pk/686506-806388-806389,Duracell Plus 100% AA 20pk,20s,£17.50,87.5p each,,Household
685981,Finish Ultimate+ Lemon Dishwasher Tablets 62W,G,false,750,https://ecom-su-static-prod.wtrecom.com/images/products/3/LN_685981_BP_3.jpg,https://www.waitrose.com/ecom/products/finish-ultimate-lemon-dishwasher-tablets-62w/685981-825862-825863,Finish Ultimate+ Lemon Dishwasher Tablets 62W,62Each,£18.00,29p each,,Household
685094,Neat Refillable Daily Shower Cleaner Fig & Violet,G,false,751,https://ecom-su-static-prod.wtrecom.com/images/products/3/LN_685094_BP_3.jpg,https://www.waitrose.com/ecom/products/neat-refillable-daily-shower-cleaner-fig-violet/685094-795124-795125,Neat Refillable Daily Shower Cleaner Fig & Violet,30ml,£6.00,£20/100ml,,Household
683547,Philips LED 40W Candle Bulb E14,G,true,752,https://ecom-su-static-prod.wtrecom.com/images/products/3/LN_683547_BP_3.jpg,https://www.waitrose.com/ecom/products/philips-led-40w-candle-bulb-e14/683547-768401-768402,Philips LED 40W Candle Bulb E14,each,£7.19,£7.19 each,20% Off. Was £8.99,Household
675716,Philips LED White Frosted 8W E27,G,true,753,https://ecom-su-static-prod.wtrecom.com/images/products/3/LN_675716_BP_3.jpg,https://www.waitrose.com/ecom/products/philips-led-white-frosted-8w-e27/675716-745269-745270,Philips LED White Frosted 8W E27,each,£4.47,£4.47 each,20% Off. Was £5.59,Household
674715,E-Cloth Non-Scratch Scrubbing Pads,G,true,754,https://ecom-su-static-prod.wtrecom.com/images/products/3/LN_674715_BP_3.jpg,https://www.waitrose.com/ecom/products/e-cloth-non-scratch-scrubbing-pads/674715-795122-795123,E-Cloth Non-Scratch Scrubbing Pads,Each,£3.75,£3.75 each,25% Off. Was £5.00,Household
673603,Glade Candle Calm Mind,G,false,755,https://ecom-su-static-prod.wtrecom.com/images/products/3/LN_673603_BP_3.jpg,https://www.waitrose.com/ecom/products/glade-candle-calm-mind/673603-762448-762449,Glade Candle Calm Mind,260g,£9.45,£3.64/100g,,Household
670228,Lenor In-Wash Scent Booster Cherry Blossom & Rose Water,G,true,756,https://ecom-su-static-prod.wtrecom.com/images/products/3/LN_670228_BP_3.jpg,https://www.waitrose.com/ecom/products/lenor-in-wash-scent-booster-cherry-blossom-rose-water/670228-815308-815309,Lenor In-Wash Scent Booster Cherry Blossom & Rose Water,320g,£5.00,£1.57/100g,Save 1/3. Was £7.50,Household
669337,Febreze 3volution Plug In Starter Kit Vanilla,G,true,757,https://ecom-su-static-prod.wtrecom.com/images/products/3/LN_669337_BP_3.jpg,https://www.waitrose.com/ecom/products/febreze-3volution-plug-in-starter-kit-vanilla/669337-818787-818788,Febreze 3volution Plug In Starter Kit Vanilla,20ml,£6.00,£30/100ml,Save 1/3. Was £9.00,Household
668211,Philips 50W GU5.3 Warm White,G,true,758,https://ecom-su-static-prod.wtrecom.com/images/products/3/LN_668211_BP_3.jpg,https://www.waitrose.com/ecom/products/philips-50w-gu53-warm-white/668211-750223-750224,Philips 50W GU5.3 Warm White,each,£12.55,£12.55 each,20% Off. Was £15.69,Household
666480,Persil Wonder Wash Bio Odour Defy Liquid 31W,G,false,759,https://ecom-su-static-prod.wtrecom.com/images/products/3/LN_666480_BP_3.jpg,https://www.waitrose.com/ecom/products/persil-wonder-wash-bio-odour-defy-liquid-31w/666480-825854-825855,Persil Wonder Wash Bio Odour Defy Liquid 31W,837ml,£7.00,£8.37/litre,,Household
662661,Lenor Unstoppables Fresh In-Wash Scent Booster Large Pack,G,false,760,https://ecom-su-static-prod.wtrecom.com/images/products/3/LN_662661_BP_3.jpg,https://www.waitrose.com/ecom/products/lenor-unstoppables-fresh-in-wash-scent-booster-large-pack/662661-364437-364438,Lenor Unstoppables Fresh In-Wash Scent Booster Large Pack,320g,£7.50,£23.44/kg,,Household
659070,"John Lewis ANYDAY Fine China Kitchen Storage Jar, 650ml, Black",G,false,761,https://ecom-su-static-prod.wtrecom.com/images/products/3/LN_659070_BP_3.jpg,https://www.waitrose.com/ecom/products/john-lewis-anyday-fine-china-kitchen-storage-jar-650ml-black/659070-806510-806511,"John Lewis ANYDAY Fine China Kitchen Storage Jar, 650ml, Black",each,£8.00,£8 each,,Household
658568,Philips LED Multi Spot Gu10 4.6W,G,true,762,https://ecom-su-static-prod.wtrecom.com/images/products/3/LN_658568_BP_3.jpg,https://www.waitrose.com/ecom/products/philips-led-multi-spot-gu10-46w/658568-745235-745236,Philips LED Multi Spot Gu10 4.6W,each,£14.39,£14.39 each,20% Off. Was £17.99,Household
657674,Price's Diffuser Grapefruit & Mint,G,true,763,https://ecom-su-static-prod.wtrecom.com/images/products/3/LN_657674_BP_3.jpg,https://www.waitrose.com/ecom/products/prices-diffuser-grapefruit-mint/657674-795806-795807,Price's Diffuser Grapefruit & Mint,100ml,£6.66,£6.66/100ml,Save 1/3. Was £10.00,Household
657659,Comfort Scent Booster Elixir First Blooms,G,false,764,https://ecom-su-static-prod.wtrecom.com/images/products/3/LN_657659_BP_3.jpg,https://www.waitrose.com/ecom/products/comfort-scent-booster-elixir-first-blooms/657659-825850-825851,Comfort Scent Booster Elixir First Blooms,460ml,£6.00,£13.05/litre,,Household
657306,JL Core Lavender Diffuser,G,false,765,https://ecom-su-static-prod.wtrecom.com/images/products/3/LN_657306_BP_3.jpg,https://www.waitrose.com/ecom/products/jl-core-lavender-diffuser/657306-796834-796835,JL Core Lavender Diffuser,each,£13.00,£13 each,,Household
656769,Duracell Optimum AA 12 Pack,G,false,766,https://ecom-su-static-prod.wtrecom.com/images/products/3/LN_656769_BP_3.jpg,https://www.waitrose.com/ecom/products/duracell-optimum-aa-12-pack/656769-759832-759833,Duracell Optimum AA 12 Pack,Each,£14.00,£14 each,,Household
656039,John Lewis Snack Set 2x240ml,G,false,767,https://ecom-su-static-prod.wtrecom.com/images/products/3/LN_656039_BP_3.jpg,https://www.waitrose.com/ecom/products/john-lewis-snack-set-2x240ml/656039-801418-801419,John Lewis Snack Set 2x240ml,2s,£2.50,£1.25 each,,Household
655899,OXO Good Grips Pop Container 2.6 Litre,G,false,768,https://ecom-su-static-prod.wtrecom.com/images/products/3/LN_655899_BP_3.jpg,https://www.waitrose.com/ecom/products/oxo-good-grips-pop-container-26-litre/655899-742802-742803,OXO Good Grips Pop Container 2.6 Litre,each,£17.50,£17.50 each,,Household
652591,Philips LED Frosted E27 Warm White,G,true,769,https://ecom-su-static-prod.wtrecom.com/images/products/3/LN_652591_BP_3.jpg,https://www.waitrose.com/ecom/products/philips-led-frosted-e27-warm-white/652591-768333-768334,Philips LED Frosted E27 Warm White,each,£8.95,£8.95 each,20% Off. Was £11.19,Household
651183,Philips LED White Frosted 8W B22,G,true,770,https://ecom-su-static-prod.wtrecom.com/images/products/3/LN_651183_BP_3.jpg,https://www.waitrose.com/ecom/products/philips-led-white-frosted-8w-b22/651183-745225-745226,Philips LED White Frosted 8W B22,each,£7.19,£7.19 each,20% Off. Was £8.99,Household
648814,Glade Honey & Chocolate,G,false,771,https://ecom-su-static-prod.wtrecom.com/images/products/3/LN_648814_BP_3.jpg,https://www.waitrose.com/ecom/products/glade-honey-chocolate/648814-736061-736062,Glade Honey & Chocolate,129g,£5.00,£3.88/100g,,Household
645821,Glade Refreshing Energy Reed Diffuser,G,true,772,https://ecom-su-static-prod.wtrecom.com/images/products/3/LN_645821_BP_3.jpg,https://www.waitrose.com/ecom/products/glade-refreshing-energy-reed-diffuser/645821-795802-795803,Glade Refreshing Energy Reed Diffuser,80ml,£9.45,£11.82/100ml,Add 2 for £10,Household
641695,JL Senti Blue Balance Pillar,G,false,773,https://ecom-su-static-prod.wtrecom.com/images/products/3/LN_641695_BP_3.jpg,https://www.waitrose.com/ecom/products/jl-senti-blue-balance-pillar/641695-810304-810305,JL Senti Blue Balance Pillar,each,£6.00,£6 each,,Household
640992,Philips LED White Capsule 1.8W G4,G,true,774,https://ecom-su-static-prod.wtrecom.com/images/products/3/LN_640992_BP_3.jpg,https://www.waitrose.com/ecom/products/philips-led-white-capsule-18w-g4/640992-745211-745212,Philips LED White Capsule 1.8W G4,each,£7.99,£4 each,20% Off. Was £9.99,Household
640603,Finish Ultimate Lemon Dishwasher Tablets 21W,G,false,775,https://ecom-su-static-prod.wtrecom.com/images/products/3/LN_640603_BP_3.jpg,https://www.waitrose.com/ecom/products/finish-ultimate-lemon-dishwasher-tablets-21w/640603-825848-825849,Finish Ultimate Lemon Dishwasher Tablets 21W,21Each,£8.00,38.1p each,,Household
639206,Supermocio Compact,G,false,776,https://ecom-su-static-prod.wtrecom.com/images/products/3/LN_639206_BP_3.jpg,https://www.waitrose.com/ecom/products/supermocio-compact/639206-665955-665956,Supermocio Compact,Each,£10.00,£10 each,,Household
638838,Philips LED Warm White E14 5.5W,G,true,777,https://ecom-su-static-prod.wtrecom.com/images/products/3/LN_638838_BP_3.jpg,https://www.waitrose.com/ecom/products/philips-led-warm-white-e14-55w/638838-745203-745204,Philips LED Warm White E14 5.5W,each,£4.47,£4.47 each,20% Off. Was £5.59,Household
635350,John Lewis Pink Tissue Paper,G,false,778,https://ecom-su-static-prod.wtrecom.com/images/products/3/LN_635350_BP_3.jpg,https://www.waitrose.com/ecom/products/john-lewis-pink-tissue-paper/635350-702222-702223,John Lewis Pink Tissue Paper,5sheets,£2.00,,,Household
632717,Dr. Beckmann Service-it Deep Clean,G,false,779,https://ecom-su-static-prod.wtrecom.com/images/products/3/LN_632717_BP_3.jpg,https://www.waitrose.com/ecom/products/dr-beckmann-service-it-deep-clean/632717-753002-753003,Dr. Beckmann Service-it Deep Clean,250g,£3.90,£15.60/kg,,Household
630240,JL Core Rose Jar Candle,G,false,780,https://ecom-su-static-prod.wtrecom.com/images/products/3/LN_630240_BP_3.jpg,https://www.waitrose.com/ecom/products/jl-core-rose-jar-candle/630240-760056-760057,JL Core Rose Jar Candle,each,£8.50,£8.50 each,,Household
628746,Dettol Antibacterial Spray Pomegranate,G,false,781,https://ecom-su-static-prod.wtrecom.com/images/products/3/LN_628746_BP_3.jpg,https://www.waitrose.com/ecom/products/dettol-antibacterial-spray-pomegranate/628746-824141-824142,Dettol Antibacterial Spray Pomegranate,1litre,£4.00,£4/litre,,Household
626995,Air Wick Freshmatic Refill Fresh Spring Oasis,G,false,782,https://ecom-su-static-prod.wtrecom.com/images/products/3/LN_626995_BP_3.jpg,https://www.waitrose.com/ecom/products/air-wick-freshmatic-refill-fresh-spring-oasis/626995-818682-818683,Air Wick Freshmatic Refill Fresh Spring Oasis,250ml,£6.00,£2.40/100ml,,Household
625535,JL Senti Red Love Glass Candle,G,false,783,https://ecom-su-static-prod.wtrecom.com/images/products/3/LN_625535_BP_3.jpg,https://www.waitrose.com/ecom/products/jl-senti-red-love-glass-candle/625535-810300-810301,JL Senti Red Love Glass Candle,each,£7.00,£7 each,,Household
625428,Bold Lavender & Camomile Laundry Liquid 60W,G,false,784,https://ecom-su-static-prod.wtrecom.com/images/products/3/LN_625428_BP_3.jpg,https://www.waitrose.com/ecom/products/bold-lavender-camomile-laundry-liquid-60w/625428-825846-825847,Bold Lavender & Camomile Laundry Liquid 60W,1.98litre,£10.65,£5.38/litre,,Household
623121,Comfort Fabric Conditioner First Blooms 64w,G,true,785,https://ecom-su-static-prod.wtrecom.com/images/products/3/LN_623121_BP_3.jpg,https://www.waitrose.com/ecom/products/comfort-fabric-conditioner-first-blooms-64w/623121-825844-825845,Comfort Fabric Conditioner First Blooms 64w,960ml,£4.00,£4.17/litre,20% Off. Was £5.00,Household
622538,Philips 40W E27 Non-Dimmable Cool,G,true,786,https://ecom-su-static-prod.wtrecom.com/images/products/3/LN_622538_BP_3.jpg,https://www.waitrose.com/ecom/products/philips-40w-e27-non-dimmable-cool/622538-791117-791118,Philips 40W E27 Non-Dimmable Cool,each,£7.19,£7.19 each,20% Off. Was £8.99,Household
621343,SG Classic Oil Orris & Ylang Ylang,G,true,787,https://ecom-su-static-prod.wtrecom.com/images/products/3/LN_621343_BP_3.jpg,https://www.waitrose.com/ecom/products/sg-classic-oil-orris-ylang-ylang/621343-803046-803047,SG Classic Oil Orris & Ylang Ylang,each,£7.20,£7.20 each,20% Off. Was £9.00,Household
621312,Duracell Optimum AAA 12 Pack,G,false,788,https://ecom-su-static-prod.wtrecom.com/images/products/3/LN_621312_BP_3.jpg,https://www.waitrose.com/ecom/products/duracell-optimum-aaa-12-pack/621312-759826-759827,Duracell Optimum AAA 12 Pack,Each,£14.00,£14 each,,Household
619668,Zip Natural Twisted Firestarter,G,false,789,https://ecom-su-static-prod.wtrecom.com/images/products/3/LN_619668_BP_3.jpg,https://www.waitrose.com/ecom/products/zip-natural-twisted-firestarter/619668-807052-807053,Zip Natural Twisted Firestarter,16s,£4.30,26.9p each,,Household
617484,Styl Pro Makeup Pads & Laundry Bag,G,true,790,https://ecom-su-static-prod.wtrecom.com/images/products/3/LN_617484_BP_3.jpg,https://www.waitrose.com/ecom/products/styl-pro-makeup-pads-laundry-bag/617484-730738-730739,Styl Pro Makeup Pads & Laundry Bag,Each,£6.40,£6.40 each,save £1.60. Was £8.00,Household
616604,Ecoegg Laundry Egg 70W,G,false,791,https://ecom-su-static-prod.wtrecom.com/images/products/3/LN_616604_BP_3.jpg,https://www.waitrose.com/ecom/products/ecoegg-laundry-egg-70w/616604-698056-698057,Ecoegg Laundry Egg 70W,70s,£10.50,15p each,,Household
612641,JL Senti Purple Dream Glass Candle,G,false,792,https://ecom-su-static-prod.wtrecom.com/images/products/3/LN_612641_BP_3.jpg,https://www.waitrose.com/ecom/products/jl-senti-purple-dream-glass-candle/612641-810296-810297,JL Senti Purple Dream Glass Candle,each,£7.00,£7 each,,Household
611820,AD Pillar Ivory Small,G,false,793,https://ecom-su-static-prod.wtrecom.com/images/products/3/LN_611820_BP_3.jpg,https://www.waitrose.com/ecom/products/ad-pillar-ivory-small/611820-662758-662759,AD Pillar Ivory Small,each,£1.75,£1.75 each,,Household
610181,AD Pillar Ivory Large,G,false,794,https://ecom-su-static-prod.wtrecom.com/images/products/3/LN_610181_BP_3.jpg,https://www.waitrose.com/ecom/products/ad-pillar-ivory-large/610181-662754-662755,AD Pillar Ivory Large,each,£4.00,£4 each,,Household
606349,Anyday Rectangular Set of 5 Containers,G,false,795,https://ecom-su-static-prod.wtrecom.com/images/products/3/LN_606349_BP_3.jpg,https://www.waitrose.com/ecom/products/anyday-rectangular-set-of-5-containers/606349-783928-783929,Anyday Rectangular Set of 5 Containers,each,£10.00,£10 each,,Household
605961,Energizer Max C-LR14 1.5V,G,false,796,https://ecom-su-static-prod.wtrecom.com/images/products/3/LN_605961_BP_3.jpg,https://www.waitrose.com/ecom/products/energizer-max-c-lr14-15v/605961-731306-731307,Energizer Max C-LR14 1.5V,2s,£4.75,£2.38 each,,Household
602518,Comfort Scent Booster Elixir Heavenly Fresh,G,false,797,https://ecom-su-static-prod.wtrecom.com/images/products/3/LN_602518_BP_3.jpg,https://www.waitrose.com/ecom/products/comfort-scent-booster-elixir-heavenly-fresh/602518-825838-825839,Comfort Scent Booster Elixir Heavenly Fresh,460ml,£6.00,£13.05/litre,,Household
600132,Öpso Mediterranean Citrus Grove Reed Diffuser,G,false,798,https://ecom-su-static-prod.wtrecom.com/images/products/3/LN_600132_BP_3.jpg,https://www.waitrose.com/ecom/products/opso-mediterranean-citrus-grove-reed-diffuser/600132-736047-736048,Öpso Mediterranean Citrus Grove Reed Diffuser,50ml,£9.00,£18/100ml,,Household
599200,Homethings Washing Up Liquid Wild Rhubarb,G,false,799,https://ecom-su-static-prod.wtrecom.com/images/products/3/LN_599200_BP_3.jpg,https://www.waitrose.com/ecom/products/homethings-washing-up-liquid-wild-rhubarb/599200-825836-825837,Homethings Washing Up Liquid Wild Rhubarb,350ml,£4.00,£11.43/litre,,Household
598655,JL Core White Tea Tin Candle,G,false,800,https://ecom-su-static-prod.wtrecom.com/images/products/3/LN_598655_BP_3.jpg,https://www.waitrose.com/ecom/products/jl-core-white-tea-tin-candle/598655-760024-760025,JL Core White Tea Tin Candle,each,£5.00,£5 each,,Household
597592,Glade Sense & Spray Holder Relaxing Zen,G,true,801,https://ecom-su-static-prod.wtrecom.com/images/products/3/LN_597592_BP_3.jpg,https://www.waitrose.com/ecom/products/glade-sense-spray-holder-relaxing-zen/597592-810723-810724,Glade Sense & Spray Holder Relaxing Zen,1Each,£4.00,£4 each,Better Than Half Price. Was £10.00,Household
596667,Delphis Eco Bathroom Cleaner,G,false,802,https://ecom-su-static-prod.wtrecom.com/images/products/3/LN_596667_BP_3.jpg,https://www.waitrose.com/ecom/products/delphis-eco-bathroom-cleaner/596667-752975-752976,Delphis Eco Bathroom Cleaner,700ml,£4.00,57.1p/100ml,,Household
594533,JL Core Rose Tin Candle,G,false,803,https://ecom-su-static-prod.wtrecom.com/images/products/3/LN_594533_BP_3.jpg,https://www.waitrose.com/ecom/products/jl-core-rose-tin-candle/594533-760022-760023,JL Core Rose Tin Candle,each,£5.00,£5 each,,Household
589702,Vileda 2In1 Dustpan & Brush,G,false,804,https://ecom-su-static-prod.wtrecom.com/images/products/3/LN_589702_BP_3.jpg,https://www.waitrose.com/ecom/products/vileda-2in1-dustpan-brush/589702-625138-625139,Vileda 2In1 Dustpan & Brush,Each,£6.30,£6.30 each,,Household
588489,Energizer Recharge Power Plus AAA 4.2V,G,false,805,https://ecom-su-static-prod.wtrecom.com/images/products/3/LN_588489_BP_3.jpg,https://www.waitrose.com/ecom/products/energizer-recharge-power-plus-aaa-42v/588489-731304-731305,Energizer Recharge Power Plus AAA 4.2V,4s,£14.00,£3.50 each,,Household
584462,Energizer Max AA 1.5V,G,false,806,https://ecom-su-static-prod.wtrecom.com/images/products/3/LN_584462_BP_3.jpg,https://www.waitrose.com/ecom/products/energizer-max-aa-15v/584462-731302-731303,Energizer Max AA 1.5V,4s,£4.75,£1.19 each,,Household
583864,Glade Candle Sandalwood & Jasmine,G,false,807,https://ecom-su-static-prod.wtrecom.com/images/products/3/LN_583864_BP_3.jpg,https://www.waitrose.com/ecom/products/glade-candle-sandalwood-jasmine/583864-702819-702820,Glade Candle Sandalwood & Jasmine,129g,£5.00,£38.76/kg,,Household
583549,Öpso Nordic Birch Forest Reed Diffuser,G,false,808,https://ecom-su-static-prod.wtrecom.com/images/products/3/LN_583549_BP_3.jpg,https://www.waitrose.com/ecom/products/opso-nordic-birch-forest-reed-diffuser/583549-736041-736042,Öpso Nordic Birch Forest Reed Diffuser,50ml,£9.00,£18/100ml,,Household
582581,Flash Speedmop Floor Cleaner Dry Refills,G,false,809,https://ecom-su-static-prod.wtrecom.com/images/products/3/LN_582581_BP_3.jpg,https://www.waitrose.com/ecom/products/flash-speedmop-floor-cleaner-dry-refills/582581-824125-824126,Flash Speedmop Floor Cleaner Dry Refills,20each,£5.30,26.5p each,,Household
581461,DP Liquid Soap Flakes,G,false,810,https://ecom-su-static-prod.wtrecom.com/images/products/3/LN_581461_BP_3.jpg,https://www.waitrose.com/ecom/products/dp-liquid-soap-flakes/581461-82431-82432,DP Liquid Soap Flakes,750ml,£3.50,£4.67/litre,,Household
580973,Spontex Unwrapped Sponge Scourer,G,false,811,https://ecom-su-static-prod.wtrecom.com/images/products/3/LN_580973_BP_3.jpg,https://www.waitrose.com/ecom/products/spontex-unwrapped-sponge-scourer/580973-824123-824124,Spontex Unwrapped Sponge Scourer,Each,£1.00,,,Household
579846,Philips 25W B22 Warm White,G,true,812,https://ecom-su-static-prod.wtrecom.com/images/products/3/LN_579846_BP_3.jpg,https://www.waitrose.com/ecom/products/philips-25w-b22-warm-white/579846-749655-749656,Philips 25W B22 Warm White,each,£7.19,£7.19 each,20% Off. Was £8.99,Household
576195,Philips 35W GU5.3 Warm White,G,true,813,https://ecom-su-static-prod.wtrecom.com/images/products/3/LN_576195_BP_3.jpg,https://www.waitrose.com/ecom/products/philips-35w-gu53-warm-white/576195-749629-749630,Philips 35W GU5.3 Warm White,each,£7.99,£7.99 each,20% Off. Was £9.99,Household
568439,Finish Ultimate All in One 0% Dishwasher Tablets,G,false,814,https://ecom-su-static-prod.wtrecom.com/images/products/3/LN_568439_BP_3.jpg,https://www.waitrose.com/ecom/products/finish-ultimate-all-in-one-0-dishwasher-tablets/568439-778296-778297,Finish Ultimate All in One 0% Dishwasher Tablets,30Each,£14.70,49p each,,Household
566895,Febreze 3Volution Air Freshener Starter Kit Cotton,G,false,815,https://ecom-su-static-prod.wtrecom.com/images/products/3/LN_566895_BP_3.jpg,https://www.waitrose.com/ecom/products/febreze-3volution-air-freshener-starter-kit-cotton/566895-519947-519948,Febreze 3Volution Air Freshener Starter Kit Cotton,20ml,£9.00,£45/100ml,,Household
566506,Vizulize Glasses Cleaner & Cloth,G,false,816,https://ecom-su-static-prod.wtrecom.com/images/products/3/LN_566506_BP_3.jpg,https://www.waitrose.com/ecom/products/vizulize-glasses-cleaner-cloth/566506-763648-763649,Vizulize Glasses Cleaner & Cloth,50ml,£4.10,£8.20/100ml,,Household
563816,Air Wick Freshmatic Spring Oasis Kit,G,false,817,https://ecom-su-static-prod.wtrecom.com/images/products/3/LN_563816_BP_3.jpg,https://www.waitrose.com/ecom/products/air-wick-freshmatic-spring-oasis-kit/563816-818555-818556,Air Wick Freshmatic Spring Oasis Kit,250ml,£11.00,£4.40/100ml,,Household
563714,Duracell Alkaline N/LR1,G,false,818,https://ecom-su-static-prod.wtrecom.com/images/products/3/LN_563714_BP_3.jpg,https://www.waitrose.com/ecom/products/duracell-alkaline-n-lr1/563714-753949-753950,Duracell Alkaline N/LR1,2s,£5.25,£2.63 each,,Household
561371,Zoflora Concentrate Linen Fresh,G,false,819,https://ecom-su-static-prod.wtrecom.com/images/products/3/LN_561371_BP_3.jpg,https://www.waitrose.com/ecom/products/zoflora-concentrate-linen-fresh/561371-824117-824118,Zoflora Concentrate Linen Fresh,Each,£6.00,,,Household
561319,JL Core Coastal Diffuser Refill,G,false,820,https://ecom-su-static-prod.wtrecom.com/images/products/3/LN_561319_BP_3.jpg,https://www.waitrose.com/ecom/products/jl-core-coastal-diffuser-refill/561319-759998-759999,JL Core Coastal Diffuser Refill,each,£13.00,£13 each,,Household
561078,Duracell Ultra Rechargeable AAs,G,false,821,https://ecom-su-static-prod.wtrecom.com/images/products/3/LN_561078_BP_3.jpg,https://www.waitrose.com/ecom/products/duracell-ultra-rechargeable-aas/561078-79460-79461,Duracell Ultra Rechargeable AAs,4s,£17.00,£4.25 each,,Household
560979,Energizer Max Plus AAA Batteries,G,false,822,https://ecom-su-static-prod.wtrecom.com/images/products/3/LN_560979_BP_3.jpg,https://www.waitrose.com/ecom/products/energizer-max-plus-aaa-batteries/560979-810703-810704,Energizer Max Plus AAA Batteries,8s,£9.50,£1.19 each,,Household
557686,Energizer Alkaline LR44/A76 1.5V,G,false,823,https://ecom-su-static-prod.wtrecom.com/images/products/3/LN_557686_BP_3.jpg,https://www.waitrose.com/ecom/products/energizer-alkaline-lr44-a76-15v/557686-731290-731291,Energizer Alkaline LR44/A76 1.5V,Each,£8.00,£8 each,,Household
556950,Duracell Plus AAA,G,false,824,https://ecom-su-static-prod.wtrecom.com/images/products/3/LN_556950_BP_3.jpg,https://www.waitrose.com/ecom/products/duracell-plus-aaa/556950-753907-753908,Duracell Plus AAA,12s,£12.00,£1 each,,Household
556693,Persil Ultimate Touch of Comfort Laundry Washing Liquid Detergent,G,false,825,https://ecom-su-static-prod.wtrecom.com/images/products/3/LN_556693_BP_3.jpg,https://www.waitrose.com/ecom/products/persil-ultimate-touch-of-comfort-laundry-washing-liquid-detergent/556693-803184-803185,Persil Ultimate Touch of Comfort Laundry Washing Liquid Detergent,837ml,£7.00,£8.37/litre,,Household
556538,Essential Non Bio Laundry Gel,G,false,826,https://ecom-su-static-prod.wtrecom.com/images/products/3/LN_556538_BP_3.jpg,https://www.waitrose.com/ecom/products/essential-non-bio-laundry-gel/556538-815236-815237,Essential Non Bio Laundry Gel,720ml,£3.00,£4.17/litre,,Household
555955,Philips LED White E27,G,true,827,https://ecom-su-static-prod.wtrecom.com/images/products/3/LN_555955_BP_3.jpg,https://www.waitrose.com/ecom/products/philips-led-white-e27/555955-791089-791090,Philips LED White E27,each,£7.19,£7.19 each,20% Off. Was £8.99,Household
555914,Finish Ultimate All in One 55 Dishwasher Tablets,G,false,828,https://ecom-su-static-prod.wtrecom.com/images/products/3/LN_555914_BP_3.jpg,https://www.waitrose.com/ecom/products/finish-ultimate-all-in-one-55-dishwasher-tablets/555914-815232-815233,Finish Ultimate All in One 55 Dishwasher Tablets,55Each,£15.00,27.3p each,,Household
554605,Energizer Max AAA 1.5V,G,false,829,https://ecom-su-static-prod.wtrecom.com/images/products/3/LN_554605_BP_3.jpg,https://www.waitrose.com/ecom/products/energizer-max-aaa-15v/554605-731286-731287,Energizer Max AAA 1.5V,12s,£11.00,91.7p each,,Household
554016,JL Senti Green Energy Pillar,G,false,830,https://ecom-su-static-prod.wtrecom.com/images/products/3/LN_554016_BP_3.jpg,https://www.waitrose.com/ecom/products/jl-senti-green-energy-pillar/554016-810290-810291,JL Senti Green Energy Pillar,each,£6.00,£6 each,,Household
550268,"JL Senti Tealights Joy, Energy, Love",G,false,831,https://ecom-su-static-prod.wtrecom.com/images/products/3/LN_550268_BP_3.jpg,https://www.waitrose.com/ecom/products/jl-senti-tealights-joy-energy-love/550268-810288-810289,"JL Senti Tealights Joy, Energy, Love",9s,£5.00,55.6p each,,Household
550159,Energizer Max Plus AA Batteries,G,false,832,https://ecom-su-static-prod.wtrecom.com/images/products/3/LN_550159_BP_3.jpg,https://www.waitrose.com/ecom/products/energizer-max-plus-aa-batteries/550159-810699-810700,Energizer Max Plus AA Batteries,8Each,£9.50,£1.19 each,,Household
549377,JL Core White Tea Diffuser Refill,G,false,833,https://ecom-su-static-prod.wtrecom.com/images/products/3/LN_549377_BP_3.jpg,https://www.waitrose.com/ecom/products/jl-core-white-tea-diffuser-refill/549377-759990-759991,JL Core White Tea Diffuser Refill,each,£13.00,£13 each,,Household
545903,Ecover Bio Laundry Capsules 34W,G,true,834,https://ecom-su-static-prod.wtrecom.com/images/products/3/LN_545903_BP_3.jpg,https://www.waitrose.com/ecom/products/ecover-bio-laundry-capsules-34w/545903-825826-825827,Ecover Bio Laundry Capsules 34W,34each,£10.00,29.4p each,save £1.50. Was £11.50,Household
543701,Anyday Nesting Rectangular Plastic Containers,G,false,835,https://ecom-su-static-prod.wtrecom.com/images/products/3/LN_543701_BP_3.jpg,https://www.waitrose.com/ecom/products/anyday-nesting-rectangular-plastic-containers/543701-783890-783891,Anyday Nesting Rectangular Plastic Containers,2s,£6.50,£3.25 each,,Household
543194,Philips LED Warm White GU10 3.5W,G,true,836,https://ecom-su-static-prod.wtrecom.com/images/products/3/LN_543194_BP_3.jpg,https://www.waitrose.com/ecom/products/philips-led-warm-white-gu10-35w/543194-745045-745046,Philips LED Warm White GU10 3.5W,each,£7.19,£7.19 each,20% Off. Was £8.99,Household
542970,Neat Foaming Hand Wash Refill Mango & Fig,G,false,837,https://ecom-su-static-prod.wtrecom.com/images/products/3/LN_542970_BP_3.jpg,https://www.waitrose.com/ecom/products/neat-foaming-hand-wash-refill-mango-fig/542970-805763-805764,Neat Foaming Hand Wash Refill Mango & Fig,30ml,£3.15,£10.50/100ml,,Household
542725,Homethings Washing Up Liquid Refill Wild Rhubarb,G,false,838,https://ecom-su-static-prod.wtrecom.com/images/products/3/LN_542725_BP_3.jpg,https://www.waitrose.com/ecom/products/homethings-washing-up-liquid-refill-wild-rhubarb/542725-825824-825825,Homethings Washing Up Liquid Refill Wild Rhubarb,350ml,£3.00,£8.58/litre,,Household
540234,Bloo Brilliant Gel Arctic Ocean,G,true,839,https://ecom-su-static-prod.wtrecom.com/images/products/3/LN_540234_BP_3.jpg,https://www.waitrose.com/ecom/products/bloo-brilliant-gel-arctic-ocean/540234-778572-778573,Bloo Brilliant Gel Arctic Ocean,42g,£2.00,£4.77/100g,save 90p. Was £2.90,Household
539475,Spontex Mosaik Microfibre Cloths XL,G,false,840,https://ecom-su-static-prod.wtrecom.com/images/products/3/LN_539475_BP_3.jpg,https://www.waitrose.com/ecom/products/spontex-mosaik-microfibre-cloths-xl/539475-762362-762363,Spontex Mosaik Microfibre Cloths XL,3s,£3.30,£1.10 each,,Household
539075,Cherry Blossom Reg Gloss Black,G,false,841,https://ecom-su-static-prod.wtrecom.com/images/products/3/LN_539075_BP_3.jpg,https://www.waitrose.com/ecom/products/cherry-blossom-reg-gloss-black/539075-783888-783889,Cherry Blossom Reg Gloss Black,40g,£2.95,£7.38/100g,,Household
536656,AD Glass Candle Stick 13cm,G,false,842,https://ecom-su-static-prod.wtrecom.com/images/products/3/LN_536656_BP_3.jpg,https://www.waitrose.com/ecom/products/ad-glass-candle-stick-13cm/536656-606493-606494,AD Glass Candle Stick 13cm,each,£5.00,£5 each,,Household
531390,Neat Antibac Refillable Surface Cleaner Mango & Fig,G,false,843,https://ecom-su-static-prod.wtrecom.com/images/products/3/LN_531390_BP_3.jpg,https://www.waitrose.com/ecom/products/neat-antibac-refillable-surface-cleaner-mango-fig/531390-778566-778567,Neat Antibac Refillable Surface Cleaner Mango & Fig,30ml,£6.00,£20/100ml,,Household
525108,John Lewis Storage 2x1L,G,false,844,https://ecom-su-static-prod.wtrecom.com/images/products/3/LN_525108_BP_3.jpg,https://www.waitrose.com/ecom/products/john-lewis-storage-2x1l/525108-801350-801351,John Lewis Storage 2x1L,2s,£5.00,£2.50 each,,Household
523299,Ecover 68 Dishwasher Tablets All-In-One,G,false,845,https://ecom-su-static-prod.wtrecom.com/images/products/3/LN_523299_BP_3.jpg,https://www.waitrose.com/ecom/products/ecover-68-dishwasher-tablets-all-in-one/523299-363517-363518,Ecover 68 Dishwasher Tablets All-In-One,68s,£18.50,27.2p each,,Household
522717,Dr. Beckmann Magic Leaves Non Bio Sheets,G,false,846,https://ecom-su-static-prod.wtrecom.com/images/products/3/LN_522717_BP_3.jpg,https://www.waitrose.com/ecom/products/dr-beckmann-magic-leaves-non-bio-sheets/522717-785706-785707,Dr. Beckmann Magic Leaves Non Bio Sheets,25 sheets,£4.50,£1.80/10 sheets,,Household
521477,Air Wick Freshmatic Refill Sweet Pea,G,false,847,https://ecom-su-static-prod.wtrecom.com/images/products/3/LN_521477_BP_3.jpg,https://www.waitrose.com/ecom/products/air-wick-freshmatic-refill-sweet-pea/521477-818446-818447,Air Wick Freshmatic Refill Sweet Pea,250ml,£6.00,£2.40/100ml,,Household
518103,Dismatic Washing Up Handle & Refill,G,false,848,https://ecom-su-static-prod.wtrecom.com/images/products/3/LN_518103_BP_3.jpg,https://www.waitrose.com/ecom/products/dismatic-washing-up-handle-refill/518103-795074-795075,Dismatic Washing Up Handle & Refill,Each,£2.10,3p each,,Household
516231,Glade Sense & Spray Eucalyptus & Lavender Refill,G,true,849,https://ecom-su-static-prod.wtrecom.com/images/products/3/LN_516231_BP_3.jpg,https://www.waitrose.com/ecom/products/glade-sense-spray-eucalyptus-lavender-refill/516231-818433-818434,Glade Sense & Spray Eucalyptus & Lavender Refill,18ml,£2.50,£13.89/100ml,save £1.50. Was £4.00,Household
512872,Febreze Bathroom Anti-Mould Citrus Freshener,G,true,850,https://ecom-su-static-prod.wtrecom.com/images/products/3/LN_512872_BP_3.jpg,https://www.waitrose.com/ecom/products/febreze-bathroom-anti-mould-citrus-freshener/512872-810685-810686,Febreze Bathroom Anti-Mould Citrus Freshener,7.5ml,£3.50,£4.67/10ml,Add 2 for £5,Household
508366,Comfort Fabric Conditioner Heavenly Fresh 64w,G,true,851,https://ecom-su-static-prod.wtrecom.com/images/products/3/LN_508366_BP_3.jpg,https://www.waitrose.com/ecom/products/comfort-fabric-conditioner-heavenly-fresh-64w/508366-825818-825819,Comfort Fabric Conditioner Heavenly Fresh 64w,960ml,£4.00,£4.17/litre,20% Off. Was £5.00,Household
507669,JL Core Jasmine Diffuser Refill,G,false,852,https://ecom-su-static-prod.wtrecom.com/images/products/3/LN_507669_BP_3.jpg,https://www.waitrose.com/ecom/products/jl-core-jasmine-diffuser-refill/507669-759964-759965,JL Core Jasmine Diffuser Refill,each,£13.00,£13 each,,Household
506940,Town Talk Polish Silver Polishing Cloth,G,false,853,https://ecom-su-static-prod.wtrecom.com/images/products/3/LN_506940_BP_3.jpg,https://www.waitrose.com/ecom/products/town-talk-polish-silver-polishing-cloth/506940-824103-824104,Town Talk Polish Silver Polishing Cloth,1Each,£9.65,£9.65 each,,Household
503026,Mr Muscle Drain Gel,G,false,854,https://ecom-su-static-prod.wtrecom.com/images/products/3/LN_503026_BP_3.jpg,https://www.waitrose.com/ecom/products/mr-muscle-drain-gel/503026-756637-756638,Mr Muscle Drain Gel,2x1litre,£7.35,£3.68/litre,,Household
502721,JL Core Jasmine Tin Candle,G,false,855,https://ecom-su-static-prod.wtrecom.com/images/products/3/LN_502721_BP_3.jpg,https://www.waitrose.com/ecom/products/jl-core-jasmine-tin-candle/502721-759958-759959,JL Core Jasmine Tin Candle,each,£5.00,£5 each,,Household
499030,Duracell Lithium 2016,G,false,856,https://ecom-su-static-prod.wtrecom.com/images/products/3/LN_499030_BP_3.jpg,https://www.waitrose.com/ecom/products/duracell-lithium-2016/499030-753701-753702,Duracell Lithium 2016,2s,£5.25,£2.63 each,,Household
497068,Lumiere Candle Lighter,G,false,857,https://ecom-su-static-prod.wtrecom.com/images/products/3/LN_497068_BP_3.jpg,https://www.waitrose.com/ecom/products/lumiere-candle-lighter/497068-744272-744273,Lumiere Candle Lighter,Each,£3.40,£3.40 each,,Household
496836,Air Wick Linen & Lilac Electrical Complete Plug Kit Air Freshener,G,true,858,https://ecom-su-static-prod.wtrecom.com/images/products/3/LN_496836_BP_3.jpg,https://www.waitrose.com/ecom/products/air-wick-linen-lilac-electrical-complete-plug-kit-air-freshener/496836-762332-762333,Air Wick Linen & Lilac Electrical Complete Plug Kit Air Freshener,19ml,£5.00,£26.32/100ml,save £2.00. Was £7.00,Household
495668,E-Cloth General Purpose Cloth,G,true,859,https://ecom-su-static-prod.wtrecom.com/images/products/3/LN_495668_BP_3.jpg,https://www.waitrose.com/ecom/products/e-cloth-general-purpose-cloth/495668-70086-70087,E-Cloth General Purpose Cloth,Each,£3.56,£3.56 each,25% Off. Was £4.75,Household
494108,If You Care Aluminium Foil 10mx29.2cm,G,false,860,https://ecom-su-static-prod.wtrecom.com/images/products/3/LN_494108_BP_3.jpg,https://www.waitrose.com/ecom/products/if-you-care-aluminium-foil-10mx292cm/494108-747770-747771,If You Care Aluminium Foil 10mx29.2cm,Each,£5.50,£5.50 each,,Household
493427,Persil Wonder Wash Bio Ultra Care Liquid 55W,G,false,861,https://ecom-su-static-prod.wtrecom.com/images/products/3/LN_493427_BP_3.jpg,https://www.waitrose.com/ecom/products/persil-wonder-wash-bio-ultra-care-liquid-55w/493427-825810-825811,Persil Wonder Wash Bio Ultra Care Liquid 55W,1485ml,£10.00,£6.74/litre,,Household
490109,Harpic Active Fresh Gel Citrus,G,false,862,https://ecom-su-static-prod.wtrecom.com/images/products/3/LN_490109_BP_3.jpg,https://www.waitrose.com/ecom/products/harpic-active-fresh-gel-citrus/490109-813248-813249,Harpic Active Fresh Gel Citrus,750ml,£1.50,£2/litre,,Household
488549,Zip Natural Starterlog,G,false,863,https://ecom-su-static-prod.wtrecom.com/images/products/3/LN_488549_BP_3.jpg,https://www.waitrose.com/ecom/products/zip-natural-starterlog/488549-807042-807043,Zip Natural Starterlog,each,£2.00,£2 each,,Household
488306,Duracell Alkaline MN21,G,false,864,https://ecom-su-static-prod.wtrecom.com/images/products/3/LN_488306_BP_3.jpg,https://www.waitrose.com/ecom/products/duracell-alkaline-mn21/488306-753673-753674,Duracell Alkaline MN21,2s,£5.25,£2.63 each,,Household
486995,Energizer Max AAA LR03 1.5V,G,false,865,https://ecom-su-static-prod.wtrecom.com/images/products/3/LN_486995_BP_3.jpg,https://www.waitrose.com/ecom/products/energizer-max-aaa-lr03-15v/486995-731256-731257,Energizer Max AAA LR03 1.5V,4s,£4.75,£1.19 each,,Household
486960,Neat Refillable Foaming Hand Wash Mango & Fig,G,false,866,https://ecom-su-static-prod.wtrecom.com/images/products/3/LN_486960_BP_3.jpg,https://www.waitrose.com/ecom/products/neat-refillable-foaming-hand-wash-mango-fig/486960-805755-805756,Neat Refillable Foaming Hand Wash Mango & Fig,30ml,£8.00,£26.67/100ml,,Household
486864,JL Senti Red Love Taper 4pk,G,false,867,https://ecom-su-static-prod.wtrecom.com/images/products/3/LN_486864_BP_3.jpg,https://www.waitrose.com/ecom/products/jl-senti-red-love-taper-4pk/486864-810280-810281,JL Senti Red Love Taper 4pk,4s,£5.00,£1.25 each,,Household
486460,JL Senti Yellow Joy Glass Candle,G,false,868,https://ecom-su-static-prod.wtrecom.com/images/products/3/LN_486460_BP_3.jpg,https://www.waitrose.com/ecom/products/jl-senti-yellow-joy-glass-candle/486460-810278-810279,JL Senti Yellow Joy Glass Candle,each,£7.00,£7 each,,Household
485911,John Lewis Storage Container Square 2 Pack 700ml,G,false,869,https://ecom-su-static-prod.wtrecom.com/images/products/3/LN_485911_BP_3.jpg,https://www.waitrose.com/ecom/products/john-lewis-storage-container-square-2-pack-700ml/485911-736757-736758,John Lewis Storage Container Square 2 Pack 700ml,2s,£4.00,£2 each,,Household
483363,Vanish Gold Oxi Action Laundry Stain Remover Powder Colours Extra Large Pack,G,true,870,https://ecom-su-static-prod.wtrecom.com/images/products/3/LN_483363_BP_3.jpg,https://www.waitrose.com/ecom/products/vanish-gold-oxi-action-laundry-stain-remover-powder-colours-extra-large-pack/483363-803158-803159,Vanish Gold Oxi Action Laundry Stain Remover Powder Colours Extra Large Pack,1.9Kg,£11.50,£6.06/kg,save £6.50. Was £18.00,Household
479202,"John Lewis ANYDAY Fine China Kitchen Storage Jar, 650ml, Green",G,false,871,https://ecom-su-static-prod.wtrecom.com/images/products/3/LN_479202_BP_3.jpg,https://www.waitrose.com/ecom/products/john-lewis-anyday-fine-china-kitchen-storage-jar-650ml-green/479202-770474-770475,"John Lewis ANYDAY Fine China Kitchen Storage Jar, 650ml, Green",each,£8.00,£8 each,,Household
478865,Persil Wonder Wash Non Bio Speed Clean Liquid 55W,G,false,872,https://ecom-su-static-prod.wtrecom.com/images/products/3/LN_478865_BP_3.jpg,https://www.waitrose.com/ecom/products/persil-wonder-wash-non-bio-speed-clean-liquid-55w/478865-825804-825805,Persil Wonder Wash Non Bio Speed Clean Liquid 55W,1485ml,£10.00,£6.74/litre,,Household
474657,Duracell Ultra Rechargeable AAA,G,false,873,https://ecom-su-static-prod.wtrecom.com/images/products/3/LN_474657_BP_3.jpg,https://www.waitrose.com/ecom/products/duracell-ultra-rechargeable-aaa/474657-66951-66952,Duracell Ultra Rechargeable AAA,4s,£17.00,£4.25 each,,Household
474607,Flash Power Mop Refill,G,true,874,https://ecom-su-static-prod.wtrecom.com/images/products/3/LN_474607_BP_3.jpg,https://www.waitrose.com/ecom/products/flash-power-mop-refill/474607-778238-778239,Flash Power Mop Refill,1.25L,£4.00,£3.20/litre,save £1.00. Was £5.00,Household
471837,Energizer Max AA LR6 1.5V,G,false,875,https://ecom-su-static-prod.wtrecom.com/images/products/3/LN_471837_BP_3.jpg,https://www.waitrose.com/ecom/products/energizer-max-aa-lr6-15v/471837-731248-731249,Energizer Max AA LR6 1.5V,12s,£11.00,91.7p each,,Household
469127,John Lewis Heart Tealights,G,false,876,https://ecom-su-static-prod.wtrecom.com/images/products/3/LN_469127_BP_3.jpg,https://www.waitrose.com/ecom/products/john-lewis-heart-tealights/469127-763064-763065,John Lewis Heart Tealights,4s,£4.00,£1 each,,Household
468333,Febreze Air Mist Fruity Tropics,G,true,877,https://ecom-su-static-prod.wtrecom.com/images/products/3/LN_468333_BP_3.jpg,https://www.waitrose.com/ecom/products/febreze-air-mist-fruity-tropics/468333-818351-818352,Febreze Air Mist Fruity Tropics,185ml,£3.50,£1.90/100ml,Add 2 for £5,Household
466304,Duracell Lithium 2032,G,false,878,https://ecom-su-static-prod.wtrecom.com/images/products/3/LN_466304_BP_3.jpg,https://www.waitrose.com/ecom/products/duracell-lithium-2032/466304-753615-753616,Duracell Lithium 2032,2s,£5.25,£2.63 each,,Household
466258,Vileda Duactiva Anti Dust Broom,G,false,879,https://ecom-su-static-prod.wtrecom.com/images/products/3/LN_466258_BP_3.jpg,https://www.waitrose.com/ecom/products/vileda-duactiva-anti-dust-broom/466258-625042-625043,Vileda Duactiva Anti Dust Broom,Each,£8.15,£8.15 each,,Household
464087,Fairy + Platinum Gel Washing Liquid Gel,G,false,880,https://ecom-su-static-prod.wtrecom.com/images/products/3/LN_464087_BP_3.jpg,https://www.waitrose.com/ecom/products/fairy-platinum-gel-washing-liquid-gel/464087-785682-785683,Fairy + Platinum Gel Washing Liquid Gel,1254ml,£10.30,£8.22/litre,,Household
463595,AD Pillar White Medium,G,false,881,https://ecom-su-static-prod.wtrecom.com/images/products/3/LN_463595_BP_3.jpg,https://www.waitrose.com/ecom/products/ad-pillar-white-medium/463595-662522-662523,AD Pillar White Medium,each,£5.00,£5 each,,Household
463458,Method Wild Rhubarb Refill Cleaner,G,false,882,https://ecom-su-static-prod.wtrecom.com/images/products/3/LN_463458_BP_3.jpg,https://www.waitrose.com/ecom/products/method-wild-rhubarb-refill-cleaner/463458-720131-720132,Method Wild Rhubarb Refill Cleaner,2litre,£7.00,£3.50/litre,,Household
463271,JL Senti White Calm Glass Candle,G,false,883,https://ecom-su-static-prod.wtrecom.com/images/products/3/LN_463271_BP_3.jpg,https://www.waitrose.com/ecom/products/jl-senti-white-calm-glass-candle/463271-810276-810277,JL Senti White Calm Glass Candle,each,£7.00,£7 each,,Household
462617,Duracell Optimum AAA 4 Pack,G,false,884,https://ecom-su-static-prod.wtrecom.com/images/products/3/LN_462617_BP_3.jpg,https://www.waitrose.com/ecom/products/duracell-optimum-aaa-4-pack/462617-759820-759821,Duracell Optimum AAA 4 Pack,Each,£6.00,£6 each,,Household
460752,Dishmatic Scrubbee + Refill,G,false,885,https://ecom-su-static-prod.wtrecom.com/images/products/3/LN_460752_BP_3.jpg,https://www.waitrose.com/ecom/products/dishmatic-scrubbee-refill/460752-824097-824098,Dishmatic Scrubbee + Refill,90g,£2.75,£30.56/kg,,Household
455353,Glade Sense & Spray Clean Linen Twin Refill,G,true,886,https://ecom-su-static-prod.wtrecom.com/images/products/3/LN_455353_BP_3.jpg,https://www.waitrose.com/ecom/products/glade-sense-spray-clean-linen-twin-refill/455353-810669-810670,Glade Sense & Spray Clean Linen Twin Refill,36ml,£4.66,£12.95/100ml,Save 1/3. Was £7.00,Household
454676,Air Wick Vanilla Freshmatic Refill Air Freshener,G,false,887,https://ecom-su-static-prod.wtrecom.com/images/products/3/LN_454676_BP_3.jpg,https://www.waitrose.com/ecom/products/air-wick-vanilla-freshmatic-refill-air-freshener/454676-772576-772577,Air Wick Vanilla Freshmatic Refill Air Freshener,250ml,£6.00,£2.40/100ml,,Household
453251,Flash Power Spray Mop Floor Cleaner Washable Pads,G,true,888,https://ecom-su-static-prod.wtrecom.com/images/products/3/LN_453251_BP_3.jpg,https://www.waitrose.com/ecom/products/flash-power-spray-mop-floor-cleaner-washable-pads/453251-824093-824094,Flash Power Spray Mop Floor Cleaner Washable Pads,1each,£9.50,£9.50 each,20% Off. Was £11.90,Household
452682,Air Wick Linen & Lilac Freshmatic Refill Air Freshener,G,false,889,https://ecom-su-static-prod.wtrecom.com/images/products/3/LN_452682_BP_3.jpg,https://www.waitrose.com/ecom/products/air-wick-linen-lilac-freshmatic-refill-air-freshener/452682-131900-131901,Air Wick Linen & Lilac Freshmatic Refill Air Freshener,250ml,£6.00,£2.40/100ml,,Household
451710,Dettol Protect Wipes 50s,G,true,890,https://ecom-su-static-prod.wtrecom.com/images/products/3/LN_451710_BP_3.jpg,https://www.waitrose.com/ecom/products/dettol-protect-wipes-50s/451710-803282-803283,Dettol Protect Wipes 50s,50Sheet,£2.00,£4/100 sheets,save £1.15. Was £3.15,Household
449714,Philips LED White 4.6W GU10,G,true,891,https://ecom-su-static-prod.wtrecom.com/images/products/3/LN_449714_BP_3.jpg,https://www.waitrose.com/ecom/products/philips-led-white-46w-gu10/449714-744915-744916,Philips LED White 4.6W GU10,each,£22.39,£22.39 each,20% Off. Was £27.99,Household
448031,Flash Powermop Floor Cleaner Refill Pads,G,false,892,https://ecom-su-static-prod.wtrecom.com/images/products/3/LN_448031_BP_3.jpg,https://www.waitrose.com/ecom/products/flash-powermop-floor-cleaner-refill-pads/448031-824089-824090,Flash Powermop Floor Cleaner Refill Pads,8each,£4.50,56.3p each,,Household
447269,AD Pillar Ivory Medium,G,false,893,https://ecom-su-static-prod.wtrecom.com/images/products/3/LN_447269_BP_3.jpg,https://www.waitrose.com/ecom/products/ad-pillar-ivory-medium/447269-662486-662487,AD Pillar Ivory Medium,each,£2.50,£2.50 each,,Household
447067,Glade Aerosol Frosted Floral Cherries,G,true,894,https://ecom-su-static-prod.wtrecom.com/images/products/3/LN_447067_BP_3.jpg,https://www.waitrose.com/ecom/products/glade-aerosol-frosted-floral-cherries/447067-810663-810664,Glade Aerosol Frosted Floral Cherries,300ml,£2.25,75p/100ml,Add 2 for £3,Household
444997,Surf Tropical Lily Concentrated Disinfectant,G,true,895,https://ecom-su-static-prod.wtrecom.com/images/products/3/LN_444997_BP_3.jpg,https://www.waitrose.com/ecom/products/surf-tropical-lily-concentrated-disinfectant/444997-813242-813243,Surf Tropical Lily Concentrated Disinfectant,240ml,£2.50,£10.42/litre,save 50p. Was £3.00,Household
444710,AD Pillar White Large,G,false,896,https://ecom-su-static-prod.wtrecom.com/images/products/3/LN_444710_BP_3.jpg,https://www.waitrose.com/ecom/products/ad-pillar-white-large/444710-662478-662479,AD Pillar White Large,each,£7.00,£7 each,,Household
441973,Dettol Anti-Bac Multi Surface Spray Citrus,G,false,897,https://ecom-su-static-prod.wtrecom.com/images/products/3/LN_441973_BP_3.jpg,https://www.waitrose.com/ecom/products/dettol-anti-bac-multi-surface-spray-citrus/441973-762290-762291,Dettol Anti-Bac Multi Surface Spray Citrus,1L,£4.00,£4/litre,,Household
441910,Glade Electric Refill Tropical Blossom,G,false,898,https://ecom-su-static-prod.wtrecom.com/images/products/3/LN_441910_BP_3.jpg,https://www.waitrose.com/ecom/products/glade-electric-refill-tropical-blossom/441910-810661-810662,Glade Electric Refill Tropical Blossom,20ml,£5.25,£26.25/100ml,,Household
441167,AD Pillar Red Medium,G,false,899,https://ecom-su-static-prod.wtrecom.com/images/products/3/LN_441167_BP_3.jpg,https://www.waitrose.com/ecom/products/ad-pillar-red-medium/441167-662470-662471,AD Pillar Red Medium,each,£2.50,£2.50 each,,Household
438715,Glade Sense & Spray Twin Refill Sandalwood and Jasmine,G,true,900,https://ecom-su-static-prod.wtrecom.com/images/products/3/LN_438715_BP_3.jpg,https://www.waitrose.com/ecom/products/glade-sense-spray-twin-refill-sandalwood-and-jasmine/438715-810659-810660,Glade Sense & Spray Twin Refill Sandalwood and Jasmine,36ml,£4.66,£1.30/10ml,Save 1/3. Was £7.00,Household
438250,Glade Candle Cherry & Peony,G,false,901,https://ecom-su-static-prod.wtrecom.com/images/products/3/LN_438250_BP_3.jpg,https://www.waitrose.com/ecom/products/glade-candle-cherry-peony/438250-702485-702486,Glade Candle Cherry & Peony,224g,£8.00,£35.72/kg,,Household
436672,Philips 20W GU5.3 Warm White,G,true,902,https://ecom-su-static-prod.wtrecom.com/images/products/3/LN_436672_BP_3.jpg,https://www.waitrose.com/ecom/products/philips-20w-gu53-warm-white/436672-748718-748719,Philips 20W GU5.3 Warm White,each,£6.31,£6.31 each,20% Off. Was £7.89,Household
435260,Energizer CR2032 Lithium 3V,G,false,903,https://ecom-su-static-prod.wtrecom.com/images/products/3/LN_435260_BP_3.jpg,https://www.waitrose.com/ecom/products/energizer-cr2032-lithium-3v/435260-731240-731241,Energizer CR2032 Lithium 3V,6s,£11.00,£1.84 each,,Household
433432,Philips Frosted Ball White B22 40W,G,true,904,https://ecom-su-static-prod.wtrecom.com/images/products/3/LN_433432_BP_3.jpg,https://www.waitrose.com/ecom/products/philips-frosted-ball-white-b22-40w/433432-744875-744876,Philips Frosted Ball White B22 40W,each,£4.47,£4.47 each,20% Off. Was £5.59,Household
431841,Philips LED Warm White B22 5.5W,G,true,905,https://ecom-su-static-prod.wtrecom.com/images/products/3/LN_431841_BP_3.jpg,https://www.waitrose.com/ecom/products/philips-led-warm-white-b22-55w/431841-744873-744874,Philips LED Warm White B22 5.5W,each,£3.59,£3.59 each,20% Off. Was £4.49,Household
426471,Glade Electric Holder Sandalwood & Jasmine,G,false,906,https://ecom-su-static-prod.wtrecom.com/images/products/3/LN_426471_BP_3.jpg,https://www.waitrose.com/ecom/products/glade-electric-holder-sandalwood-jasmine/426471-702455-702456,Glade Electric Holder Sandalwood & Jasmine,20ml,£7.00,£35/100ml,,Household
425866,Marigold Outdoor Gloves Large,G,false,907,https://ecom-su-static-prod.wtrecom.com/images/products/3/LN_425866_BP_3.jpg,https://www.waitrose.com/ecom/products/marigold-outdoor-gloves-large/425866-655233-655234,Marigold Outdoor Gloves Large,pair,£3.75,£3.75 each,,Household
421646,Price's Candle Pet's Home Jar,G,false,908,https://ecom-su-static-prod.wtrecom.com/images/products/3/LN_421646_BP_3.jpg,https://www.waitrose.com/ecom/products/prices-candle-pets-home-jar/421646-672233-672234,Price's Candle Pet's Home Jar,Each,£5.25,£5.25 each,,Household
421290,Philips Special LED Refrigerator 1.7W,G,true,909,https://ecom-su-static-prod.wtrecom.com/images/products/3/LN_421290_BP_3.jpg,https://www.waitrose.com/ecom/products/philips-special-led-refrigerator-17w/421290-744851-744852,Philips Special LED Refrigerator 1.7W,each,£4.47,£4.47 each,20% Off. Was £5.59,Household
420025,Philips LED Warm White E27 5.5W,G,true,910,https://ecom-su-static-prod.wtrecom.com/images/products/3/LN_420025_BP_3.jpg,https://www.waitrose.com/ecom/products/philips-led-warm-white-e27-55w/420025-744849-744850,Philips LED Warm White E27 5.5W,each,£3.59,£3.59 each,20% Off. Was £4.49,Household
419870,Flash Duster XL Starter Kit,G,false,911,https://ecom-su-static-prod.wtrecom.com/images/products/3/LN_419870_BP_3.jpg,https://www.waitrose.com/ecom/products/flash-duster-xl-starter-kit/419870-783830-783831,Flash Duster XL Starter Kit,Each,£7.00,£7 each,,Household
417853,Febreze 3Volution Air Freshener Refill Lavender,G,true,912,https://ecom-su-static-prod.wtrecom.com/images/products/3/LN_417853_BP_3.jpg,https://www.waitrose.com/ecom/products/febreze-3volution-air-freshener-refill-lavender/417853-795756-795757,Febreze 3Volution Air Freshener Refill Lavender,20ml,£5.00,£25/100ml,Add 2 for £7,Household
417167,Philips LED White GU10 4.6w,G,true,913,https://ecom-su-static-prod.wtrecom.com/images/products/3/LN_417167_BP_3.jpg,https://www.waitrose.com/ecom/products/philips-led-white-gu10-46w/417167-744845-744846,Philips LED White GU10 4.6w,each,£3.59,£3.59 each,20% Off. Was £4.49,Household
413395,Duracell Specialty LR44 1.5V/B Alkaline,G,false,914,https://ecom-su-static-prod.wtrecom.com/images/products/3/LN_413395_BP_3.jpg,https://www.waitrose.com/ecom/products/duracell-specialty-lr44-15v-b-alkaline/413395-707335-707336,Duracell Specialty LR44 1.5V/B Alkaline,4s,£8.50,£2.13 each,,Household
409981,JL Senti Yellow Joy Pillar,G,false,915,https://ecom-su-static-prod.wtrecom.com/images/products/3/LN_409981_BP_3.jpg,https://www.waitrose.com/ecom/products/jl-senti-yellow-joy-pillar/409981-810268-810269,JL Senti Yellow Joy Pillar,each,£6.00,£6 each,,Household
408376,Dr. Beckmann Stain Devils Pre-Wash,G,false,916,https://ecom-su-static-prod.wtrecom.com/images/products/3/LN_408376_BP_3.jpg,https://www.waitrose.com/ecom/products/dr-beckmann-stain-devils-pre-wash/408376-370457-370458,Dr. Beckmann Stain Devils Pre-Wash,250ml,£3.25,£13/litre,,Household
402301,Philips LED White Frosted 13W E27,G,true,917,https://ecom-su-static-prod.wtrecom.com/images/products/3/LN_402301_BP_3.jpg,https://www.waitrose.com/ecom/products/philips-led-white-frosted-13w-e27/402301-744827-744828,Philips LED White Frosted 13W E27,each,£6.31,£6.31 each,20% Off. Was £7.89,Household
274387,Andrex Complete Clean Toilet Tissue MEGA Roll 12 Rolls,G,false,918,https://ecom-su-static-prod.wtrecom.com/images/products/3/LN_274387_BP_3.jpg,https://www.waitrose.com/ecom/products/andrex-complete-clean-toilet-tissue-mega-roll-12-rolls/274387-827432-827433,Andrex Complete Clean Toilet Tissue MEGA Roll 12 Rolls,3480Sheet,£12.35,35.5p/100 sheets,,Household
091296,Vileda Supermocio 3 Action,G,false,919,https://ecom-su-static-prod.wtrecom.com/images/products/3/LN_091296_BP_3.jpg,https://www.waitrose.com/ecom/products/vileda-supermocio-3-action/091296-47015-47016,Vileda Supermocio 3 Action,Each,£8.15,£8.15 each,,Household
089532,Filetti Non-Bio 12 Washes,G,false,920,https://ecom-su-static-prod.wtrecom.com/images/products/3/LN_089532_BP_3.jpg,https://www.waitrose.com/ecom/products/filetti-non-bio-12-washes/089532-46152-46153,Filetti Non-Bio 12 Washes,780g,£3.00,£3.85/kg,,Household
080414,Method Stainless Steel Cleaner,G,false,921,https://ecom-su-static-prod.wtrecom.com/images/products/3/LN_080414_BP_3.jpg,https://www.waitrose.com/ecom/products/method-stainless-steel-cleaner/080414-40926-40927,Method Stainless Steel Cleaner,354ml,£4.75,£13.42/litre,,Household
070759,Duracell Plus 9V Alkaline,G,false,922,https://ecom-su-static-prod.wtrecom.com/images/products/3/LN_070759_BP_3.jpg,https://www.waitrose.com/ecom/products/duracell-plus-9v-alkaline/070759-35869-35870,Duracell Plus 9V Alkaline,2s,£9.00,£4.50 each,,Household
070757,Duracell Plus C Batteries Alkaline,G,false,923,https://ecom-su-static-prod.wtrecom.com/images/products/3/LN_070757_BP_3.jpg,https://www.waitrose.com/ecom/products/duracell-plus-c-batteries-alkaline/070757-35865-35866,Duracell Plus C Batteries Alkaline,4s,£9.50,£2.38 each,,Household
070756,Duracell Plus D Batteries Alkaline,G,false,924,https://ecom-su-static-prod.wtrecom.com/images/products/3/LN_070756_BP_3.jpg,https://www.waitrose.com/ecom/products/duracell-plus-d-batteries-alkaline/070756-35863-35864,Duracell Plus D Batteries Alkaline,4s,£9.50,£2.38 each,,Household
070755,Duracell Plus AAA MN 2400,G,false,925,https://ecom-su-static-prod.wtrecom.com/images/products/3/LN_070755_BP_3.jpg,https://www.waitrose.com/ecom/products/duracell-plus-aaa-mn-2400/070755-35861-35862,Duracell Plus AAA MN 2400,4s,£5.00,£1.25 each,,Household
070754,Duracell Plus 9V Alkaline,G,false,926,https://ecom-su-static-prod.wtrecom.com/images/products/3/LN_070754_BP_3.jpg,https://www.waitrose.com/ecom/products/duracell-plus-9v-alkaline/070754-35859-35860,Duracell Plus 9V Alkaline,Each,£5.25,£5.25 each,,Household
070330,Mr Muscle Oven Cleaner,G,false,927,https://ecom-su-static-prod.wtrecom.com/images/products/3/LN_070330_BP_3.jpg,https://www.waitrose.com/ecom/products/mr-muscle-oven-cleaner/070330-35612-35613,Mr Muscle Oven Cleaner,300ml,£4.20,£14/litre,,Household
040109,CarPlan Blue Star De-Icer,G,false,928,https://ecom-su-static-prod.wtrecom.com/images/products/3/LN_040109_BP_3.jpg,https://www.waitrose.com/ecom/products/carplan-blue-star-de-icer/040109-19841-19842,CarPlan Blue Star De-Icer,500ml,£3.50,£7/litre,,Household
029050,Method Multi-Surface French Lavender,G,false,929,https://ecom-su-static-prod.wtrecom.com/images/products/3/LN_029050_BP_3.jpg,https://www.waitrose.com/ecom/products/method-multi-surface-french-lavender/029050-14151-14152,Method Multi-Surface French Lavender,828ml,£4.00,£4.84/litre,,Household
024620,Bluecol Screen Wash,G,false,930,https://ecom-su-static-prod.wtrecom.com/images/products/3/LN_024620_BP_3.jpg,https://www.waitrose.com/ecom/products/bluecol-screen-wash/024620-11920-11921,Bluecol Screen Wash,1litre,£4.00,£4/litre,,Household
