data-product-id,data-product-name,data-product-type,data-product-on-offer,data-product-index,image-url,product-page,product-name,product-size,item-price,price-per-unit,offer-description,category
781262,Hellmann's Organic Mayonnaise,G,false,400,https://ecom-su-static-prod.wtrecom.com/images/products/3/LN_781262_BP_3.jpg,https://www.waitrose.com/ecom/products/hellmanns-organic-mayonnaise/781262-697912-697913,Hellmann's Organic Mayonnaise,270g,£4.00,£1.49/100g,,Organic Shop
084522,Yeo Valley Organic Salted Butter,G,true,2,https://ecom-su-static-prod.wtrecom.com/images/products/3/LN_084522_BP_3.jpg,https://www.waitrose.com/ecom/products/yeo-valley-organic-salted-butter/084522-42913-42914,Yeo Valley Organic Salted Butter,200g,£2.95,£14.75/kg,Add 2 for £3.70,Organic Shop
862378,Rachels Dairy Luscious Fruits Cherry & Strawberry Organic Yogurts,G,true,51,https://ecom-su-static-prod.wtrecom.com/images/products/3/LN_862378_BP_3.jpg,https://www.waitrose.com/ecom/products/rachels-dairy-luscious-fruits-cherry-strawberry-organic-yogurts/862378-405860-405861,Rachels Dairy Luscious Fruits Cherry & Strawberry Organic Yogurts,4x110g,£2.17,49.3p/100g,25% Off. Was £2.90,Organic Shop
088973,Duchy Organic Blueberries,G,false,4,https://ecom-su-static-prod.wtrecom.com/images/products/3/LN_088973_BP_3.jpg,https://www.waitrose.com/ecom/products/duchy-organic-blueberries/088973-45748-45749,Duchy Organic Blueberries,125g,£2.50,£20/kg,,Organic Shop
085513,Duchy Organic Carrots,G,false,5,https://ecom-su-static-prod.wtrecom.com/images/products/3/LN_085513_BP_3.jpg,https://www.waitrose.com/ecom/products/duchy-organic-carrots/085513-43592-43593,Duchy Organic Carrots,650g,£1.40,£2.16/kg,,Organic Shop
088937,Duchy Organic Fairtrade Bananas,G,false,6,https://ecom-su-static-prod.wtrecom.com/images/products/3/LN_088937_BP_3.jpg,https://www.waitrose.com/ecom/products/duchy-organic-fairtrade-bananas/088937-45726-45727,Duchy Organic Fairtrade Bananas,6s,£1.95,32.5p each,,Organic Shop
564598,Duchy Organic Salad Cucumber,G,false,7,https://ecom-su-static-prod.wtrecom.com/images/products/3/LN_564598_BP_3.jpg,https://www.waitrose.com/ecom/products/duchy-organic-salad-cucumber/564598-79966-79967,Duchy Organic Salad Cucumber,each,£1.40,£1.40 each,,Organic Shop
477602,Duchy Organic Broccoli,G,false,8,https://ecom-su-static-prod.wtrecom.com/images/products/3/LN_477602_BP_3.jpg,https://www.waitrose.com/ecom/products/duchy-organic-broccoli/477602-428563-67380,Duchy Organic Broccoli,350g,£1.50,£4.29/kg,,Organic Shop
053924,Duchy Organic Homogenised Semi-Skimmed Milk 4 pints,G,false,9,https://ecom-su-static-prod.wtrecom.com/images/products/3/LN_053924_BP_3.jpg,https://www.waitrose.com/ecom/products/duchy-organic-homogenised-semi-skimmed-milk-4-pints/053924-27034-27035,Duchy Organic Homogenised Semi-Skimmed Milk 4 pints,2.272litre,£2.25,99p/litre,,Organic Shop
095692,Duchy Organic British Free Range Eggs Large,G,false,10,https://ecom-su-static-prod.wtrecom.com/images/products/3/LN_095692_BP_3.jpg,https://www.waitrose.com/ecom/products/duchy-organic-british-free-range-eggs-large/095692-49035-49036,Duchy Organic British Free Range Eggs Large,6s,£3.50,58.3p each,,Organic Shop
018732,Duchy Organic Unhomogenised Whole Milk 4 Pints,G,false,11,https://ecom-su-static-prod.wtrecom.com/images/products/3/LN_018732_BP_3.jpg,https://www.waitrose.com/ecom/products/duchy-organic-unhomogenised-whole-milk-4-pints/018732-9053-9054,Duchy Organic Unhomogenised Whole Milk 4 Pints,2.272litre,£2.25,99p/litre,,Organic Shop
867143,Duchy Organic British Free Range Eggs,G,false,12,https://ecom-su-static-prod.wtrecom.com/images/products/3/LN_867143_BP_3.jpg,https://www.waitrose.com/ecom/products/duchy-organic-british-free-range-eggs/867143-373749-373750,Duchy Organic British Free Range Eggs,12s,£5.50,45.8p each,,Organic Shop
054314,Duchy Organic Houmous,G,false,13,https://ecom-su-static-prod.wtrecom.com/images/products/3/LN_054314_BP_3.jpg,https://www.waitrose.com/ecom/products/duchy-organic-houmous/054314-27269-27270,Duchy Organic Houmous,200g,£2.00,£1/100g,,Organic Shop
088358,Duchy Organic Gala Apples,G,false,14,https://ecom-su-static-prod.wtrecom.com/images/products/3/LN_088358_BP_3.jpg,https://www.waitrose.com/ecom/products/duchy-organic-gala-apples/088358-45326-45327,Duchy Organic Gala Apples,4s,£2.25,56.3p each,,Organic Shop
483605,Duchy Organic Babyleaf & Rocket Salad,G,false,15,https://ecom-su-static-prod.wtrecom.com/images/products/3/LN_483605_BP_3.jpg,https://www.waitrose.com/ecom/products/duchy-organic-babyleaf-rocket-salad/483605-349790-349791,Duchy Organic Babyleaf & Rocket Salad,100g,£2.15,£2.15/100g,,Organic Shop
635349,Yeo Valley Organic Kefir Natural Yogurt,G,false,16,https://ecom-su-static-prod.wtrecom.com/images/products/3/LN_635349_BP_3.jpg,https://www.waitrose.com/ecom/products/yeo-valley-organic-kefir-natural-yogurt/635349-673693-673694,Yeo Valley Organic Kefir Natural Yogurt,350g,£2.10,60p/100g,,Organic Shop
078986,Duchy Organic Large Vine Tomatoes,G,false,17,https://ecom-su-static-prod.wtrecom.com/images/products/3/LN_078986_BP_3.jpg,https://www.waitrose.com/ecom/products/duchy-organic-large-vine-tomatoes/078986-40203-40204,Duchy Organic Large Vine Tomatoes,425g,£2.75,£6.48/kg,,Organic Shop
048574,Duchy Organic Little Gem Lettuce,G,false,18,https://ecom-su-static-prod.wtrecom.com/images/products/3/LN_048574_BP_3.jpg,https://www.waitrose.com/ecom/products/duchy-organic-little-gem-lettuce/048574-24130-24131,Duchy Organic Little Gem Lettuce,2Each,£1.75,87.5p each,,Organic Shop
016390,Duchy Organic Homogenised Semi-Skimmed Milk 2 pints,G,false,19,https://ecom-su-static-prod.wtrecom.com/images/products/3/LN_016390_BP_3.jpg,https://www.waitrose.com/ecom/products/duchy-organic-homogenised-semi-skimmed-milk-2-pints/016390-7844-7845,Duchy Organic Homogenised Semi-Skimmed Milk 2 pints,1.136litre,£1.65,£1.46/litre,,Organic Shop
014520,Duchy Organic British Free Range Medium Eggs,G,false,20,https://ecom-su-static-prod.wtrecom.com/images/products/3/LN_014520_BP_3.jpg,https://www.waitrose.com/ecom/products/duchy-organic-british-free-range-medium-eggs/014520-6974-6975,Duchy Organic British Free Range Medium Eggs,6s,£2.75,45.8p each,,Organic Shop
028605,Yeo Valley Organic Unsalted Butter,G,true,21,https://ecom-su-static-prod.wtrecom.com/images/products/3/LN_028605_BP_3.jpg,https://www.waitrose.com/ecom/products/yeo-valley-organic-unsalted-butter/028605-13942-13943,Yeo Valley Organic Unsalted Butter,200g,£2.95,£14.75/kg,Add 2 for £3.70,Organic Shop
085556,Duchy Organic Celery,G,false,22,https://ecom-su-static-prod.wtrecom.com/images/products/3/LN_085556_BP_3.jpg,https://www.waitrose.com/ecom/products/duchy-organic-celery/085556-43648-43649,Duchy Organic Celery,Each,£1.55,£1.55 each,,Organic Shop
046734,Duchy Organic Avocado,G,false,23,https://ecom-su-static-prod.wtrecom.com/images/products/3/LN_046734_BP_3.jpg,https://www.waitrose.com/ecom/products/duchy-organic-avocado/046734-23085-23086,Duchy Organic Avocado,Each,£1.40,£1.40 each,,Organic Shop
053023,Yeo Valley Organic Natural Yogurt,G,true,24,https://ecom-su-static-prod.wtrecom.com/images/products/3/LN_053023_BP_3.jpg,https://www.waitrose.com/ecom/products/yeo-valley-organic-natural-yogurt/053023-26457-26458,Yeo Valley Organic Natural Yogurt,450g,£1.75,38.9p/100g,save 35p. Was £2.10,Organic Shop
096831,Duchy Organic Raspberries,G,false,25,https://ecom-su-static-prod.wtrecom.com/images/products/3/LN_096831_BP_3.jpg,https://www.waitrose.com/ecom/products/duchy-organic-raspberries/096831-420677-49494,Duchy Organic Raspberries,125g,£2.85,£22.80/kg,,Organic Shop
085540,Duchy Organic Chestnut Mushrooms,G,false,26,https://ecom-su-static-prod.wtrecom.com/images/products/3/LN_085540_BP_3.jpg,https://www.waitrose.com/ecom/products/duchy-organic-chestnut-mushrooms/085540-43630-43631,Duchy Organic Chestnut Mushrooms,250g,£2.00,£8/kg,,Organic Shop
888822,Duchy Organic Greek Feta Cheese Strength 3,G,false,27,https://ecom-su-static-prod.wtrecom.com/images/products/3/LN_888822_BP_3.jpg,https://www.waitrose.com/ecom/products/duchy-organic-greek-feta-cheese-strength-3/888822-268341-268342,Duchy Organic Greek Feta Cheese Strength 3,200g,£3.00,£15/kg,,Organic Shop
018294,Yeo Valley Organic Fresh Semi-Skimmed Milk,G,true,28,https://ecom-su-static-prod.wtrecom.com/images/products/3/LN_018294_BP_3.jpg,https://www.waitrose.com/ecom/products/yeo-valley-organic-fresh-semi-skimmed-milk/018294-8868-8869,Yeo Valley Organic Fresh Semi-Skimmed Milk,2litre,£2.65,£1.33/litre,Add 2 for £4.50,Organic Shop
097155,Duchy Organic Cherry Vine Tomatoes,G,false,29,https://ecom-su-static-prod.wtrecom.com/images/products/3/LN_097155_BP_3.jpg,https://www.waitrose.com/ecom/products/duchy-organic-cherry-vine-tomatoes/097155-49612-49613,Duchy Organic Cherry Vine Tomatoes,200g,£2.50,£12.50/kg,,Organic Shop
085579,Duchy Organic Sweet Potatoes,G,false,30,https://ecom-su-static-prod.wtrecom.com/images/products/3/LN_085579_BP_3.jpg,https://www.waitrose.com/ecom/products/duchy-organic-sweet-potatoes/085579-43669-43670,Duchy Organic Sweet Potatoes,700g,£2.60,£3.72/kg,,Organic Shop
075147,Duchy Organic Raw King Prawns,G,false,31,https://ecom-su-static-prod.wtrecom.com/images/products/3/LN_075147_BP_3.jpg,https://www.waitrose.com/ecom/products/duchy-organic-raw-king-prawns/075147-38128-38129,Duchy Organic Raw King Prawns,150g,£5.25,£35/kg,,Organic Shop
085581,Duchy Organic Carrots,G,false,32,https://ecom-su-static-prod.wtrecom.com/images/products/3/LN_085581_BP_3.jpg,https://www.waitrose.com/ecom/products/duchy-organic-carrots/085581-43671-43672,Duchy Organic Carrots,1kg,£2.00,£2/kg,,Organic Shop
607989,Terre Di Faiano Primitivo Organic Puglia,W,false,33,https://ecom-su-static-prod.wtrecom.com/images/products/3/LN_607989_BP_3.jpg,https://www.waitrose.com/ecom/products/terre-di-faiano-primitivo-organic-puglia/607989-348541-348542,Terre Di Faiano Primitivo Organic Puglia,75cl,£10.99,£10.99/75cl,,Organic Shop
022570,Yeo Valley Organic Natural Greek Style Yogurt,G,false,34,https://ecom-su-static-prod.wtrecom.com/images/products/3/LN_022570_BP_3.jpg,https://www.waitrose.com/ecom/products/yeo-valley-organic-natural-greek-style-yogurt/022570-11019-11020,Yeo Valley Organic Natural Greek Style Yogurt,450g,£2.25,50p/100g,,Organic Shop
059036,Duchy Organic 2 Scottish Salmon Fillets,G,false,35,https://ecom-su-static-prod.wtrecom.com/images/products/3/LN_059036_BP_3.jpg,https://www.waitrose.com/ecom/products/duchy-organic-2-scottish-salmon-fillets/059036-29728-29729,Duchy Organic 2 Scottish Salmon Fillets,265g,£10.50,£39.63/kg,,Organic Shop
010116,Yeo Valley Organic Fresh Semi-Skimmed Milk,G,true,36,https://ecom-su-static-prod.wtrecom.com/images/products/3/LN_010116_BP_3.jpg,https://www.waitrose.com/ecom/products/yeo-valley-organic-fresh-semi-skimmed-milk/010116-5038-5039,Yeo Valley Organic Fresh Semi-Skimmed Milk,1litre,£1.35,£1.35/litre,save 35p. Was £1.70,Organic Shop
020009,Yeo Valley Bio Live Organic Natural Yogurt,G,false,37,https://ecom-su-static-prod.wtrecom.com/images/products/3/LN_020009_BP_3.jpg,https://www.waitrose.com/ecom/products/yeo-valley-bio-live-organic-natural-yogurt/020009-9745-9746,Yeo Valley Bio Live Organic Natural Yogurt,950g,£3.80,40p/100g,,Organic Shop
088062,Duchy Organic British Strawberries,G,false,38,https://ecom-su-static-prod.wtrecom.com/images/products/3/LN_088062_BP_3.jpg,https://www.waitrose.com/ecom/products/duchy-organic-british-strawberries/088062-45053-45054,Duchy Organic British Strawberries,225g,£3.50,£15.56/kg,,Organic Shop
742393,Duchy Organic Ripe Avocados,G,false,39,https://ecom-su-static-prod.wtrecom.com/images/products/3/LN_742393_BP_3.jpg,https://www.waitrose.com/ecom/products/duchy-organic-ripe-avocados/742393-586766-586767,Duchy Organic Ripe Avocados,2s,£2.65,£1.33 each,,Organic Shop
086479,Duchy Organic Salad Onions Bunch,G,false,40,https://ecom-su-static-prod.wtrecom.com/images/products/3/LN_086479_BP_3.jpg,https://www.waitrose.com/ecom/products/duchy-organic-salad-onions-bunch/086479-44168-44169,Duchy Organic Salad Onions Bunch,Each,£1.10,£1.10 each,,Organic Shop
065367,Green & Black's Organic 85% Dark Chocolate Bar,G,false,41,https://ecom-su-static-prod.wtrecom.com/images/products/3/LN_065367_BP_3.jpg,https://www.waitrose.com/ecom/products/green-blacks-organic-85-dark-chocolate-bar/065367-33133-33134,Green & Black's Organic 85% Dark Chocolate Bar,90g,£2.50,£2.78/100g,,Organic Shop
637930,The Tofoo Co. Naked Tofu,G,false,42,https://ecom-su-static-prod.wtrecom.com/images/products/3/LN_637930_BP_3.jpg,https://www.waitrose.com/ecom/products/the-tofoo-co-naked-tofu/637930-583696-583697,The Tofoo Co. Naked Tofu,280g,£2.40,£8.58/kg,,Organic Shop
082835,Duchy Organic Unhomogenised Whole Milk 2 Pints,G,false,43,https://ecom-su-static-prod.wtrecom.com/images/products/3/LN_082835_BP_3.jpg,https://www.waitrose.com/ecom/products/duchy-organic-unhomogenised-whole-milk-2-pints/082835-42105-42106,Duchy Organic Unhomogenised Whole Milk 2 Pints,1.136litre,£1.65,£1.46/litre,,Organic Shop
085511,Duchy Organic Onions,G,false,44,https://ecom-su-static-prod.wtrecom.com/images/products/3/LN_085511_BP_3.jpg,https://www.waitrose.com/ecom/products/duchy-organic-onions/085511-43590-43591,Duchy Organic Onions,750g,£1.70,£2.27/kg,,Organic Shop
058375,Bottlegreen Cordial Elderflower,G,false,45,https://ecom-su-static-prod.wtrecom.com/images/products/3/LN_058375_BP_3.jpg,https://www.waitrose.com/ecom/products/bottlegreen-cordial-elderflower/058375-29357-29358,Bottlegreen Cordial Elderflower,500ml,£4.45,89p/100ml,,Organic Shop
087516,Yeo Valley Organic Fresh Whole Milk,G,true,46,https://ecom-su-static-prod.wtrecom.com/images/products/3/LN_087516_BP_3.jpg,https://www.waitrose.com/ecom/products/yeo-valley-organic-fresh-whole-milk/087516-44738-44739,Yeo Valley Organic Fresh Whole Milk,2litre,£2.65,£1.33/litre,Add 2 for £4.50,Organic Shop
085504,Duchy Organic Potatoes,G,false,47,https://ecom-su-static-prod.wtrecom.com/images/products/3/LN_085504_BP_3.jpg,https://www.waitrose.com/ecom/products/duchy-organic-potatoes/085504-428552-43583,Duchy Organic Potatoes,1.5kg,£1.95,£1.30/kg,,Organic Shop
035988,Alpro Organic Soya Long Life No Sugar Dairy Free Milk Alternative,G,true,48,https://ecom-su-static-prod.wtrecom.com/images/products/3/LN_035988_BP_3.jpg,https://www.waitrose.com/ecom/products/alpro-organic-soya-long-life-no-sugar-dairy-free-milk-alternative/035988-18074-18075,Alpro Organic Soya Long Life No Sugar Dairy Free Milk Alternative,1litre,£1.50,£1.50/litre,save 50p. Was £2.00,Organic Shop
088911,Duchy Organic Lemons,G,false,49,https://ecom-su-static-prod.wtrecom.com/images/products/3/LN_088911_BP_3.jpg,https://www.waitrose.com/ecom/products/duchy-organic-lemons/088911-428558-45709,Duchy Organic Lemons,3s,£2.00,66.7p each,,Organic Shop
653557,Duchy Organic Wholemeal Seeded Half Bloomer,G,false,50,https://ecom-su-static-prod.wtrecom.com/images/products/3/LN_653557_BP_3.jpg,https://www.waitrose.com/ecom/products/duchy-organic-wholemeal-seeded-half-bloomer/653557-92785-92786,Duchy Organic Wholemeal Seeded Half Bloomer,400g,£2.20,55p/100g,,Organic Shop
862378,Rachels Dairy Luscious Fruits Cherry & Strawberry Organic Yogurts,G,true,51,https://ecom-su-static-prod.wtrecom.com/images/products/3/LN_862378_BP_3.jpg,https://www.waitrose.com/ecom/products/rachels-dairy-luscious-fruits-cherry-strawberry-organic-yogurts/862378-405860-405861,Rachels Dairy Luscious Fruits Cherry & Strawberry Organic Yogurts,4x110g,£2.17,49.3p/100g,25% Off. Was £2.90,Organic Shop
029098,Flahavan's Organic Porridge Oats,G,false,52,https://ecom-su-static-prod.wtrecom.com/images/products/3/LN_029098_BP_3.jpg,https://www.waitrose.com/ecom/products/flahavans-organic-porridge-oats/029098-14173-14174,Flahavan's Organic Porridge Oats,1kg,£2.85,28.5p/100g,,Organic Shop
038197,Yeo Valley Organic Fresh Whole Milk,G,true,53,https://ecom-su-static-prod.wtrecom.com/images/products/3/LN_038197_BP_3.jpg,https://www.waitrose.com/ecom/products/yeo-valley-organic-fresh-whole-milk/038197-19062-19063,Yeo Valley Organic Fresh Whole Milk,1litre,£1.35,£1.35/litre,save 35p. Was £1.70,Organic Shop
085315,Duchy Organic Ridge Cucumber,G,false,54,https://ecom-su-static-prod.wtrecom.com/images/products/3/LN_085315_BP_3.jpg,https://www.waitrose.com/ecom/products/duchy-organic-ridge-cucumber/085315-43394-43395,Duchy Organic Ridge Cucumber,Each,£1.65,£1.65 each,,Organic Shop
028022,Epicure Organic Black Beans,G,true,55,https://ecom-su-static-prod.wtrecom.com/images/products/3/LN_028022_BP_3.jpg,https://www.waitrose.com/ecom/products/epicure-organic-black-beans/028022-13632-13633,Epicure Organic Black Beans,drained 240g,95p,£3.96/kg,20% Off. Was £1.20,Organic Shop
022524,Duchy Organic Spinach,G,false,56,https://ecom-su-static-prod.wtrecom.com/images/products/3/LN_022524_BP_3.jpg,https://www.waitrose.com/ecom/products/duchy-organic-spinach/022524-10989-10990,Duchy Organic Spinach,200g,£2.10,£10.50/kg,,Organic Shop
465949,Yeo Valley Organic Natural Yogurts,G,false,57,https://ecom-su-static-prod.wtrecom.com/images/products/3/LN_465949_BP_3.jpg,https://www.waitrose.com/ecom/products/yeo-valley-organic-natural-yogurts/465949-65681-65682,Yeo Valley Organic Natural Yogurts,4x110g,£2.65,60.2p/100g,,Organic Shop
411519,Duchy Organic English Salted Butter,G,false,58,https://ecom-su-static-prod.wtrecom.com/images/products/3/LN_411519_BP_3.jpg,https://www.waitrose.com/ecom/products/duchy-organic-english-salted-butter/411519-57914-57915,Duchy Organic English Salted Butter,250g,£3.25,£13/kg,,Organic Shop
070805,Duchy Organic Skimmed Milk 2 Pints,G,false,59,https://ecom-su-static-prod.wtrecom.com/images/products/3/LN_070805_BP_3.jpg,https://www.waitrose.com/ecom/products/duchy-organic-skimmed-milk-2-pints/070805-35887-35888,Duchy Organic Skimmed Milk 2 Pints,1.136litre,£1.65,£1.46/litre,,Organic Shop
066444,Yeo Valley Organic Natural Greek Style Yogurt Large,G,false,60,https://ecom-su-static-prod.wtrecom.com/images/products/3/LN_066444_BP_3.jpg,https://www.waitrose.com/ecom/products/yeo-valley-organic-natural-greek-style-yogurt-large/066444-33646-33647,Yeo Valley Organic Natural Greek Style Yogurt Large,950g,£4.00,42.1p/100g,,Organic Shop
010312,Yeo Valley Organic Greek Style Yogurts with Honey,G,true,61,https://ecom-su-static-prod.wtrecom.com/images/products/3/LN_010312_BP_3.jpg,https://www.waitrose.com/ecom/products/yeo-valley-organic-greek-style-yogurts-with-honey/010312-5142-5143,Yeo Valley Organic Greek Style Yogurts with Honey,4x100g,£2.65,66.3p/100g,Add 2 for £3.50,Organic Shop
025555,Kallo Lightly Salted Wholegrain Low Fat,G,true,62,https://ecom-su-static-prod.wtrecom.com/images/products/3/LN_025555_BP_3.jpg,https://www.waitrose.com/ecom/products/kallo-lightly-salted-wholegrain-low-fat/025555-12462-12463,Kallo Lightly Salted Wholegrain Low Fat,130g,£1.25,96.2p/100g,20% Off. Was £1.60,Organic Shop
700325,Duchy Organic Butter Beans,G,false,63,https://ecom-su-static-prod.wtrecom.com/images/products/3/LN_700325_BP_3.jpg,https://www.waitrose.com/ecom/products/duchy-organic-butter-beans/700325-747680-747681,Duchy Organic Butter Beans,drained 244g,£1.15,£4.72/kg,,Organic Shop
740318,Duchy Organic Leeks,G,false,64,https://ecom-su-static-prod.wtrecom.com/images/products/3/LN_740318_BP_3.jpg,https://www.waitrose.com/ecom/products/duchy-organic-leeks/740318-443842-443843,Duchy Organic Leeks,350g,£1.80,£5.15/kg,,Organic Shop
784091,Duchy Organic Cooked King Prawns,G,false,65,https://ecom-su-static-prod.wtrecom.com/images/products/3/LN_784091_BP_3.jpg,https://www.waitrose.com/ecom/products/duchy-organic-cooked-king-prawns/784091-538917-538918,Duchy Organic Cooked King Prawns,150g,£5.35,£3.57/100g,,Organic Shop
068408,Little Yeos Fruity Favourites Organic Kids Yogurts,G,false,66,https://ecom-su-static-prod.wtrecom.com/images/products/3/LN_068408_BP_3.jpg,https://www.waitrose.com/ecom/products/little-yeos-fruity-favourites-organic-kids-yogurts/068408-34727-34728,Little Yeos Fruity Favourites Organic Kids Yogurts,4x85g,£2.25,66.2p/100g,,Organic Shop
075149,Duchy Organic Roast Turkey Breast,G,false,67,https://ecom-su-static-prod.wtrecom.com/images/products/3/LN_075149_BP_3.jpg,https://www.waitrose.com/ecom/products/duchy-organic-roast-turkey-breast/075149-38130-38131,Duchy Organic Roast Turkey Breast,80g,£4.00,£5/100g,,Organic Shop
520941,Duchy Organic Courgettes,G,false,68,https://ecom-su-static-prod.wtrecom.com/images/products/3/LN_520941_BP_3.jpg,https://www.waitrose.com/ecom/products/duchy-organic-courgettes/520941-137985-137986,Duchy Organic Courgettes,300g,£2.50,£8.34/kg,,Organic Shop
068324,Duchy Organic Romano Peppers,G,false,69,https://ecom-su-static-prod.wtrecom.com/images/products/3/LN_068324_BP_3.jpg,https://www.waitrose.com/ecom/products/duchy-organic-romano-peppers/068324-34683-34684,Duchy Organic Romano Peppers,180g,£2.30,£12.78/kg,,Organic Shop
085558,Duchy Organic Peppers,G,false,70,https://ecom-su-static-prod.wtrecom.com/images/products/3/LN_085558_BP_3.jpg,https://www.waitrose.com/ecom/products/duchy-organic-peppers/085558-43652-43653,Duchy Organic Peppers,2s,£2.25,£1.13 each,,Organic Shop
086594,John Hurd's Organic Watercress,G,false,71,https://ecom-su-static-prod.wtrecom.com/images/products/3/LN_086594_BP_3.jpg,https://www.waitrose.com/ecom/products/john-hurds-organic-watercress/086594-44249-44250,John Hurd's Organic Watercress,80g,£2.25,£28.13/kg,,Organic Shop
088404,Waitrose Duchy Organic Oranges,G,false,72,https://ecom-su-static-prod.wtrecom.com/images/products/3/LN_088404_BP_3.jpg,https://www.waitrose.com/ecom/products/waitrose-duchy-organic-oranges/088404-428557-45350,Waitrose Duchy Organic Oranges,4s,£2.00,50p each,,Organic Shop
091728,Yeo Valley Organic Spreadable Butter with Rapeseed Oil,G,false,73,https://ecom-su-static-prod.wtrecom.com/images/products/3/LN_091728_BP_3.jpg,https://www.waitrose.com/ecom/products/yeo-valley-organic-spreadable-butter-with-rapeseed-oil/091728-47232-47233,Yeo Valley Organic Spreadable Butter with Rapeseed Oil,400g,£3.25,81.3p/100g,,Organic Shop
771220,Rachels Dairy Luscious Fruits Peach & Mango Organic Yogurts,G,true,74,https://ecom-su-static-prod.wtrecom.com/images/products/3/LN_771220_BP_3.jpg,https://www.waitrose.com/ecom/products/rachels-dairy-luscious-fruits-peach-mango-organic-yogurts/771220-405782-405783,Rachels Dairy Luscious Fruits Peach & Mango Organic Yogurts,4x110g,£2.17,49.3p/100g,25% Off. Was £2.90,Organic Shop
055290,Duchy Organic Chicken Breast Fillets 2,G,false,75,https://ecom-su-static-prod.wtrecom.com/images/products/3/LN_055290_BP_3.jpg,https://www.waitrose.com/ecom/products/duchy-organic-chicken-breast-fillets-2/055290-27757-27758,Duchy Organic Chicken Breast Fillets 2,Typical weight 440g,£12.32 each est.,£2.80/100g,,Organic Shop
623293,Duchy Organic Smoked Salmon,G,false,76,https://ecom-su-static-prod.wtrecom.com/images/products/3/LN_623293_BP_3.jpg,https://www.waitrose.com/ecom/products/duchy-organic-smoked-salmon/623293-157017-157018,Duchy Organic Smoked Salmon,120g,£8.50,£7.09/100g,,Organic Shop
813558,Duchy Organic Chickpeas in Water,G,false,77,https://ecom-su-static-prod.wtrecom.com/images/products/3/LN_813558_BP_3.jpg,https://www.waitrose.com/ecom/products/duchy-organic-chickpeas-in-water/813558-747686-747687,Duchy Organic Chickpeas in Water,drained 246g,£1.15,£4.68/kg,,Organic Shop
563021,Duchy Organic Soft Cheese Strength 1,G,false,78,https://ecom-su-static-prod.wtrecom.com/images/products/3/LN_563021_BP_3.jpg,https://www.waitrose.com/ecom/products/duchy-organic-soft-cheese-strength-1/563021-319582-319583,Duchy Organic Soft Cheese Strength 1,250g,£2.30,£9.20/kg,,Organic Shop
087584,Rachel's Organic Divine Rice Pudding,G,false,79,https://ecom-su-static-prod.wtrecom.com/images/products/3/LN_087584_BP_3.jpg,https://www.waitrose.com/ecom/products/rachels-organic-divine-rice-pudding/087584-44782-44783,Rachel's Organic Divine Rice Pudding,2x150g,£2.35,78.3p/100g,,Organic Shop
096217,Yeo Valley Bio Live Organic Natural Yogurt,G,false,80,https://ecom-su-static-prod.wtrecom.com/images/products/3/LN_096217_BP_3.jpg,https://www.waitrose.com/ecom/products/yeo-valley-bio-live-organic-natural-yogurt/096217-49242-49243,Yeo Valley Bio Live Organic Natural Yogurt,150g,90p,60p/100g,,Organic Shop
888848,Rebel Kitchen 100% Organic Coconut Water,G,false,81,https://ecom-su-static-prod.wtrecom.com/images/products/3/LN_888848_BP_3.jpg,https://www.waitrose.com/ecom/products/rebel-kitchen-100-organic-coconut-water/888848-575950-575951,Rebel Kitchen 100% Organic Coconut Water,750ml,£5.25,70p/100ml,,Organic Shop
085532,Duchy Organic Asparagus,G,false,82,https://ecom-su-static-prod.wtrecom.com/images/products/3/LN_085532_BP_3.jpg,https://www.waitrose.com/ecom/products/duchy-organic-asparagus/085532-43618-43619,Duchy Organic Asparagus,200g,£2.75,£13.75/kg,,Organic Shop
085542,Duchy Organic Green Beans,G,false,83,https://ecom-su-static-prod.wtrecom.com/images/products/3/LN_085542_BP_3.jpg,https://www.waitrose.com/ecom/products/duchy-organic-green-beans/085542-43632-43633,Duchy Organic Green Beans,225g,£2.15,£9.56/kg,,Organic Shop
838859,Bio-tiful Dairy Organic Natural Kefir Drink,G,false,84,https://ecom-su-static-prod.wtrecom.com/images/products/3/LN_838859_BP_3.jpg,https://www.waitrose.com/ecom/products/bio-tiful-dairy-organic-natural-kefir-drink/838859-668780-668781,Bio-tiful Dairy Organic Natural Kefir Drink,500ml,£2.95,59p/100ml,,Organic Shop
085562,Duchy Organic Cooked Beetroot,G,false,85,https://ecom-su-static-prod.wtrecom.com/images/products/3/LN_085562_BP_3.jpg,https://www.waitrose.com/ecom/products/duchy-organic-cooked-beetroot/085562-43657-43658,Duchy Organic Cooked Beetroot,250g,£1.25,£5/kg,,Organic Shop
079687,No.1 Colombia Reserve Ground Coffee,G,false,86,https://ecom-su-static-prod.wtrecom.com/images/products/3/LN_079687_BP_3.jpg,https://www.waitrose.com/ecom/products/no1-colombia-reserve-ground-coffee/079687-40543-40544,No.1 Colombia Reserve Ground Coffee,227g,£4.00,£1.77/100g,,Organic Shop
653397,Flahavan's Organic Jumbo Oats,G,false,87,https://ecom-su-static-prod.wtrecom.com/images/products/3/LN_653397_BP_3.jpg,https://www.waitrose.com/ecom/products/flahavans-organic-jumbo-oats/653397-92753-92754,Flahavan's Organic Jumbo Oats,1kg,£2.85,28.5p/100g,,Organic Shop
728453,Duchy Organic Honey Roast Ham,G,false,88,https://ecom-su-static-prod.wtrecom.com/images/products/3/LN_728453_BP_3.jpg,https://www.waitrose.com/ecom/products/duchy-organic-honey-roast-ham/728453-103481-103482,Duchy Organic Honey Roast Ham,90g,£3.75,£4.17/100g,,Organic Shop
096944,Duchy Organic Chopped Tomatoes in Juice,G,false,89,https://ecom-su-static-prod.wtrecom.com/images/products/3/LN_096944_BP_3.jpg,https://www.waitrose.com/ecom/products/duchy-organic-chopped-tomatoes-in-juice/096944-49531-49532,Duchy Organic Chopped Tomatoes in Juice,400g,£1.10,£2.75/kg,,Organic Shop
001841,Duchy Organic British Beef 4 Burgers,G,false,90,https://ecom-su-static-prod.wtrecom.com/images/products/3/LN_001841_BP_3.jpg,https://www.waitrose.com/ecom/products/duchy-organic-british-beef-4-burgers/001841-434-435,Duchy Organic British Beef 4 Burgers,0.34Kg,£4.95,£14.56/kg,,Organic Shop
085305,Duchy Organic Garlic,G,false,91,https://ecom-su-static-prod.wtrecom.com/images/products/3/LN_085305_BP_3.jpg,https://www.waitrose.com/ecom/products/duchy-organic-garlic/085305-43382-43383,Duchy Organic Garlic,3s,£1.15,38.3p each,,Organic Shop
895455,Duchy Organic Natural Greek Style Yogurt,G,false,92,https://ecom-su-static-prod.wtrecom.com/images/products/3/LN_895455_BP_3.jpg,https://www.waitrose.com/ecom/products/duchy-organic-natural-greek-style-yogurt/895455-756255-756256,Duchy Organic Natural Greek Style Yogurt,450g,£1.75,38.9p/100g,,Organic Shop
406943,Duchy Organic Seville Orange Fine Cut Marmalade,G,false,93,https://ecom-su-static-prod.wtrecom.com/images/products/3/LN_406943_BP_3.jpg,https://www.waitrose.com/ecom/products/duchy-organic-seville-orange-fine-cut-marmalade/406943-57247-57248,Duchy Organic Seville Orange Fine Cut Marmalade,340g,£2.10,61.8p/100g,,Organic Shop
045527,Green & Black's Organic Milk Chocolate Bar,G,false,94,https://ecom-su-static-prod.wtrecom.com/images/products/3/LN_045527_BP_3.jpg,https://www.waitrose.com/ecom/products/green-blacks-organic-milk-chocolate-bar/045527-22452-22453,Green & Black's Organic Milk Chocolate Bar,90g,£2.50,£2.78/100g,,Organic Shop
495822,Duchy Organic Coconut Milk,G,false,95,https://ecom-su-static-prod.wtrecom.com/images/products/3/LN_495822_BP_3.jpg,https://www.waitrose.com/ecom/products/duchy-organic-coconut-milk/495822-747390-747391,Duchy Organic Coconut Milk,400ml,£2.00,£5/litre,,Organic Shop
481904,Duchy Organic Cypriot Halloumi Cheese Strength 1,G,false,96,https://ecom-su-static-prod.wtrecom.com/images/products/3/LN_481904_BP_3.jpg,https://www.waitrose.com/ecom/products/duchy-organic-cypriot-halloumi-cheese-strength-1/481904-624394-624395,Duchy Organic Cypriot Halloumi Cheese Strength 1,225g,£3.75,£16.67/kg,,Organic Shop
024381,Oatly Oat Milk Long Life Organic Original Milk Alternative,G,true,97,https://ecom-su-static-prod.wtrecom.com/images/products/3/LN_024381_BP_3.jpg,https://www.waitrose.com/ecom/products/oatly-oat-milk-long-life-organic-original-milk-alternative/024381-11826-11827,Oatly Oat Milk Long Life Organic Original Milk Alternative,1litre,£1.50,£1.50/litre,save 75p. Was £2.25,Organic Shop
085714,Duchy Organic White Cup Mushrooms,G,false,98,https://ecom-su-static-prod.wtrecom.com/images/products/3/LN_085714_BP_3.jpg,https://www.waitrose.com/ecom/products/duchy-organic-white-cup-mushrooms/085714-43734-43735,Duchy Organic White Cup Mushrooms,250g,£1.30,£5.20/kg,,Organic Shop
063388,"Duchy Organic Chicken Thighs, Skin-on & Bone-in",G,false,99,https://ecom-su-static-prod.wtrecom.com/images/products/3/LN_063388_BP_3.jpg,https://www.waitrose.com/ecom/products/duchy-organic-chicken-thighs-skin-on-bone-in/063388-32185-32186,"Duchy Organic Chicken Thighs, Skin-on & Bone-in",Typical weight 0.61kg,£7.17 each est.,£11.75/kg,,Organic Shop
521800,Duchy Organic Tenderstem Broccoli,G,false,100,https://ecom-su-static-prod.wtrecom.com/images/products/3/LN_521800_BP_3.jpg,https://www.waitrose.com/ecom/products/duchy-organic-tenderstem-broccoli/521800-73782-73783,Duchy Organic Tenderstem Broccoli,200g,£2.65,£13.25/kg,,Organic Shop
750282,Duchy Organic Finely Sliced Roast Ham,G,false,101,https://ecom-su-static-prod.wtrecom.com/images/products/3/LN_750282_BP_3.jpg,https://www.waitrose.com/ecom/products/duchy-organic-finely-sliced-roast-ham/750282-752515-752516,Duchy Organic Finely Sliced Roast Ham,90g,£3.75,£4.17/100g,,Organic Shop
010343,Duchy Organic Skimmed Milk 4 pints,G,false,102,https://ecom-su-static-prod.wtrecom.com/images/products/3/LN_010343_BP_3.jpg,https://www.waitrose.com/ecom/products/duchy-organic-skimmed-milk-4-pints/010343-5164-5165,Duchy Organic Skimmed Milk 4 pints,2.272litre,£2.25,99p/litre,,Organic Shop
567131,Yeo Valley Mango & Passionfruit Organic Kefir Yogurt,G,false,103,https://ecom-su-static-prod.wtrecom.com/images/products/3/LN_567131_BP_3.jpg,https://www.waitrose.com/ecom/products/yeo-valley-mango-passionfruit-organic-kefir-yogurt/567131-673601-673602,Yeo Valley Mango & Passionfruit Organic Kefir Yogurt,350g,£2.10,60p/100g,,Organic Shop
033097,Yalumba Organic Viognier South Australia,W,false,104,https://ecom-su-static-prod.wtrecom.com/images/products/3/LN_033097_BP_3.jpg,https://www.waitrose.com/ecom/products/yalumba-organic-viognier-south-australia/033097-16303-16304,Yalumba Organic Viognier South Australia,75cl,£10.99,£10.99/75cl,,Organic Shop
013081,Yeo Valley Fruity Favourites Organic Yogurts,G,true,105,https://ecom-su-static-prod.wtrecom.com/images/products/3/LN_013081_BP_3.jpg,https://www.waitrose.com/ecom/products/yeo-valley-fruity-favourites-organic-yogurts/013081-422247-6364,Yeo Valley Fruity Favourites Organic Yogurts,4x110g,£2.65,60.2p/100g,Add 2 for £3.50,Organic Shop
871910,Duchy Organic Baked Beans in Tomato Sauce,G,false,106,https://ecom-su-static-prod.wtrecom.com/images/products/3/LN_871910_BP_3.jpg,https://www.waitrose.com/ecom/products/duchy-organic-baked-beans-in-tomato-sauce/871910-747640-747641,Duchy Organic Baked Beans in Tomato Sauce,420g,£1.00,£2.39/kg,,Organic Shop
092908,Duchy Organic Frozen Petits Pois,G,false,107,https://ecom-su-static-prod.wtrecom.com/images/products/3/LN_092908_BP_3.jpg,https://www.waitrose.com/ecom/products/duchy-organic-frozen-petits-pois/092908-47755-47756,Duchy Organic Frozen Petits Pois,500g,£2.25,£4.50/kg,,Organic Shop
731996,The Tofoo Co. Smoked Tofu,G,false,108,https://ecom-su-static-prod.wtrecom.com/images/products/3/LN_731996_BP_3.jpg,https://www.waitrose.com/ecom/products/the-tofoo-co-smoked-tofu/731996-583874-583875,The Tofoo Co. Smoked Tofu,225g,£3.00,£13.34/kg,,Organic Shop
092131,Duchy Organic Jumbo Rolled Oats,G,false,109,https://ecom-su-static-prod.wtrecom.com/images/products/3/LN_092131_BP_3.jpg,https://www.waitrose.com/ecom/products/duchy-organic-jumbo-rolled-oats/092131-47410-47411,Duchy Organic Jumbo Rolled Oats,1kg,£2.75,27.5p/100g,,Organic Shop
088793,Duchy Organic Medjool Dates,G,false,110,https://ecom-su-static-prod.wtrecom.com/images/products/3/LN_088793_BP_3.jpg,https://www.waitrose.com/ecom/products/duchy-organic-medjool-dates/088793-45627-45628,Duchy Organic Medjool Dates,180g,£2.90,£16.12/kg,,Organic Shop
057283,Duchy Organic Italian Extra Virgin Olive Oil,G,false,111,https://ecom-su-static-prod.wtrecom.com/images/products/3/LN_057283_BP_3.jpg,https://www.waitrose.com/ecom/products/duchy-organic-italian-extra-virgin-olive-oil/057283-28821-28822,Duchy Organic Italian Extra Virgin Olive Oil,500ml,£7.95,£1.59/100ml,,Organic Shop
052189,Duchy Organic Baby Plum Tomatoes,G,false,112,https://ecom-su-static-prod.wtrecom.com/images/products/3/LN_052189_BP_3.jpg,https://www.waitrose.com/ecom/products/duchy-organic-baby-plum-tomatoes/052189-25988-25989,Duchy Organic Baby Plum Tomatoes,225g,£2.30,£10.23/kg,,Organic Shop
015596,Duchy Organic British Beef Ribeye Steak,G,false,113,https://ecom-su-static-prod.wtrecom.com/images/products/3/LN_015596_BP_3.jpg,https://www.waitrose.com/ecom/products/duchy-organic-british-beef-ribeye-steak/015596-7493-7494,Duchy Organic British Beef Ribeye Steak,Typical weight 0.23kg,£7.99 each est.,£35.51/kg,,Organic Shop
006659,Duchy Organic Frozen Garden Peas,G,false,114,https://ecom-su-static-prod.wtrecom.com/images/products/3/LN_006659_BP_3.jpg,https://www.waitrose.com/ecom/products/duchy-organic-frozen-garden-peas/006659-2957-2958,Duchy Organic Frozen Garden Peas,500g,£2.00,£4/kg,,Organic Shop
561731,Rude Health Almond Long Life Organic Milk Alternative,G,false,115,https://ecom-su-static-prod.wtrecom.com/images/products/3/LN_561731_BP_3.jpg,https://www.waitrose.com/ecom/products/rude-health-almond-long-life-organic-milk-alternative/561731-287703-287704,Rude Health Almond Long Life Organic Milk Alternative,1litre,£2.40,£2.40/litre,,Organic Shop
036786,Duchy Organic Plum Tomatoes in Natural Juice,G,false,116,https://ecom-su-static-prod.wtrecom.com/images/products/3/LN_036786_BP_3.jpg,https://www.waitrose.com/ecom/products/duchy-organic-plum-tomatoes-in-natural-juice/036786-18418-18419,Duchy Organic Plum Tomatoes in Natural Juice,400g,£1.10,£2.75/kg,,Organic Shop
074305,Duchy Organic Farmhouse Mature Cheddar Cheese Strength 5,G,false,117,https://ecom-su-static-prod.wtrecom.com/images/products/3/LN_074305_BP_3.jpg,https://www.waitrose.com/ecom/products/duchy-organic-farmhouse-mature-cheddar-cheese-strength-5/074305-37740-37741,Duchy Organic Farmhouse Mature Cheddar Cheese Strength 5,350g,£4.75,£13.58/kg,,Organic Shop
615219,Duchy Organic Strawberry Extra Jam Preserve,G,false,118,https://ecom-su-static-prod.wtrecom.com/images/products/3/LN_615219_BP_3.jpg,https://www.waitrose.com/ecom/products/duchy-organic-strawberry-extra-jam-preserve/615219-87285-87286,Duchy Organic Strawberry Extra Jam Preserve,340g,£2.80,82.4p/100g,,Organic Shop
510982,Doves Farm Wholemeal Digestives,G,false,119,https://ecom-su-static-prod.wtrecom.com/images/products/3/LN_510982_BP_3.jpg,https://www.waitrose.com/ecom/products/doves-farm-wholemeal-digestives/510982-72222-72223,Doves Farm Wholemeal Digestives,200g,£1.50,75p/100g,,Organic Shop
058554,Duchy Organic Pears,G,false,120,https://ecom-su-static-prod.wtrecom.com/images/products/3/LN_058554_BP_3.jpg,https://www.waitrose.com/ecom/products/duchy-organic-pears/058554-29463-29464,Duchy Organic Pears,4s,£3.15,78.8p each,,Organic Shop
010098,Duchy Organic Kiwi Fruit,G,true,121,https://ecom-su-static-prod.wtrecom.com/images/products/3/LN_010098_BP_3.jpg,https://www.waitrose.com/ecom/products/duchy-organic-kiwi-fruit/010098-5022-5023,Duchy Organic Kiwi Fruit,4s,£2.36,59p each,20% Off. Was £2.95,Organic Shop
443083,Codorniu 1872 Brut Organic Cava,W,true,122,https://ecom-su-static-prod.wtrecom.com/images/products/3/LN_443083_BP_3.jpg,https://www.waitrose.com/ecom/products/codorniu-1872-brut-organic-cava/443083-805745-805746,Codorniu 1872 Brut Organic Cava,75cl,£7.99,£10.66/litre,save £3.00. Was £10.99,Organic Shop
023389,Yeo Valley 0% Fat Organic Natural Yogurt,G,true,123,https://ecom-su-static-prod.wtrecom.com/images/products/3/LN_023389_BP_3.jpg,https://www.waitrose.com/ecom/products/yeo-valley-0-fat-organic-natural-yogurt/023389-11357-11358,Yeo Valley 0% Fat Organic Natural Yogurt,450g,£1.75,38.9p/100g,save 35p. Was £2.10,Organic Shop
045158,Duchy Organic Mature Cheddar Cheese Strength 4,G,true,124,https://ecom-su-static-prod.wtrecom.com/images/products/3/LN_045158_BP_3.jpg,https://www.waitrose.com/ecom/products/duchy-organic-mature-cheddar-cheese-strength-4/045158-22278-22279,Duchy Organic Mature Cheddar Cheese Strength 4,350g,£3.37,£9.63/kg,25% Off. Was £4.80,Organic Shop
085306,Duchy Organic Romaine Lettuce,G,false,125,https://ecom-su-static-prod.wtrecom.com/images/products/3/LN_085306_BP_3.jpg,https://www.waitrose.com/ecom/products/duchy-organic-romaine-lettuce/085306-43384-43385,Duchy Organic Romaine Lettuce,Each,£1.75,£1.75 each,,Organic Shop
430348,Real Olive Co. Wild Garlic & Basil Olives,G,true,126,https://ecom-su-static-prod.wtrecom.com/images/products/3/LN_430348_BP_3.jpg,https://www.waitrose.com/ecom/products/real-olive-co-wild-garlic-basil-olives/430348-420125-420126,Real Olive Co. Wild Garlic & Basil Olives,150g,£2.76,£1.84/100g,20% Off. Was £3.45,Organic Shop
766182,Odysea Organic Feta Cheese PDO,G,false,127,https://ecom-su-static-prod.wtrecom.com/images/products/3/LN_766182_BP_3.jpg,https://www.waitrose.com/ecom/products/odysea-organic-feta-cheese-pdo/766182-108961-108962,Odysea Organic Feta Cheese PDO,200g,£3.35,£16.75/kg,,Organic Shop
016491,Duchy Organic British Beef Sirloin Steak,G,false,128,https://ecom-su-static-prod.wtrecom.com/images/products/3/LN_016491_BP_3.jpg,https://www.waitrose.com/ecom/products/duchy-organic-british-beef-sirloin-steak/016491-7910-7911,Duchy Organic British Beef Sirloin Steak,Typical weight 0.23kg,£8.59 each est.,£38.01/kg,,Organic Shop
078250,Duchy Organic Whole Chicken,G,true,129,https://ecom-su-static-prod.wtrecom.com/images/products/3/LN_078250_BP_3.jpg,https://www.waitrose.com/ecom/products/duchy-organic-whole-chicken/078250-39829-39830,Duchy Organic Whole Chicken,Typical weight 1.45kg,£12.77 each est.,£8.81/kg,25% Off. Was £17.03,Organic Shop
632546,Waitrose Free From Gluten Sliced Seeded Cob,G,false,130,https://ecom-su-static-prod.wtrecom.com/images/products/3/LN_632546_BP_3.jpg,https://www.waitrose.com/ecom/products/waitrose-free-from-gluten-sliced-seeded-cob/632546-678133-678134,Waitrose Free From Gluten Sliced Seeded Cob,375g,£3.10,82.7p/100g,,Organic Shop
845697,Yeo Valley Organic Kefir Natural Yogurt Large,G,true,131,https://ecom-su-static-prod.wtrecom.com/images/products/3/LN_845697_BP_3.jpg,https://www.waitrose.com/ecom/products/yeo-valley-organic-kefir-natural-yogurt-large/845697-719923-719924,Yeo Valley Organic Kefir Natural Yogurt Large,950g,£4.00,42.1p/100g,save 75p. Was £4.75,Organic Shop
637605,Duchy Organic Extra Mature Cheddar Cheese Strength 5,G,true,132,https://ecom-su-static-prod.wtrecom.com/images/products/3/LN_637605_BP_3.jpg,https://www.waitrose.com/ecom/products/duchy-organic-extra-mature-cheddar-cheese-strength-5/637605-129714-129715,Duchy Organic Extra Mature Cheddar Cheese Strength 5,350g,£3.37,£9.63/kg,25% Off. Was £4.80,Organic Shop
074236,Green & Black's Organic Ginger Dark Chocolate Bar,G,false,133,https://ecom-su-static-prod.wtrecom.com/images/products/3/LN_074236_BP_3.jpg,https://www.waitrose.com/ecom/products/green-blacks-organic-ginger-dark-chocolate-bar/074236-37690-37691,Green & Black's Organic Ginger Dark Chocolate Bar,90g,£2.50,£2.78/100g,,Organic Shop
580808,Duchy Organic Italian Mozzarella Cheese Strength 1,G,false,134,https://ecom-su-static-prod.wtrecom.com/images/products/3/LN_580808_BP_3.jpg,https://www.waitrose.com/ecom/products/duchy-organic-italian-mozzarella-cheese-strength-1/580808-666395-666396,Duchy Organic Italian Mozzarella Cheese Strength 1,drained 125g,£1.80,£14.40/kg,,Organic Shop
095415,Duchy Organic Fusilli,G,false,135,https://ecom-su-static-prod.wtrecom.com/images/products/3/LN_095415_BP_3.jpg,https://www.waitrose.com/ecom/products/duchy-organic-fusilli/095415-48891-48892,Duchy Organic Fusilli,500g,£1.90,£3.80/kg,,Organic Shop
393496,Cafèdirect Fairtrade Machu Picchu Ground Coffee,G,true,136,https://ecom-su-static-prod.wtrecom.com/images/products/3/LN_393496_BP_3.jpg,https://www.waitrose.com/ecom/products/cafedirect-fairtrade-machu-picchu-ground-coffee/393496-55299-55300,Cafèdirect Fairtrade Machu Picchu Ground Coffee,200g,£3.50,£1.75/100g,save £1.45. Was £4.95,Organic Shop
086508,Duchy Organic Vine Tomatoes,G,false,137,https://ecom-su-static-prod.wtrecom.com/images/products/3/LN_086508_BP_3.jpg,https://www.waitrose.com/ecom/products/duchy-organic-vine-tomatoes/086508-44188-44189,Duchy Organic Vine Tomatoes,250g,£2.50,£10/kg,,Organic Shop
090788,Duchy Organic Frozen Sweetcorn,G,false,138,https://ecom-su-static-prod.wtrecom.com/images/products/3/LN_090788_BP_3.jpg,https://www.waitrose.com/ecom/products/duchy-organic-frozen-sweetcorn/090788-46761-46762,Duchy Organic Frozen Sweetcorn,500g,£2.00,£4/kg,,Organic Shop
085608,Duchy Organic Bunched Carrots,G,false,139,https://ecom-su-static-prod.wtrecom.com/images/products/3/LN_085608_BP_3.jpg,https://www.waitrose.com/ecom/products/duchy-organic-bunched-carrots/085608-43691-43692,Duchy Organic Bunched Carrots,Each,£1.90,£1.90 each,,Organic Shop
557579,Duchy Organic 12 British Pork Chipolatas,G,true,140,https://ecom-su-static-prod.wtrecom.com/images/products/3/LN_557579_BP_3.jpg,https://www.waitrose.com/ecom/products/duchy-organic-12-british-pork-chipolatas/557579-78862-78863,Duchy Organic 12 British Pork Chipolatas,340g,£3.93,£11.56/kg,25% Off. Was £5.25,Organic Shop
717622,Duchy Organic Frozen Berry Mix,G,false,141,https://ecom-su-static-prod.wtrecom.com/images/products/3/LN_717622_BP_3.jpg,https://www.waitrose.com/ecom/products/duchy-organic-frozen-berry-mix/717622-101973-101974,Duchy Organic Frozen Berry Mix,300g,£3.80,£12.67/kg,,Organic Shop
810648,Duchy Organic British Beef Diced Casserole Steak,G,false,142,https://ecom-su-static-prod.wtrecom.com/images/products/3/LN_810648_BP_3.jpg,https://www.waitrose.com/ecom/products/duchy-organic-british-beef-diced-casserole-steak/810648-754863-754864,Duchy Organic British Beef Diced Casserole Steak,400g,£4.75,£11.88/kg,,Organic Shop
015864,Duchy Organic Unhomogenised Whole Milk 1 Pint,G,false,143,https://ecom-su-static-prod.wtrecom.com/images/products/3/LN_015864_BP_3.jpg,https://www.waitrose.com/ecom/products/duchy-organic-unhomogenised-whole-milk-1-pint/015864-7587-7588,Duchy Organic Unhomogenised Whole Milk 1 Pint,568ml,£1.15,£2.03/litre,,Organic Shop
033516,Duchy Organic 20 British Beef Meatballs,G,false,144,https://ecom-su-static-prod.wtrecom.com/images/products/3/LN_033516_BP_3.jpg,https://www.waitrose.com/ecom/products/duchy-organic-20-british-beef-meatballs/033516-16771-16772,Duchy Organic 20 British Beef Meatballs,300g,£3.75,£12.50/kg,,Organic Shop
744398,Duchy Organic 6 British Pork Sausages,G,false,145,https://ecom-su-static-prod.wtrecom.com/images/products/3/LN_744398_BP_3.jpg,https://www.waitrose.com/ecom/products/duchy-organic-6-british-pork-sausages/744398-105820-105821,Duchy Organic 6 British Pork Sausages,400g,£5.25,£13.13/kg,,Organic Shop
419402,Rachels Dairy Ginger Organic Greek Style Yogurt,G,true,146,https://ecom-su-static-prod.wtrecom.com/images/products/3/LN_419402_BP_3.jpg,https://www.waitrose.com/ecom/products/rachels-dairy-ginger-organic-greek-style-yogurt/419402-118800-118801,Rachels Dairy Ginger Organic Greek Style Yogurt,450g,£2.00,44.4p/100g,save 80p. Was £2.80,Organic Shop
015949,Schneider Brot Rye Bread with Sunflower Seeds,G,false,147,https://ecom-su-static-prod.wtrecom.com/images/products/3/LN_015949_BP_3.jpg,https://www.waitrose.com/ecom/products/schneider-brot-rye-bread-with-sunflower-seeds/015949-7628-7629,Schneider Brot Rye Bread with Sunflower Seeds,500g,£1.50,30p/100g,,Organic Shop
033431,Duchy Organic British FR Eggs Very Large,G,false,148,https://ecom-su-static-prod.wtrecom.com/images/products/3/LN_033431_BP_3.jpg,https://www.waitrose.com/ecom/products/duchy-organic-british-fr-eggs-very-large/033431-16683-16684,Duchy Organic British FR Eggs Very Large,6s,£3.75,62.5p each,,Organic Shop
830783,Rude Health Coconut Long Life Unsweetened Organic Milk Alternative,G,false,149,https://ecom-su-static-prod.wtrecom.com/images/products/3/LN_830783_BP_3.jpg,https://www.waitrose.com/ecom/products/rude-health-coconut-long-life-unsweetened-organic-milk-alternative/830783-469919-469920,Rude Health Coconut Long Life Unsweetened Organic Milk Alternative,1litre,£2.40,£2.40/litre,,Organic Shop
807541,Crosta & Mollica Wholeblend Flatbreads,G,false,150,https://ecom-su-static-prod.wtrecom.com/images/products/3/LN_807541_BP_3.jpg,https://www.waitrose.com/ecom/products/crosta-mollica-wholeblend-flatbreads/807541-307196-307197,Crosta & Mollica Wholeblend Flatbreads,4s,£2.00,66.7p/100g,,Organic Shop
779045,Duchy Organic Pitted Kalamata Olives,G,true,151,https://ecom-su-static-prod.wtrecom.com/images/products/3/LN_779045_BP_3.jpg,https://www.waitrose.com/ecom/products/duchy-organic-pitted-kalamata-olives/779045-747564-747565,Duchy Organic Pitted Kalamata Olives,drained 160g,£2.40,£1.50/100g,25% Off. Was £3.25,Organic Shop
093433,Woodlands Park Dairy Sheep Milk Organic Natural Yogurt,G,false,152,https://ecom-su-static-prod.wtrecom.com/images/products/3/LN_093433_BP_3.jpg,https://www.waitrose.com/ecom/products/woodlands-park-dairy-sheep-milk-organic-natural-yogurt/093433-47984-47985,Woodlands Park Dairy Sheep Milk Organic Natural Yogurt,450g,£3.20,71.1p/100g,,Organic Shop
482361,Duchy Organic Red Kidney Beans in Water,G,false,153,https://ecom-su-static-prod.wtrecom.com/images/products/3/LN_482361_BP_3.jpg,https://www.waitrose.com/ecom/products/duchy-organic-red-kidney-beans-in-water/482361-747668-747669,Duchy Organic Red Kidney Beans in Water,drained 255g,£1.15,£4.51/kg,,Organic Shop
063541,Rachels Dairy Organic Natural Greek Style Yogurt,G,true,154,https://ecom-su-static-prod.wtrecom.com/images/products/3/LN_063541_BP_3.jpg,https://www.waitrose.com/ecom/products/rachels-dairy-organic-natural-greek-style-yogurt/063541-32245-32246,Rachels Dairy Organic Natural Greek Style Yogurt,450g,£1.80,40p/100g,save 30p. Was £2.10,Organic Shop
385205,Clearspring Organic Tofu,G,true,155,https://ecom-su-static-prod.wtrecom.com/images/products/3/LN_385205_BP_3.jpg,https://www.waitrose.com/ecom/products/clearspring-organic-tofu/385205-139950-139951,Clearspring Organic Tofu,300g,£1.45,48.3p/100g,20% Off. Was £1.85,Organic Shop
019782,Duchy Organic British Lamb Mince,G,false,156,https://ecom-su-static-prod.wtrecom.com/images/products/3/LN_019782_BP_3.jpg,https://www.waitrose.com/ecom/products/duchy-organic-british-lamb-mince/019782-425749-9633,Duchy Organic British Lamb Mince,400g,£7.25,£18.13/kg,,Organic Shop
560101,Duchy Organic Ayrshire Unhomogenised Whole Milk,G,false,157,https://ecom-su-static-prod.wtrecom.com/images/products/3/LN_560101_BP_3.jpg,https://www.waitrose.com/ecom/products/duchy-organic-ayrshire-unhomogenised-whole-milk/560101-560479-560480,Duchy Organic Ayrshire Unhomogenised Whole Milk,1litre,£1.65,£1.65/litre,,Organic Shop
408646,Duchy Organic Roast Beef Topside with Mustard,G,false,158,https://ecom-su-static-prod.wtrecom.com/images/products/3/LN_408646_BP_3.jpg,https://www.waitrose.com/ecom/products/duchy-organic-roast-beef-topside-with-mustard/408646-57512-57513,Duchy Organic Roast Beef Topside with Mustard,70g,£4.00,£5.72/100g,,Organic Shop
429327,Yeo Valley Long Life Organic Semi-Skimmed Milk,G,false,159,https://ecom-su-static-prod.wtrecom.com/images/products/3/LN_429327_BP_3.jpg,https://www.waitrose.com/ecom/products/yeo-valley-long-life-organic-semi-skimmed-milk/429327-791823-791824,Yeo Valley Long Life Organic Semi-Skimmed Milk,1 litre,£2.00,£2/litre,,Organic Shop
897543,Waitrose Free From Gluten Fusilli,G,false,160,https://ecom-su-static-prod.wtrecom.com/images/products/3/LN_897543_BP_3.jpg,https://www.waitrose.com/ecom/products/waitrose-free-from-gluten-fusilli/897543-174835-174836,Waitrose Free From Gluten Fusilli,500g,£1.75,£3.50/kg,,Organic Shop
500993,Duchy Organic Seville Orange thick Cut Marmalade,G,false,161,https://ecom-su-static-prod.wtrecom.com/images/products/3/LN_500993_BP_3.jpg,https://www.waitrose.com/ecom/products/duchy-organic-seville-orange-thick-cut-marmalade/500993-70795-70796,Duchy Organic Seville Orange thick Cut Marmalade,340g,£2.10,61.8p/100g,,Organic Shop
068716,Yeo Valley Organic Half Fat Creme Fraiche,G,false,162,https://ecom-su-static-prod.wtrecom.com/images/products/3/LN_068716_BP_3.jpg,https://www.waitrose.com/ecom/products/yeo-valley-organic-half-fat-creme-fraiche/068716-34855-34856,Yeo Valley Organic Half Fat Creme Fraiche,200g,£1.45,72.5p/100g,,Organic Shop
059577,Whole Earth Corn Flakes,G,false,163,https://ecom-su-static-prod.wtrecom.com/images/products/3/LN_059577_BP_3.jpg,https://www.waitrose.com/ecom/products/whole-earth-corn-flakes/059577-30038-30039,Whole Earth Corn Flakes,375g,£1.85,49.3p/100g,,Organic Shop
408013,Duchy Organic English Unsalted Butter,G,false,164,https://ecom-su-static-prod.wtrecom.com/images/products/3/LN_408013_BP_3.jpg,https://www.waitrose.com/ecom/products/duchy-organic-english-unsalted-butter/408013-752393-752394,Duchy Organic English Unsalted Butter,250g,£3.25,£13/kg,,Organic Shop
661740,Clipper Organic Fairtrade 80 Tea Bags,G,false,165,https://ecom-su-static-prod.wtrecom.com/images/products/3/LN_661740_BP_3.jpg,https://www.waitrose.com/ecom/products/clipper-organic-fairtrade-80-tea-bags/661740-693050-693051,Clipper Organic Fairtrade 80 Tea Bags,232g,£3.95,£1.71/100g,,Organic Shop
054002,Epicure Organic Bijoux Verts Lentils,G,true,166,https://ecom-su-static-prod.wtrecom.com/images/products/3/LN_054002_BP_3.jpg,https://www.waitrose.com/ecom/products/epicure-organic-bijoux-verts-lentils/054002-27077-27078,Epicure Organic Bijoux Verts Lentils,drained 240g,95p,£3.96/kg,20% Off. Was £1.20,Organic Shop
073467,Duchy Organic Spaghetti,G,false,167,https://ecom-su-static-prod.wtrecom.com/images/products/3/LN_073467_BP_3.jpg,https://www.waitrose.com/ecom/products/duchy-organic-spaghetti/073467-37276-37277,Duchy Organic Spaghetti,500g,£1.90,£3.80/kg,,Organic Shop
425073,Rude Health Oat Milk Long Life Organic Milk Alternative,G,false,168,https://ecom-su-static-prod.wtrecom.com/images/products/3/LN_425073_BP_3.jpg,https://www.waitrose.com/ecom/products/rude-health-oat-milk-long-life-organic-milk-alternative/425073-287669-287670,Rude Health Oat Milk Long Life Organic Milk Alternative,1litre,£2.30,£2.30/litre,,Organic Shop
085319,Duchy Organic Baking Potatoes,G,false,169,https://ecom-su-static-prod.wtrecom.com/images/products/3/LN_085319_BP_3.jpg,https://www.waitrose.com/ecom/products/duchy-organic-baking-potatoes/085319-43398-43399,Duchy Organic Baking Potatoes,700g,£2.40,£3.43/kg,,Organic Shop
381469,Linwoods Flaxseed,G,false,170,https://ecom-su-static-prod.wtrecom.com/images/products/3/LN_381469_BP_3.jpg,https://www.waitrose.com/ecom/products/linwoods-flaxseed/381469-53658-53659,Linwoods Flaxseed,425g,£6.40,£1.51/100g,,Organic Shop
054772,Duchy Organic Pink Lady Apples,G,false,171,https://ecom-su-static-prod.wtrecom.com/images/products/3/LN_054772_BP_3.jpg,https://www.waitrose.com/ecom/products/duchy-organic-pink-lady-apples/054772-27521-27522,Duchy Organic Pink Lady Apples,4s,£3.75,93.8p each,,Organic Shop
086076,Yeo Valley Raspberry Organic Yogurt,G,true,172,https://ecom-su-static-prod.wtrecom.com/images/products/3/LN_086076_BP_3.jpg,https://www.waitrose.com/ecom/products/yeo-valley-raspberry-organic-yogurt/086076-43897-43898,Yeo Valley Raspberry Organic Yogurt,450g,£1.50,33.3p/100g,save 85p. Was £2.35,Organic Shop
085564,Duchy Organic Red Cabbage,G,false,173,https://ecom-su-static-prod.wtrecom.com/images/products/3/LN_085564_BP_3.jpg,https://www.waitrose.com/ecom/products/duchy-organic-red-cabbage/085564-43659-43660,Duchy Organic Red Cabbage,Typical weight 0.5kg,94p each est.,£1.90/kg,,Organic Shop
393596,Beet It Organic Beetroot Juice,G,false,174,https://ecom-su-static-prod.wtrecom.com/images/products/3/LN_393596_BP_3.jpg,https://www.waitrose.com/ecom/products/beet-it-organic-beetroot-juice/393596-128598-128599,Beet It Organic Beetroot Juice,1litre,£3.30,33p/100ml,,Organic Shop
524052,Duchy Organic Vanilla Ice Cream,G,true,175,https://ecom-su-static-prod.wtrecom.com/images/products/3/LN_524052_BP_3.jpg,https://www.waitrose.com/ecom/products/duchy-organic-vanilla-ice-cream/524052-752937-752938,Duchy Organic Vanilla Ice Cream,480ml,£3.00,62.5p/100ml,save 50p. Was £3.50,Organic Shop
043839,Rachels Dairy Honey Organic Greek Style Yogurt,G,true,176,https://ecom-su-static-prod.wtrecom.com/images/products/3/LN_043839_BP_3.jpg,https://www.waitrose.com/ecom/products/rachels-dairy-honey-organic-greek-style-yogurt/043839-21602-21603,Rachels Dairy Honey Organic Greek Style Yogurt,450g,£2.00,44.4p/100g,save 80p. Was £2.80,Organic Shop
067082,Duchy Organic Frozen Vegetable Mix,G,false,177,https://ecom-su-static-prod.wtrecom.com/images/products/3/LN_067082_BP_3.jpg,https://www.waitrose.com/ecom/products/duchy-organic-frozen-vegetable-mix/067082-33976-33977,Duchy Organic Frozen Vegetable Mix,750g,£2.75,£3.67/kg,,Organic Shop
453475,Duchy Organic Aubergine,G,false,178,https://ecom-su-static-prod.wtrecom.com/images/products/3/LN_453475_BP_3.jpg,https://www.waitrose.com/ecom/products/duchy-organic-aubergine/453475-538584-538585,Duchy Organic Aubergine,Each,£1.60,£1.60 each,,Organic Shop
057184,Dr. Karg's Organic Cheese & Pumpkin Crispbread,G,false,179,https://ecom-su-static-prod.wtrecom.com/images/products/3/LN_057184_BP_3.jpg,https://www.waitrose.com/ecom/products/dr-kargs-organic-cheese-pumpkin-crispbread/057184-28757-28758,Dr. Karg's Organic Cheese & Pumpkin Crispbread,200g,£2.75,£1.38/100g,,Organic Shop
847776,Ella's Kitchen Puree Prunes,G,true,180,https://ecom-su-static-prod.wtrecom.com/images/products/3/LN_847776_BP_3.jpg,https://www.waitrose.com/ecom/products/ellas-kitchen-puree-prunes/847776-346982-346983,Ella's Kitchen Puree Prunes,70g,£1.00,£1.43/100g,Add 5 for £4.50,Organic Shop
037303,Nairn's Oat Cakes,G,false,181,https://ecom-su-static-prod.wtrecom.com/images/products/3/LN_037303_BP_3.jpg,https://www.waitrose.com/ecom/products/nairns-oat-cakes/037303-18700-18701,Nairn's Oat Cakes,250g,£1.30,52p/100g,,Organic Shop
028247,Duchy Organic Medium Cheddar Cheese Strength 3,G,true,182,https://ecom-su-static-prod.wtrecom.com/images/products/3/LN_028247_BP_3.jpg,https://www.waitrose.com/ecom/products/duchy-organic-medium-cheddar-cheese-strength-3/028247-13741-13742,Duchy Organic Medium Cheddar Cheese Strength 3,350g,£3.37,£9.63/kg,25% Off. Was £4.80,Organic Shop
068732,Yeo Valley Strawberry Organic Yogurts,G,true,183,https://ecom-su-static-prod.wtrecom.com/images/products/3/LN_068732_BP_3.jpg,https://www.waitrose.com/ecom/products/yeo-valley-strawberry-organic-yogurts/068732-34865-34866,Yeo Valley Strawberry Organic Yogurts,4x110g,£2.65,60.2p/100g,Add 2 for £3.50,Organic Shop
059129,No.1 Sumatra Mandheling Ground Coffee,G,false,184,https://ecom-su-static-prod.wtrecom.com/images/products/3/LN_059129_BP_3.jpg,https://www.waitrose.com/ecom/products/no1-sumatra-mandheling-ground-coffee/059129-29758-29759,No.1 Sumatra Mandheling Ground Coffee,227g,£4.00,£1.77/100g,,Organic Shop
019208,Clipper Fairtrade Organic Decaf Instant Coffee 100g,G,false,185,https://ecom-su-static-prod.wtrecom.com/images/products/3/LN_019208_BP_3.jpg,https://www.waitrose.com/ecom/products/clipper-fairtrade-organic-decaf-instant-coffee-100g/019208-9309-9310,Clipper Fairtrade Organic Decaf Instant Coffee 100g,100g,£6.00,£6/100g,,Organic Shop
002544,Rowse Organic Squeezy Honey,G,false,186,https://ecom-su-static-prod.wtrecom.com/images/products/3/LN_002544_BP_3.jpg,https://www.waitrose.com/ecom/products/rowse-organic-squeezy-honey/002544-852-853,Rowse Organic Squeezy Honey,340g,£3.75,£1.11/100g,,Organic Shop
034067,"Duchy Organic Chicken Thigh Fillets, Skinless & Boneless",G,false,187,https://ecom-su-static-prod.wtrecom.com/images/products/3/LN_034067_BP_3.jpg,https://www.waitrose.com/ecom/products/duchy-organic-chicken-thigh-fillets-skinless-boneless/034067-17053-17054,"Duchy Organic Chicken Thigh Fillets, Skinless & Boneless",Typical weight 0.54kg,£13.93 each est.,£25.80/kg,,Organic Shop
704163,Rude Health Almond Chilled Milk Alternative,G,false,188,https://ecom-su-static-prod.wtrecom.com/images/products/3/LN_704163_BP_3.jpg,https://www.waitrose.com/ecom/products/rude-health-almond-chilled-milk-alternative/704163-601766-601767,Rude Health Almond Chilled Milk Alternative,1litre,£2.40,£2.40/litre,,Organic Shop
067923,Epicure Organic Butter Beans in Water,G,true,189,https://ecom-su-static-prod.wtrecom.com/images/products/3/LN_067923_BP_3.jpg,https://www.waitrose.com/ecom/products/epicure-organic-butter-beans-in-water/067923-34481-34482,Epicure Organic Butter Beans in Water,drained 240g,95p,£3.96/kg,20% Off. Was £1.20,Organic Shop
822400,Kallo 8 Chicken Stock Cubes,G,false,190,https://ecom-su-static-prod.wtrecom.com/images/products/3/LN_822400_BP_3.jpg,https://www.waitrose.com/ecom/products/kallo-8-chicken-stock-cubes/822400-305537-305538,Kallo 8 Chicken Stock Cubes,88g,£2.00,£2.28/100g,,Organic Shop
407524,Duchy Organic Tomato Purée,G,false,191,https://ecom-su-static-prod.wtrecom.com/images/products/3/LN_407524_BP_3.jpg,https://www.waitrose.com/ecom/products/duchy-organic-tomato-puree/407524-793072-793073,Duchy Organic Tomato Purée,200g,£1.40,£7/kg,,Organic Shop
828996,Duchy Organic Passata,G,false,192,https://ecom-su-static-prod.wtrecom.com/images/products/3/LN_828996_BP_3.jpg,https://www.waitrose.com/ecom/products/duchy-organic-passata/828996-747694-747695,Duchy Organic Passata,680g,£1.50,£2.21/kg,,Organic Shop
006221,Duchy Organic Plain White Flour,G,false,193,https://ecom-su-static-prod.wtrecom.com/images/products/3/LN_006221_BP_3.jpg,https://www.waitrose.com/ecom/products/duchy-organic-plain-white-flour/006221-2738-2739,Duchy Organic Plain White Flour,1.5kg,£2.20,£1.47/kg,,Organic Shop
596553,Duchy Organic Raspberry Preserve Extra Jam,G,false,194,https://ecom-su-static-prod.wtrecom.com/images/products/3/LN_596553_BP_3.jpg,https://www.waitrose.com/ecom/products/duchy-organic-raspberry-preserve-extra-jam/596553-84566-84567,Duchy Organic Raspberry Preserve Extra Jam,340g,£2.80,82.4p/100g,,Organic Shop
605650,Waitrose Free From Gluten Spaghetti,G,false,195,https://ecom-su-static-prod.wtrecom.com/images/products/3/LN_605650_BP_3.jpg,https://www.waitrose.com/ecom/products/waitrose-free-from-gluten-spaghetti/605650-174576-174577,Waitrose Free From Gluten Spaghetti,500g,£1.75,£3.50/kg,,Organic Shop
090078,Duchy Organic Organic Homogenised Semi-Skimmed Milk 1 Pint,G,false,196,https://ecom-su-static-prod.wtrecom.com/images/products/3/LN_090078_BP_3.jpg,https://www.waitrose.com/ecom/products/duchy-organic-organic-homogenised-semi-skimmed-milk-1-pint/090078-46442-46443,Duchy Organic Organic Homogenised Semi-Skimmed Milk 1 Pint,568ml,£1.15,£2.03/litre,,Organic Shop
868076,Yeo Valley Organic Natural Single Greek Style Yogurt,G,false,197,https://ecom-su-static-prod.wtrecom.com/images/products/3/LN_868076_BP_3.jpg,https://www.waitrose.com/ecom/products/yeo-valley-organic-natural-single-greek-style-yogurt/868076-324716-324717,Yeo Valley Organic Natural Single Greek Style Yogurt,150g,90p,60p/100g,,Organic Shop
085516,Duchy Organic Butternut Squash,G,false,198,https://ecom-su-static-prod.wtrecom.com/images/products/3/LN_085516_BP_3.jpg,https://www.waitrose.com/ecom/products/duchy-organic-butternut-squash/085516-43598-43599,Duchy Organic Butternut Squash,Typical weight 1.04kg,£2.29 each est.,£2.20/kg,,Organic Shop
085112,Duchy Organic Red Onions,G,false,199,https://ecom-su-static-prod.wtrecom.com/images/products/3/LN_085112_BP_3.jpg,https://www.waitrose.com/ecom/products/duchy-organic-red-onions/085112-43199-43200,Duchy Organic Red Onions,500g,£1.50,£3/kg,,Organic Shop
851847,Duchy Organic Pure Clear Honey,G,false,200,https://ecom-su-static-prod.wtrecom.com/images/products/3/LN_851847_BP_3.jpg,https://www.waitrose.com/ecom/products/duchy-organic-pure-clear-honey/851847-663204-663205,Duchy Organic Pure Clear Honey,340g,£3.70,£1.09/100g,,Organic Shop
403051,Equinox Kombucha Ginger Organic Fruit Juice Single,G,false,201,https://ecom-su-static-prod.wtrecom.com/images/products/3/LN_403051_BP_3.jpg,https://www.waitrose.com/ecom/products/equinox-kombucha-ginger-organic-fruit-juice-single/403051-712961-712962,Equinox Kombucha Ginger Organic Fruit Juice Single,275ml,£2.20,80p/100ml,,Organic Shop
536830,Duchy Organic Chicken Breast Chunks,G,false,202,https://ecom-su-static-prod.wtrecom.com/images/products/3/LN_536830_BP_3.jpg,https://www.waitrose.com/ecom/products/duchy-organic-chicken-breast-chunks/536830-713429-713430,Duchy Organic Chicken Breast Chunks,275g,£7.85,£28.55/kg,,Organic Shop
053024,Yeo Valley Strawberry Organic Yogurt,G,true,203,https://ecom-su-static-prod.wtrecom.com/images/products/3/LN_053024_BP_3.jpg,https://www.waitrose.com/ecom/products/yeo-valley-strawberry-organic-yogurt/053024-26459-26460,Yeo Valley Strawberry Organic Yogurt,450g,£1.50,33.3p/100g,save 85p. Was £2.35,Organic Shop
568846,Waitrose Duchy Organic Almonds,G,false,204,https://ecom-su-static-prod.wtrecom.com/images/products/3/LN_568846_BP_3.jpg,https://www.waitrose.com/ecom/products/waitrose-duchy-organic-almonds/568846-753965-753966,Waitrose Duchy Organic Almonds,150g,£2.75,£1.84/100g,,Organic Shop
704121,Pukka Organic Three Mint 20 Tea Sachets,G,false,205,https://ecom-su-static-prod.wtrecom.com/images/products/3/LN_704121_BP_3.jpg,https://www.waitrose.com/ecom/products/pukka-organic-three-mint-20-tea-sachets/704121-99960-99961,Pukka Organic Three Mint 20 Tea Sachets,32g,£5.00,£15.63/100g,,Organic Shop
082042,Tick Tock Original Rooibos 80 Tea Bags,G,false,206,https://ecom-su-static-prod.wtrecom.com/images/products/3/LN_082042_BP_3.jpg,https://www.waitrose.com/ecom/products/tick-tock-original-rooibos-80-tea-bags/082042-41727-41728,Tick Tock Original Rooibos 80 Tea Bags,180g,£4.10,£2.28/100g,,Organic Shop
716148,Duchy Organic Muesli with Raisins & Almonds,G,false,207,https://ecom-su-static-prod.wtrecom.com/images/products/3/LN_716148_BP_3.jpg,https://www.waitrose.com/ecom/products/duchy-organic-muesli-with-raisins-almonds/716148-164474-164475,Duchy Organic Muesli with Raisins & Almonds,750g,£3.00,40p/100g,,Organic Shop
640581,Mr Organic Organic Chickpeas,G,true,208,https://ecom-su-static-prod.wtrecom.com/images/products/3/LN_640581_BP_3.jpg,https://www.waitrose.com/ecom/products/mr-organic-organic-chickpeas/640581-743848-743849,Mr Organic Organic Chickpeas,4x400g,£4.50,£2.82/kg,20% Off. Was £5.65,Organic Shop
690476,Duchy Organic Free Range Dry-Cured Smoked Back Bacon,G,false,209,https://ecom-su-static-prod.wtrecom.com/images/products/3/LN_690476_BP_3.jpg,https://www.waitrose.com/ecom/products/duchy-organic-free-range-dry-cured-smoked-back-bacon/690476-98077-98078,Duchy Organic Free Range Dry-Cured Smoked Back Bacon,184g,£5.25,£28.54/kg,,Organic Shop
517362,Yeo Valley Lemon Curd Organic Yogurt,G,true,210,https://ecom-su-static-prod.wtrecom.com/images/products/3/LN_517362_BP_3.jpg,https://www.waitrose.com/ecom/products/yeo-valley-lemon-curd-organic-yogurt/517362-73149-73150,Yeo Valley Lemon Curd Organic Yogurt,450g,£1.50,33.3p/100g,save 85p. Was £2.35,Organic Shop
866443,Rachels Dairy Rhubarb Organic Greek Style Yogurt,G,true,211,https://ecom-su-static-prod.wtrecom.com/images/products/3/LN_866443_BP_3.jpg,https://www.waitrose.com/ecom/products/rachels-dairy-rhubarb-organic-greek-style-yogurt/866443-683965-683966,Rachels Dairy Rhubarb Organic Greek Style Yogurt,450g,£2.00,44.4p/100g,save 80p. Was £2.80,Organic Shop
456573,Waitrose Free From Gluten Mixed Seed Loaf,G,false,212,https://ecom-su-static-prod.wtrecom.com/images/products/3/LN_456573_BP_3.jpg,https://www.waitrose.com/ecom/products/waitrose-free-from-gluten-mixed-seed-loaf/456573-744927-744928,Waitrose Free From Gluten Mixed Seed Loaf,400g,£2.95,73.8p/100g,,Organic Shop
023105,Kallo Organic Vegetable Low Salt Stock Cubes,G,false,213,https://ecom-su-static-prod.wtrecom.com/images/products/3/LN_023105_BP_3.jpg,https://www.waitrose.com/ecom/products/kallo-organic-vegetable-low-salt-stock-cubes/023105-11241-11242,Kallo Organic Vegetable Low Salt Stock Cubes,60g,£1.55,£2.59/100g,,Organic Shop
035231,Green & Black's Organic Hazelnut & Currant Dark Chocolate Bar,G,false,214,https://ecom-su-static-prod.wtrecom.com/images/products/3/LN_035231_BP_3.jpg,https://www.waitrose.com/ecom/products/green-blacks-organic-hazelnut-currant-dark-chocolate-bar/035231-17745-17746,Green & Black's Organic Hazelnut & Currant Dark Chocolate Bar,90g,£2.50,£2.78/100g,,Organic Shop
072194,Duchy Organic Maple Syrup No.1 Medium,G,false,215,https://ecom-su-static-prod.wtrecom.com/images/products/3/LN_072194_BP_3.jpg,https://www.waitrose.com/ecom/products/duchy-organic-maple-syrup-no1-medium/072194-36649-36650,Duchy Organic Maple Syrup No.1 Medium,330g,£5.95,£1.81/100g,,Organic Shop
822624,Rude Health Brown Rice Milk Long Life Organic Milk Alternative,G,true,216,https://ecom-su-static-prod.wtrecom.com/images/products/3/LN_822624_BP_3.jpg,https://www.waitrose.com/ecom/products/rude-health-brown-rice-milk-long-life-organic-milk-alternative/822624-287775-287776,Rude Health Brown Rice Milk Long Life Organic Milk Alternative,1litre,£2.30,£2.30/litre,Add 2 for £3.80,Organic Shop
886544,Kallo Organic Very Low Salt Chicken 6 Cubes,G,false,217,https://ecom-su-static-prod.wtrecom.com/images/products/3/LN_886544_BP_3.jpg,https://www.waitrose.com/ecom/products/kallo-organic-very-low-salt-chicken-6-cubes/886544-230119-230120,Kallo Organic Very Low Salt Chicken 6 Cubes,48g,£1.55,£3.23/100g,,Organic Shop
879177,Waitrose Free From Gluten Tiger Loaf,G,false,218,https://ecom-su-static-prod.wtrecom.com/images/products/3/LN_879177_BP_3.jpg,https://www.waitrose.com/ecom/products/waitrose-free-from-gluten-tiger-loaf/879177-745647-745648,Waitrose Free From Gluten Tiger Loaf,375g,£3.40,90.7p/100g,,Organic Shop
016095,Rachels Dairy Coconut Organic Greek Style Yogurt,G,true,219,https://ecom-su-static-prod.wtrecom.com/images/products/3/LN_016095_BP_3.jpg,https://www.waitrose.com/ecom/products/rachels-dairy-coconut-organic-greek-style-yogurt/016095-7712-7713,Rachels Dairy Coconut Organic Greek Style Yogurt,450g,£2.00,44.4p/100g,save 80p. Was £2.80,Organic Shop
519110,Rude Health Organic Ultimate Granola,G,true,220,https://ecom-su-static-prod.wtrecom.com/images/products/3/LN_519110_BP_3.jpg,https://www.waitrose.com/ecom/products/rude-health-organic-ultimate-granola/519110-741739-741740,Rude Health Organic Ultimate Granola,400g,£2.80,70p/100g,Save 1/3. Was £4.20,Organic Shop
060730,Duchy Organic Mild Cheddar Cheese Strength 2,G,true,221,https://ecom-su-static-prod.wtrecom.com/images/products/3/LN_060730_BP_3.jpg,https://www.waitrose.com/ecom/products/duchy-organic-mild-cheddar-cheese-strength-2/060730-30692-30693,Duchy Organic Mild Cheddar Cheese Strength 2,350g,£3.37,£9.63/kg,25% Off. Was £4.80,Organic Shop
053339,Groovy Food Light Amber & Mild Agave Nectar,G,false,222,https://ecom-su-static-prod.wtrecom.com/images/products/3/LN_053339_BP_3.jpg,https://www.waitrose.com/ecom/products/groovy-food-light-amber-mild-agave-nectar/053339-26669-26670,Groovy Food Light Amber & Mild Agave Nectar,250ml,£3.00,£1.20/100ml,,Organic Shop
589762,Cauldron Marinated Tofu Pieces,G,false,223,https://ecom-su-static-prod.wtrecom.com/images/products/3/LN_589762_BP_3.jpg,https://www.waitrose.com/ecom/products/cauldron-marinated-tofu-pieces/589762-83588-83589,Cauldron Marinated Tofu Pieces,160g,£3.00,£18.75/kg,,Organic Shop
870433,Duchy Organic Brown Seeded Bloomer,G,false,224,https://ecom-su-static-prod.wtrecom.com/images/products/3/LN_870433_BP_3.jpg,https://www.waitrose.com/ecom/products/duchy-organic-brown-seeded-bloomer/870433-759411-759412,Duchy Organic Brown Seeded Bloomer,each,£2.30,£2.30 each,,Organic Shop
826976,Duchy Organic Chicken Wings,G,false,225,https://ecom-su-static-prod.wtrecom.com/images/products/3/LN_826976_BP_3.jpg,https://www.waitrose.com/ecom/products/duchy-organic-chicken-wings/826976-389163-389164,Duchy Organic Chicken Wings,400g,£3.80,£9.50/kg,,Organic Shop
688033,Waitrose Free From Gluten Free Porridge Oats,G,false,226,https://ecom-su-static-prod.wtrecom.com/images/products/3/LN_688033_BP_3.jpg,https://www.waitrose.com/ecom/products/waitrose-free-from-gluten-free-porridge-oats/688033-791165-791166,Waitrose Free From Gluten Free Porridge Oats,400g,£1.90,47.5p/100g,,Organic Shop
043540,Weetabix Organic,G,false,227,https://ecom-su-static-prod.wtrecom.com/images/products/3/LN_043540_BP_3.jpg,https://www.waitrose.com/ecom/products/weetabix-organic/043540-21474-21475,Weetabix Organic,24s,£4.30,17.9p each,,Organic Shop
899264,Essential Greek Style Yogurt Multipack,G,false,228,https://ecom-su-static-prod.wtrecom.com/images/products/3/LN_899264_BP_3.jpg,https://www.waitrose.com/ecom/products/essential-greek-style-yogurt-multipack/899264-822539-822540,Essential Greek Style Yogurt Multipack,4x100g,£1.30,32.5p/100g,,Organic Shop
662470,Moma Organic Oat Barista Dairy Free Milk Alternative,G,true,229,https://ecom-su-static-prod.wtrecom.com/images/products/3/LN_662470_BP_3.jpg,https://www.waitrose.com/ecom/products/moma-organic-oat-barista-dairy-free-milk-alternative/662470-813534-813535,Moma Organic Oat Barista Dairy Free Milk Alternative,1litre,£1.80,£1.80/litre,save 50p. Was £2.30,Organic Shop
028855,Heinz Classic Organic Cream of Tomato Soup,G,true,230,https://ecom-su-static-prod.wtrecom.com/images/products/3/LN_028855_BP_3.jpg,https://www.waitrose.com/ecom/products/heinz-classic-organic-cream-of-tomato-soup/028855-14059-14060,Heinz Classic Organic Cream of Tomato Soup,400g,£1.80,45p/100g,Add 3 for £4.50,Organic Shop
731866,Duchy Organic Agen Prunes,G,false,231,https://ecom-su-static-prod.wtrecom.com/images/products/3/LN_731866_BP_3.jpg,https://www.waitrose.com/ecom/products/duchy-organic-agen-prunes/731866-754537-754538,Duchy Organic Agen Prunes,250g,£3.95,£15.80/kg,,Organic Shop
011474,Kallo Organic Dark Chocolate Rice Cake Thins,G,false,232,https://ecom-su-static-prod.wtrecom.com/images/products/3/LN_011474_BP_3.jpg,https://www.waitrose.com/ecom/products/kallo-organic-dark-chocolate-rice-cake-thins/011474-5686-5687,Kallo Organic Dark Chocolate Rice Cake Thins,90g,£2.55,£2.84/100g,,Organic Shop
018859,Duchy Organic Dry Cured Unsmoked Back Bacon,G,false,233,https://ecom-su-static-prod.wtrecom.com/images/products/3/LN_018859_BP_3.jpg,https://www.waitrose.com/ecom/products/duchy-organic-dry-cured-unsmoked-back-bacon/018859-9121-9122,Duchy Organic Dry Cured Unsmoked Back Bacon,184g,£5.25,£28.54/kg,,Organic Shop
089756,Aspall Organic Cyder Vinegar,G,true,234,https://ecom-su-static-prod.wtrecom.com/images/products/3/LN_089756_BP_3.jpg,https://www.waitrose.com/ecom/products/aspall-organic-cyder-vinegar/089756-46282-46283,Aspall Organic Cyder Vinegar,350ml,£1.70,48.6p/100ml,20% Off. Was £2.15,Organic Shop
092144,Yeo Valley 0% Fat Vanilla Organic Fat Free Yogurt,G,true,235,https://ecom-su-static-prod.wtrecom.com/images/products/3/LN_092144_BP_3.jpg,https://www.waitrose.com/ecom/products/yeo-valley-0-fat-vanilla-organic-fat-free-yogurt/092144-47420-47421,Yeo Valley 0% Fat Vanilla Organic Fat Free Yogurt,450g,£1.50,33.3p/100g,save 85p. Was £2.35,Organic Shop
867733,"Duchy Organic Chicken Drumsticks 6, Skin-on & Bone-in",G,false,236,https://ecom-su-static-prod.wtrecom.com/images/products/3/LN_867733_BP_3.jpg,https://www.waitrose.com/ecom/products/duchy-organic-chicken-drumsticks-6-skin-on-bone-in/867733-756303-756304,"Duchy Organic Chicken Drumsticks 6, Skin-on & Bone-in",Typical weight 0.66kg,£7.06 each est.,£10.70/kg,,Organic Shop
483329,Duchy Organic Wholemeal Bloomer,G,false,237,https://ecom-su-static-prod.wtrecom.com/images/products/3/LN_483329_BP_3.jpg,https://www.waitrose.com/ecom/products/duchy-organic-wholemeal-bloomer/483329-759361-759362,Duchy Organic Wholemeal Bloomer,400g,£2.30,57.5p/100g,,Organic Shop
509848,Duchy Organic Chicken Breast Fillets 4,G,false,238,https://ecom-su-static-prod.wtrecom.com/images/products/3/LN_509848_BP_3.jpg,https://www.waitrose.com/ecom/products/duchy-organic-chicken-breast-fillets-4/509848-661613-661614,Duchy Organic Chicken Breast Fillets 4,Typical weight 0.59kg,£16.61 each est.,£28.01/kg,,Organic Shop
815704,Waitrose Free From Gluten Brown Rice Penne,G,false,239,https://ecom-su-static-prod.wtrecom.com/images/products/3/LN_815704_BP_3.jpg,https://www.waitrose.com/ecom/products/waitrose-free-from-gluten-brown-rice-penne/815704-450708-450709,Waitrose Free From Gluten Brown Rice Penne,500g,£1.75,£3.50/kg,,Organic Shop
058408,No1 Organic Fairtrade Peru Decaf Ground Coffee,G,false,240,https://ecom-su-static-prod.wtrecom.com/images/products/3/LN_058408_BP_3.jpg,https://www.waitrose.com/ecom/products/no1-organic-fairtrade-peru-decaf-ground-coffee/058408-29373-29374,No1 Organic Fairtrade Peru Decaf Ground Coffee,227g,£4.00,£1.77/100g,,Organic Shop
023193,Billington's Organic Golden Granulated Sugar,G,false,241,https://ecom-su-static-prod.wtrecom.com/images/products/3/LN_023193_BP_3.jpg,https://www.waitrose.com/ecom/products/billingtons-organic-golden-granulated-sugar/023193-11271-11272,Billington's Organic Golden Granulated Sugar,500g,£1.90,£3.80/kg,,Organic Shop
006222,Duchy Organic Self Raising White Flour,G,false,242,https://ecom-su-static-prod.wtrecom.com/images/products/3/LN_006222_BP_3.jpg,https://www.waitrose.com/ecom/products/duchy-organic-self-raising-white-flour/006222-2740-2741,Duchy Organic Self Raising White Flour,1.5kg,£2.20,£1.47/kg,,Organic Shop
511287,Yeo Valley Organic Greek Recipe 0% Strained Natural Yogurt,G,false,243,https://ecom-su-static-prod.wtrecom.com/images/products/3/LN_511287_BP_3.jpg,https://www.waitrose.com/ecom/products/yeo-valley-organic-greek-recipe-0-strained-natural-yogurt/511287-726730-726731,Yeo Valley Organic Greek Recipe 0% Strained Natural Yogurt,450g,£3.25,72.2p/100g,,Organic Shop
839923,Kallo 8 Vegetable Stock Cubes,G,false,244,https://ecom-su-static-prod.wtrecom.com/images/products/3/LN_839923_BP_3.jpg,https://www.waitrose.com/ecom/products/kallo-8-vegetable-stock-cubes/839923-305651-305652,Kallo 8 Vegetable Stock Cubes,88g,£2.00,£2.28/100g,,Organic Shop
846773,Lily's Kitchen Organic Chicken Supper Wet Food for Dogs,G,false,245,https://ecom-su-static-prod.wtrecom.com/images/products/3/LN_846773_BP_3.jpg,https://www.waitrose.com/ecom/products/lilys-kitchen-organic-chicken-supper-wet-food-for-dogs/846773-216120-216121,Lily's Kitchen Organic Chicken Supper Wet Food for Dogs,150g,£1.80,£12/kg,,Organic Shop
884623,Waitrose Free From Gluten Red Lentil Pasta,G,false,246,https://ecom-su-static-prod.wtrecom.com/images/products/3/LN_884623_BP_3.jpg,https://www.waitrose.com/ecom/products/waitrose-free-from-gluten-red-lentil-pasta/884623-496814-496815,Waitrose Free From Gluten Red Lentil Pasta,250g,£2.00,£8/kg,,Organic Shop
806313,Rude Health Coconut Organic Milk Alternative,G,false,247,https://ecom-su-static-prod.wtrecom.com/images/products/3/LN_806313_BP_3.jpg,https://www.waitrose.com/ecom/products/rude-health-coconut-organic-milk-alternative/806313-601800-601801,Rude Health Coconut Organic Milk Alternative,1litre,£2.40,£2.40/litre,,Organic Shop
023669,Duchy Organic Mayonnaise,G,false,248,https://ecom-su-static-prod.wtrecom.com/images/products/3/LN_023669_BP_3.jpg,https://www.waitrose.com/ecom/products/duchy-organic-mayonnaise/023669-11478-11479,Duchy Organic Mayonnaise,250ml,£2.25,90p/100ml,,Organic Shop
044833,Green & Black's Organic Butterscotch Milk Chocolate Bar,G,false,249,https://ecom-su-static-prod.wtrecom.com/images/products/3/LN_044833_BP_3.jpg,https://www.waitrose.com/ecom/products/green-blacks-organic-butterscotch-milk-chocolate-bar/044833-22128-22129,Green & Black's Organic Butterscotch Milk Chocolate Bar,90g,£2.50,£2.78/100g,,Organic Shop
036454,Epicure Organic Haricot Beans,G,true,250,https://ecom-su-static-prod.wtrecom.com/images/products/3/LN_036454_BP_3.jpg,https://www.waitrose.com/ecom/products/epicure-organic-haricot-beans/036454-18277-18278,Epicure Organic Haricot Beans,drained 240g,95p,£3.96/kg,20% Off. Was £1.20,Organic Shop
696124,Duchy Organic Fairtrade Coconut Oil,G,false,251,https://ecom-su-static-prod.wtrecom.com/images/products/3/LN_696124_BP_3.jpg,https://www.waitrose.com/ecom/products/duchy-organic-fairtrade-coconut-oil/696124-805803-805804,Duchy Organic Fairtrade Coconut Oil,300ml,£3.60,£1.20/100ml,,Organic Shop
505479,Waitrose Free From Gluten Chocolate Brownies,G,false,252,https://ecom-su-static-prod.wtrecom.com/images/products/3/LN_505479_BP_3.jpg,https://www.waitrose.com/ecom/products/waitrose-free-from-gluten-chocolate-brownies/505479-450404-450405,Waitrose Free From Gluten Chocolate Brownies,150g,£2.80,£18.67/kg,,Organic Shop
068146,Yeo Valley Peach & Apricot Organic Yogurt,G,true,253,https://ecom-su-static-prod.wtrecom.com/images/products/3/LN_068146_BP_3.jpg,https://www.waitrose.com/ecom/products/yeo-valley-peach-apricot-organic-yogurt/068146-34579-34580,Yeo Valley Peach & Apricot Organic Yogurt,450g,£1.50,33.3p/100g,save 85p. Was £2.35,Organic Shop
418092,Equinox Kombucha Pink Grapefruit & Guava Organic Fruit Juice,G,false,254,https://ecom-su-static-prod.wtrecom.com/images/products/3/LN_418092_BP_3.jpg,https://www.waitrose.com/ecom/products/equinox-kombucha-pink-grapefruit-guava-organic-fruit-juice/418092-680883-680884,Equinox Kombucha Pink Grapefruit & Guava Organic Fruit Juice,275ml,£2.20,80p/100ml,,Organic Shop
003630,Waitrose Duchy Organic Cashew Nuts,G,false,255,https://ecom-su-static-prod.wtrecom.com/images/products/3/LN_003630_BP_3.jpg,https://www.waitrose.com/ecom/products/waitrose-duchy-organic-cashew-nuts/003630-1493-1494,Waitrose Duchy Organic Cashew Nuts,150g,£3.50,£2.34/100g,,Organic Shop
872046,Yeo Valley Black Cherry Organic Yogurt,G,true,256,https://ecom-su-static-prod.wtrecom.com/images/products/3/LN_872046_BP_3.jpg,https://www.waitrose.com/ecom/products/yeo-valley-black-cherry-organic-yogurt/872046-486793-486794,Yeo Valley Black Cherry Organic Yogurt,450g,£1.50,33.3p/100g,save 85p. Was £2.35,Organic Shop
607479,Albert Bartlett Rooster Organic Potatoes,G,false,257,https://ecom-su-static-prod.wtrecom.com/images/products/3/LN_607479_BP_3.jpg,https://www.waitrose.com/ecom/products/albert-bartlett-rooster-organic-potatoes/607479-629257-629258,Albert Bartlett Rooster Organic Potatoes,1.5kg,£2.75,£1.84/kg,,Organic Shop
709213,Pukka Organic Night Time 20 Tea Sachets,G,false,258,https://ecom-su-static-prod.wtrecom.com/images/products/3/LN_709213_BP_3.jpg,https://www.waitrose.com/ecom/products/pukka-organic-night-time-20-tea-sachets/709213-100741-100742,Pukka Organic Night Time 20 Tea Sachets,20g,£5.00,£25/100g,,Organic Shop
447836,Waitrose Duchy Organic Dried Apricots,G,false,259,https://ecom-su-static-prod.wtrecom.com/images/products/3/LN_447836_BP_3.jpg,https://www.waitrose.com/ecom/products/waitrose-duchy-organic-dried-apricots/447836-753555-753556,Waitrose Duchy Organic Dried Apricots,250g,£4.25,£1.70/100g,,Organic Shop
627089,Duchy Organic Coconut Cream,G,false,260,https://ecom-su-static-prod.wtrecom.com/images/products/3/LN_627089_BP_3.jpg,https://www.waitrose.com/ecom/products/duchy-organic-coconut-cream/627089-747480-747481,Duchy Organic Coconut Cream,160ml,£1.55,96.9p/100ml,,Organic Shop
594321,Duchy Organic 6 British Pork Sausages with Herbs,G,false,261,https://ecom-su-static-prod.wtrecom.com/images/products/3/LN_594321_BP_3.jpg,https://www.waitrose.com/ecom/products/duchy-organic-6-british-pork-sausages-with-herbs/594321-116265-116266,Duchy Organic 6 British Pork Sausages with Herbs,400g,£5.25,£13.13/kg,,Organic Shop
436004,Waitrose Duchy Organic Walnuts,G,false,262,https://ecom-su-static-prod.wtrecom.com/images/products/3/LN_436004_BP_3.jpg,https://www.waitrose.com/ecom/products/waitrose-duchy-organic-walnuts/436004-753509-753510,Waitrose Duchy Organic Walnuts,150g,£3.75,£2.50/100g,,Organic Shop
035918,Duchy Organic Basmati Rice,G,false,263,https://ecom-su-static-prod.wtrecom.com/images/products/3/LN_035918_BP_3.jpg,https://www.waitrose.com/ecom/products/duchy-organic-basmati-rice/035918-18044-18045,Duchy Organic Basmati Rice,500g,£3.40,£6.80/kg,,Organic Shop
078507,Clipper Fairtrade Organic House Blend Instant Coffee 100g,G,false,264,https://ecom-su-static-prod.wtrecom.com/images/products/3/LN_078507_BP_3.jpg,https://www.waitrose.com/ecom/products/clipper-fairtrade-organic-house-blend-instant-coffee-100g/078507-39975-39976,Clipper Fairtrade Organic House Blend Instant Coffee 100g,100g,£6.00,£6/100g,,Organic Shop
661586,Bold Bean Co Organic Chick Peas,G,false,265,https://ecom-su-static-prod.wtrecom.com/images/products/3/LN_661586_BP_3.jpg,https://www.waitrose.com/ecom/products/bold-bean-co-organic-chick-peas/661586-780693-780694,Bold Bean Co Organic Chick Peas,700g,£4.00,£8/kg,,Organic Shop
041893,Fuller's Organic Honey Dew 5.0% Ale Single Bottle,G,true,266,https://ecom-su-static-prod.wtrecom.com/images/products/3/LN_041893_BP_3.jpg,https://www.waitrose.com/ecom/products/fullers-organic-honey-dew-50-ale-single-bottle/041893-20758-20759,Fuller's Organic Honey Dew 5.0% Ale Single Bottle,500ml,£2.50,£5/litre,Add 3 for £5.75,Organic Shop
073806,Kallo Milk Chocolate Rice Cake Thins,G,false,267,https://ecom-su-static-prod.wtrecom.com/images/products/3/LN_073806_BP_3.jpg,https://www.waitrose.com/ecom/products/kallo-milk-chocolate-rice-cake-thins/073806-37440-37441,Kallo Milk Chocolate Rice Cake Thins,90g,£2.55,£2.84/100g,,Organic Shop
543082,Duchy Organic Cheddar Cheese Sticks Strength 4,G,false,268,https://ecom-su-static-prod.wtrecom.com/images/products/3/LN_543082_BP_3.jpg,https://www.waitrose.com/ecom/products/duchy-organic-cheddar-cheese-sticks-strength-4/543082-723556-723557,Duchy Organic Cheddar Cheese Sticks Strength 4,7x20g,£2.20,£15.72/kg,,Organic Shop
049465,Duchy Organic Strong White Bread Flour,G,false,269,https://ecom-su-static-prod.wtrecom.com/images/products/3/LN_049465_BP_3.jpg,https://www.waitrose.com/ecom/products/duchy-organic-strong-white-bread-flour/049465-24644-24645,Duchy Organic Strong White Bread Flour,1.5kg,£2.20,£1.47/kg,,Organic Shop
420613,Ella's Kitchen Strawberry Yoghurt,G,false,270,https://ecom-su-static-prod.wtrecom.com/images/products/3/LN_420613_BP_3.jpg,https://www.waitrose.com/ecom/products/ellas-kitchen-strawberry-yoghurt/420613-655221-655222,Ella's Kitchen Strawberry Yoghurt,90g,£1.30,£1.45/100g,,Organic Shop
498037,Taifun Smoked Tofu,G,false,271,https://ecom-su-static-prod.wtrecom.com/images/products/3/LN_498037_BP_3.jpg,https://www.waitrose.com/ecom/products/taifun-smoked-tofu/498037-70368-70369,Taifun Smoked Tofu,200g,£5.00,£25/kg,,Organic Shop
615803,Bold Bean Co Organic White Beans,G,false,272,https://ecom-su-static-prod.wtrecom.com/images/products/3/LN_615803_BP_3.jpg,https://www.waitrose.com/ecom/products/bold-bean-co-organic-white-beans/615803-780247-780248,Bold Bean Co Organic White Beans,700g,£4.00,£8/kg,,Organic Shop
040801,Jordans Organic Jumbo Porridge Oats,G,false,273,https://ecom-su-static-prod.wtrecom.com/images/products/3/LN_040801_BP_3.jpg,https://www.waitrose.com/ecom/products/jordans-organic-jumbo-porridge-oats/040801-20154-20155,Jordans Organic Jumbo Porridge Oats,750g,£2.65,35.3p/100g,,Organic Shop
037062,Aspall Organic Red Wine Vinegar,G,true,274,https://ecom-su-static-prod.wtrecom.com/images/products/3/LN_037062_BP_3.jpg,https://www.waitrose.com/ecom/products/aspall-organic-red-wine-vinegar/037062-18561-18562,Aspall Organic Red Wine Vinegar,350ml,£1.70,48.6p/100ml,20% Off. Was £2.15,Organic Shop
620289,Caress Simply Soft Cotton Wool Pads,G,false,275,https://ecom-su-static-prod.wtrecom.com/images/products/3/LN_620289_BP_3.jpg,https://www.waitrose.com/ecom/products/caress-simply-soft-cotton-wool-pads/620289-527254-527255,Caress Simply Soft Cotton Wool Pads,100s,£1.85,1.9p each,,Organic Shop
408652,Rude Health Hazelnut Long Life Organic Milk Alternative,G,true,276,https://ecom-su-static-prod.wtrecom.com/images/products/3/LN_408652_BP_3.jpg,https://www.waitrose.com/ecom/products/rude-health-hazelnut-long-life-organic-milk-alternative/408652-558155-558156,Rude Health Hazelnut Long Life Organic Milk Alternative,1litre,£2.50,£2.50/litre,Add 2 for £3.80,Organic Shop
004242,Duchy Organic British Beef Roasting Joint,G,false,277,https://ecom-su-static-prod.wtrecom.com/images/products/3/LN_004242_BP_3.jpg,https://www.waitrose.com/ecom/products/duchy-organic-british-beef-roasting-joint/004242-1739-1740,Duchy Organic British Beef Roasting Joint,Typical weight 0.54kg,£9.93 each est.,£18.49/kg,,Organic Shop
031544,Waitrose Duchy Organic Dried Mango,G,false,278,https://ecom-su-static-prod.wtrecom.com/images/products/3/LN_031544_BP_3.jpg,https://www.waitrose.com/ecom/products/waitrose-duchy-organic-dried-mango/031544-15365-15366,Waitrose Duchy Organic Dried Mango,150g,£4.50,£30/kg,,Organic Shop
716782,The Hedonist Shiraz,W,false,279,https://ecom-su-static-prod.wtrecom.com/images/products/3/LN_716782_BP_3.jpg,https://www.waitrose.com/ecom/products/the-hedonist-shiraz/716782-101851-101852,The Hedonist Shiraz,75cl,£14.99,£14.99/75cl,,Organic Shop
039858,Aspall Organic White Wine Vinegar,G,true,280,https://ecom-su-static-prod.wtrecom.com/images/products/3/LN_039858_BP_3.jpg,https://www.waitrose.com/ecom/products/aspall-organic-white-wine-vinegar/039858-19722-19723,Aspall Organic White Wine Vinegar,350ml,£1.70,48.6p/100ml,20% Off. Was £2.15,Organic Shop
551725,Ella's Kitchen Puree Pears,G,true,281,https://ecom-su-static-prod.wtrecom.com/images/products/3/LN_551725_BP_3.jpg,https://www.waitrose.com/ecom/products/ellas-kitchen-puree-pears/551725-136367-136368,Ella's Kitchen Puree Pears,70g,£1.00,£1.43/100g,Add 5 for £4.50,Organic Shop
533572,Ella's Kitchen Puree Apples,G,true,282,https://ecom-su-static-prod.wtrecom.com/images/products/3/LN_533572_BP_3.jpg,https://www.waitrose.com/ecom/products/ellas-kitchen-puree-apples/533572-136353-136354,Ella's Kitchen Puree Apples,70g,£1.00,£1.43/100g,Add 5 for £4.50,Organic Shop
656204,Ella's Kitchen Puree Mangoes,G,true,283,https://ecom-su-static-prod.wtrecom.com/images/products/3/LN_656204_BP_3.jpg,https://www.waitrose.com/ecom/products/ellas-kitchen-puree-mangoes/656204-136427-136428,Ella's Kitchen Puree Mangoes,70g,£1.00,£1.43/100g,Add 5 for £4.50,Organic Shop
844554,Little Yeos Cherry & Banana and Peach & Mango Organic Yogurts,G,false,284,https://ecom-su-static-prod.wtrecom.com/images/products/3/LN_844554_BP_3.jpg,https://www.waitrose.com/ecom/products/little-yeos-cherry-banana-and-peach-mango-organic-yogurts/844554-822531-822532,Little Yeos Cherry & Banana and Peach & Mango Organic Yogurts,6x42g,£2.25,89.3p/100g,,Organic Shop
884226,Yeo Valley Organic Greek Recipe 5% Strained Natural Yogurt,G,false,285,https://ecom-su-static-prod.wtrecom.com/images/products/3/LN_884226_BP_3.jpg,https://www.waitrose.com/ecom/products/yeo-valley-organic-greek-recipe-5-strained-natural-yogurt/884226-726765-726766,Yeo Valley Organic Greek Recipe 5% Strained Natural Yogurt,450g,£3.25,72.2p/100g,,Organic Shop
032753,Green & Black's Organic White Chocolate Bar,G,false,286,https://ecom-su-static-prod.wtrecom.com/images/products/3/LN_032753_BP_3.jpg,https://www.waitrose.com/ecom/products/green-blacks-organic-white-chocolate-bar/032753-16019-16020,Green & Black's Organic White Chocolate Bar,90g,£2.50,£2.78/100g,,Organic Shop
026350,Lizis Organic Granola,G,true,287,https://ecom-su-static-prod.wtrecom.com/images/products/3/LN_026350_BP_3.jpg,https://www.waitrose.com/ecom/products/lizis-organic-granola/026350-12821-12822,Lizis Organic Granola,350g,£2.65,75.7p/100g,Save 1/3. Was £4.20,Organic Shop
884377,Duchy Organic Sourdough Baguette,G,false,288,https://ecom-su-static-prod.wtrecom.com/images/products/3/LN_884377_BP_3.jpg,https://www.waitrose.com/ecom/products/duchy-organic-sourdough-baguette/884377-744412-744413,Duchy Organic Sourdough Baguette,each,£2.00,£2 each,,Organic Shop
637435,Clipper Organic Fairtrade Pure Green Tea Bags 80s,G,false,289,https://ecom-su-static-prod.wtrecom.com/images/products/3/LN_637435_BP_3.jpg,https://www.waitrose.com/ecom/products/clipper-organic-fairtrade-pure-green-tea-bags-80s/637435-600716-600717,Clipper Organic Fairtrade Pure Green Tea Bags 80s,160g,£4.40,£2.75/100g,,Organic Shop
487030,Ella's Kitchen Strawberries & Apple,G,false,290,https://ecom-su-static-prod.wtrecom.com/images/products/3/LN_487030_BP_3.jpg,https://www.waitrose.com/ecom/products/ellas-kitchen-strawberries-apple/487030-68799-68800,Ella's Kitchen Strawberries & Apple,120g,£1.35,£1.13/100g,,Organic Shop
468839,Duchy Organic Pure Set Honey,G,false,291,https://ecom-su-static-prod.wtrecom.com/images/products/3/LN_468839_BP_3.jpg,https://www.waitrose.com/ecom/products/duchy-organic-pure-set-honey/468839-662528-662529,Duchy Organic Pure Set Honey,340g,£3.50,£1.03/100g,,Organic Shop
683473,Whole Earth Smooth Organic Peanut Butter,G,false,292,https://ecom-su-static-prod.wtrecom.com/images/products/3/LN_683473_BP_3.jpg,https://www.waitrose.com/ecom/products/whole-earth-smooth-organic-peanut-butter/683473-97084-97085,Whole Earth Smooth Organic Peanut Butter,340g,£3.80,£1.12/100g,,Organic Shop
606279,Whole Earth Crunchy Organic Peanut Butter,G,false,293,https://ecom-su-static-prod.wtrecom.com/images/products/3/LN_606279_BP_3.jpg,https://www.waitrose.com/ecom/products/whole-earth-crunchy-organic-peanut-butter/606279-86009-86010,Whole Earth Crunchy Organic Peanut Butter,340g,£3.80,£1.12/100g,,Organic Shop
640624,Dorset Cereals Organic Muesli Cereal,G,false,294,https://ecom-su-static-prod.wtrecom.com/images/products/3/LN_640624_BP_3.jpg,https://www.waitrose.com/ecom/products/dorset-cereals-organic-muesli-cereal/640624-585603-585604,Dorset Cereals Organic Muesli Cereal,600g,£4.20,70p/100g,,Organic Shop
602760,Rude Health Oat Milk Chilled Dairy Free Milk Alternative,G,false,295,https://ecom-su-static-prod.wtrecom.com/images/products/3/LN_602760_BP_3.jpg,https://www.waitrose.com/ecom/products/rude-health-oat-milk-chilled-dairy-free-milk-alternative/602760-601722-601723,Rude Health Oat Milk Chilled Dairy Free Milk Alternative,1litre,£2.30,£2.30/litre,,Organic Shop
803560,Duchy Organic Crunchy Peanut Butter,G,false,296,https://ecom-su-static-prod.wtrecom.com/images/products/3/LN_803560_BP_3.jpg,https://www.waitrose.com/ecom/products/duchy-organic-crunchy-peanut-butter/803560-752831-752832,Duchy Organic Crunchy Peanut Butter,340g,£2.50,73.5p/100g,,Organic Shop
028421,Duchy Organic Balsamic Vinegar,G,false,297,https://ecom-su-static-prod.wtrecom.com/images/products/3/LN_028421_BP_3.jpg,https://www.waitrose.com/ecom/products/duchy-organic-balsamic-vinegar/028421-13830-13831,Duchy Organic Balsamic Vinegar,250ml,£3.25,£1.30/100ml,,Organic Shop
795746,Mr Organic Organic Baked Beans,G,true,298,https://ecom-su-static-prod.wtrecom.com/images/products/3/LN_795746_BP_3.jpg,https://www.waitrose.com/ecom/products/mr-organic-organic-baked-beans/795746-743989-743990,Mr Organic Organic Baked Beans,4x400g,£4.60,£2.88/kg,20% Off. Was £5.80,Organic Shop
508329,Meridian Crunchy Peanut Butter,G,true,299,https://ecom-su-static-prod.wtrecom.com/images/products/3/LN_508329_BP_3.jpg,https://www.waitrose.com/ecom/products/meridian-crunchy-peanut-butter/508329-696815-696816,Meridian Crunchy Peanut Butter,1kg,£6.50,65p/100g,save £1.40. Was £7.90,Organic Shop
654764,"Pukka Lemon, Ginger, Manuka Honey 20 Sachets",G,false,300,https://ecom-su-static-prod.wtrecom.com/images/products/3/LN_654764_BP_3.jpg,https://www.waitrose.com/ecom/products/pukka-lemon-ginger-manuka-honey-20-sachets/654764-315717-315718,"Pukka Lemon, Ginger, Manuka Honey 20 Sachets",40g,£5.00,£12.50/100g,,Organic Shop
023504,Duchy Organic British Lamb Leg Steaks,G,false,301,https://ecom-su-static-prod.wtrecom.com/images/products/3/LN_023504_BP_3.jpg,https://www.waitrose.com/ecom/products/duchy-organic-british-lamb-leg-steaks/023504-425750-11409,Duchy Organic British Lamb Leg Steaks,Typical weight 0.26kg,£8.50 each est.,£33.00/kg,,Organic Shop
709073,Villa Cafaggio Chianti Classico,W,false,302,https://ecom-su-static-prod.wtrecom.com/images/products/3/LN_709073_BP_3.jpg,https://www.waitrose.com/ecom/products/villa-cafaggio-chianti-classico/709073-141304-141305,Villa Cafaggio Chianti Classico,75cl,£14.99,£14.99/75cl,,Organic Shop
667795,Hurly Burly Raw Sauerkraut Original,G,false,303,https://ecom-su-static-prod.wtrecom.com/images/products/3/LN_667795_BP_3.jpg,https://www.waitrose.com/ecom/products/hurly-burly-raw-sauerkraut-original/667795-661853-661854,Hurly Burly Raw Sauerkraut Original,300g,£2.55,85p/100g,,Organic Shop
080059,Heinz Organic Tomato Ketchup,G,false,304,https://ecom-su-static-prod.wtrecom.com/images/products/3/LN_080059_BP_3.jpg,https://www.waitrose.com/ecom/products/heinz-organic-tomato-ketchup/080059-40725-40726,Heinz Organic Tomato Ketchup,580g,£4.30,74.1p/100g,,Organic Shop
549132,Duchy Organic Highland All Butter Shortbread,G,false,305,https://ecom-su-static-prod.wtrecom.com/images/products/3/LN_549132_BP_3.jpg,https://www.waitrose.com/ecom/products/duchy-organic-highland-all-butter-shortbread/549132-77659-77660,Duchy Organic Highland All Butter Shortbread,150g,£2.25,£1.50/100g,,Organic Shop
844035,Little Yeos Blueberry & Banana Yogurt Pouch,G,true,306,https://ecom-su-static-prod.wtrecom.com/images/products/3/LN_844035_BP_3.jpg,https://www.waitrose.com/ecom/products/little-yeos-blueberry-banana-yogurt-pouch/844035-822529-822530,Little Yeos Blueberry & Banana Yogurt Pouch,85g,60p,70.6p/100g,save 30p. Was 90p,Organic Shop
886941,Duchy Organic Cropwell Bishop PDO Blue Stilton Cheese Strength 5,G,false,307,https://ecom-su-static-prod.wtrecom.com/images/products/3/LN_886941_BP_3.jpg,https://www.waitrose.com/ecom/products/duchy-organic-cropwell-bishop-pdo-blue-stilton-cheese-strength-5/886941-156675-156676,Duchy Organic Cropwell Bishop PDO Blue Stilton Cheese Strength 5,150g,£3.50,£23.34/kg,,Organic Shop
825041,Duchy Organic Gold Kiwi Fruit,G,true,308,https://ecom-su-static-prod.wtrecom.com/images/products/3/LN_825041_BP_3.jpg,https://www.waitrose.com/ecom/products/duchy-organic-gold-kiwi-fruit/825041-684379-684380,Duchy Organic Gold Kiwi Fruit,4s,£2.68,67p each,20% Off. Was £3.35,Organic Shop
093173,Nature's Path Gluten Free Mesa Sunrise Cereal Flakes,G,false,309,https://ecom-su-static-prod.wtrecom.com/images/products/3/LN_093173_BP_3.jpg,https://www.waitrose.com/ecom/products/natures-path-gluten-free-mesa-sunrise-cereal-flakes/093173-47871-47872,Nature's Path Gluten Free Mesa Sunrise Cereal Flakes,355g,£3.65,£1.03/100g,,Organic Shop
850638,Naturya Organic Chia Seeds,G,true,310,https://ecom-su-static-prod.wtrecom.com/images/products/3/LN_850638_BP_3.jpg,https://www.waitrose.com/ecom/products/naturya-organic-chia-seeds/850638-492218-492219,Naturya Organic Chia Seeds,175g,£3.15,£1.80/100g,25% Off. Was £4.20,Organic Shop
588692,Equinox Kombucha Raspberry Organic Fruit Juice,G,true,311,https://ecom-su-static-prod.wtrecom.com/images/products/3/LN_588692_BP_3.jpg,https://www.waitrose.com/ecom/products/equinox-kombucha-raspberry-organic-fruit-juice/588692-719584-719585,Equinox Kombucha Raspberry Organic Fruit Juice,250ml,£1.90,£7.60/litre,"£5 Food to Go Meal Deal: Add 1 Main, 1 Snack and 1 Drink",Organic Shop
056867,No.1 Sumatra Mandheling Coffee Beans,G,false,312,https://ecom-su-static-prod.wtrecom.com/images/products/3/LN_056867_BP_3.jpg,https://www.waitrose.com/ecom/products/no1-sumatra-mandheling-coffee-beans/056867-28551-28552,No.1 Sumatra Mandheling Coffee Beans,227g,£4.00,£1.77/100g,,Organic Shop
532723,Duchy Organic Highland All Butter Shortbread,G,false,313,https://ecom-su-static-prod.wtrecom.com/images/products/3/LN_532723_BP_3.jpg,https://www.waitrose.com/ecom/products/duchy-organic-highland-all-butter-shortbread/532723-75326-75327,Duchy Organic Highland All Butter Shortbread,160g,£2.25,£1.41/100g,,Organic Shop
761159,Waitrose Duchy Wholewheat Penne Pasta,G,false,314,https://ecom-su-static-prod.wtrecom.com/images/products/3/LN_761159_BP_3.jpg,https://www.waitrose.com/ecom/products/waitrose-duchy-wholewheat-penne-pasta/761159-747548-747549,Waitrose Duchy Wholewheat Penne Pasta,500g,£1.90,£3.80/kg,,Organic Shop
065794,Green & Black's Organic Fairtrade Cocoa,G,false,315,https://ecom-su-static-prod.wtrecom.com/images/products/3/LN_065794_BP_3.jpg,https://www.waitrose.com/ecom/products/green-blacks-organic-fairtrade-cocoa/065794-33340-33341,Green & Black's Organic Fairtrade Cocoa,125g,£3.25,£2.60/100g,,Organic Shop
539687,Tilimuqui Fairtrade Organic Malbec,W,false,316,https://ecom-su-static-prod.wtrecom.com/images/products/3/LN_539687_BP_3.jpg,https://www.waitrose.com/ecom/products/tilimuqui-fairtrade-organic-malbec/539687-633412-633413,Tilimuqui Fairtrade Organic Malbec,75cl,£11.99,£11.99/75cl,,Organic Shop
775733,Taylor & Colledge Vanilla Bean Paste,G,false,317,https://ecom-su-static-prod.wtrecom.com/images/products/3/LN_775733_BP_3.jpg,https://www.waitrose.com/ecom/products/taylor-colledge-vanilla-bean-paste/775733-110331-110332,Taylor & Colledge Vanilla Bean Paste,65g,£4.95,£7.62/100g,,Organic Shop
760587,Duchy Organic Cocoa Powder,G,false,318,https://ecom-su-static-prod.wtrecom.com/images/products/3/LN_760587_BP_3.jpg,https://www.waitrose.com/ecom/products/duchy-organic-cocoa-powder/760587-757749-757750,Duchy Organic Cocoa Powder,180g,£3.50,£1.95/100g,,Organic Shop
788203,Fumagalli Organic Salami Milano,G,false,319,https://ecom-su-static-prod.wtrecom.com/images/products/3/LN_788203_BP_3.jpg,https://www.waitrose.com/ecom/products/fumagalli-organic-salami-milano/788203-722459-722460,Fumagalli Organic Salami Milano,70g,£3.90,£5.58/100g,,Organic Shop
560062,Waitrose Duchy Four Bean Salad In Water,G,false,320,https://ecom-su-static-prod.wtrecom.com/images/products/3/LN_560062_BP_3.jpg,https://www.waitrose.com/ecom/products/waitrose-duchy-four-bean-salad-in-water/560062-747674-747675,Waitrose Duchy Four Bean Salad In Water,drained 252g,£1.15,£4.57/kg,,Organic Shop
850536,Waitrose Free From Gluten Cherry Bakewells,G,false,321,https://ecom-su-static-prod.wtrecom.com/images/products/3/LN_850536_BP_3.jpg,https://www.waitrose.com/ecom/products/waitrose-free-from-gluten-cherry-bakewells/850536-678557-678558,Waitrose Free From Gluten Cherry Bakewells,205g,£2.50,£1.22/100g,,Organic Shop
004553,Organix Melty Baby Carrot Puffs,G,false,322,https://ecom-su-static-prod.wtrecom.com/images/products/3/LN_004553_BP_3.jpg,https://www.waitrose.com/ecom/products/organix-melty-baby-carrot-puffs/004553-1931-1932,Organix Melty Baby Carrot Puffs,20g,85p,£4.25/100g,,Organic Shop
427754,Waitrose Free From Gluten Butter Shortbread,G,false,323,https://ecom-su-static-prod.wtrecom.com/images/products/3/LN_427754_BP_3.jpg,https://www.waitrose.com/ecom/products/waitrose-free-from-gluten-butter-shortbread/427754-744865-744866,Waitrose Free From Gluten Butter Shortbread,150g,£2.45,£1.64/100g,,Organic Shop
632480,Duchy Organic Stem Ginger Shortbread,G,false,324,https://ecom-su-static-prod.wtrecom.com/images/products/3/LN_632480_BP_3.jpg,https://www.waitrose.com/ecom/products/duchy-organic-stem-ginger-shortbread/632480-89827-89828,Duchy Organic Stem Ginger Shortbread,150g,£2.25,£1.50/100g,,Organic Shop
665816,Goodies Mini Cheese Crackers Snacks,G,false,325,https://ecom-su-static-prod.wtrecom.com/images/products/3/LN_665816_BP_3.jpg,https://www.waitrose.com/ecom/products/goodies-mini-cheese-crackers-snacks/665816-174601-174602,Goodies Mini Cheese Crackers Snacks,4x20g,£2.60,£3.25/100g,,Organic Shop
472455,Clearspring Organic Brown Rice Udon Noodles,G,true,326,https://ecom-su-static-prod.wtrecom.com/images/products/3/LN_472455_BP_3.jpg,https://www.waitrose.com/ecom/products/clearspring-organic-brown-rice-udon-noodles/472455-323041-323042,Clearspring Organic Brown Rice Udon Noodles,200g,£2.60,£1.30/100g,20% Off. Was £3.25,Organic Shop
081060,Clipper Organic Sleep Easy Herbal Tea Bags 20s,G,true,327,https://ecom-su-static-prod.wtrecom.com/images/products/3/LN_081060_BP_3.jpg,https://www.waitrose.com/ecom/products/clipper-organic-sleep-easy-herbal-tea-bags-20s/081060-41249-41250,Clipper Organic Sleep Easy Herbal Tea Bags 20s,40g,£1.65,£4.13/100g,save 45p. Was £2.10,Organic Shop
472714,Cauldron Original Tofu,G,false,328,https://ecom-su-static-prod.wtrecom.com/images/products/3/LN_472714_BP_3.jpg,https://www.waitrose.com/ecom/products/cauldron-original-tofu/472714-66684-66685,Cauldron Original Tofu,396g,£2.90,£7.33/kg,,Organic Shop
564785,Thomson & Scott Noughty Sparkling Alcohol Free,G,true,329,https://ecom-su-static-prod.wtrecom.com/images/products/3/LN_564785_BP_3.jpg,https://www.waitrose.com/ecom/products/thomson-scott-noughty-sparkling-alcohol-free/564785-743792-743793,Thomson & Scott Noughty Sparkling Alcohol Free,75cl,£8.50,£8.50/75cl,save £1.00. Was £9.50,Organic Shop
890232,Doves Farm Ginger Oat Biscuits,G,false,330,https://ecom-su-static-prod.wtrecom.com/images/products/3/LN_890232_BP_3.jpg,https://www.waitrose.com/ecom/products/doves-farm-ginger-oat-biscuits/890232-211021-211022,Doves Farm Ginger Oat Biscuits,200g,£2.00,£1/100g,,Organic Shop
575959,Duchy Organic Blackcurrant Preserve Extra Jam,G,false,331,https://ecom-su-static-prod.wtrecom.com/images/products/3/LN_575959_BP_3.jpg,https://www.waitrose.com/ecom/products/duchy-organic-blackcurrant-preserve-extra-jam/575959-81612-81613,Duchy Organic Blackcurrant Preserve Extra Jam,340g,£2.80,82.4p/100g,,Organic Shop
508625,Ella's Kitchen Peaches & Bananas,G,false,332,https://ecom-su-static-prod.wtrecom.com/images/products/3/LN_508625_BP_3.jpg,https://www.waitrose.com/ecom/products/ellas-kitchen-peaches-bananas/508625-71861-71862,Ella's Kitchen Peaches & Bananas,120g,£1.35,£1.13/100g,,Organic Shop
888176,Finca Lalande Malbec,W,false,333,https://ecom-su-static-prod.wtrecom.com/images/products/3/LN_888176_BP_3.jpg,https://www.waitrose.com/ecom/products/finca-lalande-malbec/888176-757089-757090,Finca Lalande Malbec,75cl,£10.99,£10.99/75cl,,Organic Shop
611456,Lily's Kitchen Organic Chicken Paté Wet Food for Cats,G,false,334,https://ecom-su-static-prod.wtrecom.com/images/products/3/LN_611456_BP_3.jpg,https://www.waitrose.com/ecom/products/lilys-kitchen-organic-chicken-pate-wet-food-for-cats/611456-527226-527227,Lily's Kitchen Organic Chicken Paté Wet Food for Cats,85g,£1.25,£14.71/kg,,Organic Shop
085519,Duchy Organic White Cabbage,G,false,335,https://ecom-su-static-prod.wtrecom.com/images/products/3/LN_085519_BP_3.jpg,https://www.waitrose.com/ecom/products/duchy-organic-white-cabbage/085519-43604-43605,Duchy Organic White Cabbage,Typical weight 0.69kg,£1.32 each est.,£1.90/kg,,Organic Shop
517325,HiPP First Infant Milk,G,false,336,https://ecom-su-static-prod.wtrecom.com/images/products/3/LN_517325_BP_3.jpg,https://www.waitrose.com/ecom/products/hipp-first-infant-milk/517325-73141-73142,HiPP First Infant Milk,200ml,£1.10,£5.50/litre,,Organic Shop
429906,Duchy Organic Stem Ginger Biscuits in Dark Chocolate,G,false,337,https://ecom-su-static-prod.wtrecom.com/images/products/3/LN_429906_BP_3.jpg,https://www.waitrose.com/ecom/products/duchy-organic-stem-ginger-biscuits-in-dark-chocolate/429906-60485-60486,Duchy Organic Stem Ginger Biscuits in Dark Chocolate,100g,£3.00,£3/100g,,Organic Shop
611803,Duchy Organic Frozen Raspberries,G,false,338,https://ecom-su-static-prod.wtrecom.com/images/products/3/LN_611803_BP_3.jpg,https://www.waitrose.com/ecom/products/duchy-organic-frozen-raspberries/611803-86803-86804,Duchy Organic Frozen Raspberries,200g,£3.80,£19/kg,,Organic Shop
572185,Duchy Organic Peppermint Infusion 25 Tea Bags,G,false,339,https://ecom-su-static-prod.wtrecom.com/images/products/3/LN_572185_BP_3.jpg,https://www.waitrose.com/ecom/products/duchy-organic-peppermint-infusion-25-tea-bags/572185-300859-300860,Duchy Organic Peppermint Infusion 25 Tea Bags,37.5g,£2.00,£5.34/100g,,Organic Shop
694519,Duchy Organic Tomato & Basil Pasta Sauce,G,false,340,https://ecom-su-static-prod.wtrecom.com/images/products/3/LN_694519_BP_3.jpg,https://www.waitrose.com/ecom/products/duchy-organic-tomato-basil-pasta-sauce/694519-704245-704246,Duchy Organic Tomato & Basil Pasta Sauce,290g,£2.65,91.4p/100g,,Organic Shop
849117,Cocos Organic Coconut Kefir Drink,G,true,341,https://ecom-su-static-prod.wtrecom.com/images/products/3/LN_849117_BP_3.jpg,https://www.waitrose.com/ecom/products/cocos-organic-coconut-kefir-drink/849117-724686-724687,Cocos Organic Coconut Kefir Drink,500ml,£3.00,60p/100ml,20% Off. Was £3.75,Organic Shop
665048,Olivado Organic FT Extra Virgin Avocado Oil,G,false,342,https://ecom-su-static-prod.wtrecom.com/images/products/3/LN_665048_BP_3.jpg,https://www.waitrose.com/ecom/products/olivado-organic-ft-extra-virgin-avocado-oil/665048-133034-133035,Olivado Organic FT Extra Virgin Avocado Oil,250ml,£5.40,£2.16/100ml,,Organic Shop
030606,Green & Blacks Organic Hot Chocolate,G,false,343,https://ecom-su-static-prod.wtrecom.com/images/products/3/LN_030606_BP_3.jpg,https://www.waitrose.com/ecom/products/green-blacks-organic-hot-chocolate/030606-14949-14950,Green & Blacks Organic Hot Chocolate,250g,£5.95,£2.38/100g,,Organic Shop
876649,Duchy Organic Ground Cinnamon,G,false,344,https://ecom-su-static-prod.wtrecom.com/images/products/3/LN_876649_BP_3.jpg,https://www.waitrose.com/ecom/products/duchy-organic-ground-cinnamon/876649-785272-785273,Duchy Organic Ground Cinnamon,33g,£1.95,59.1p/10g,,Organic Shop
018436,Ella's Kitchen The Red One Squished Fruits,G,true,345,https://ecom-su-static-prod.wtrecom.com/images/products/3/LN_018436_BP_3.jpg,https://www.waitrose.com/ecom/products/ellas-kitchen-the-red-one-squished-fruits/018436-8919-8920,Ella's Kitchen The Red One Squished Fruits,5x90g,£4.10,91.1p/100g,Add 2 for £6.50,Organic Shop
411691,Waitrose Free From Gluten Muesli,G,false,346,https://ecom-su-static-prod.wtrecom.com/images/products/3/LN_411691_BP_3.jpg,https://www.waitrose.com/ecom/products/waitrose-free-from-gluten-muesli/411691-174476-174477,Waitrose Free From Gluten Muesli,500g,£3.75,75p/100g,,Organic Shop
757184,Duchy Organic Smooth Peanut Butter,G,false,347,https://ecom-su-static-prod.wtrecom.com/images/products/3/LN_757184_BP_3.jpg,https://www.waitrose.com/ecom/products/duchy-organic-smooth-peanut-butter/757184-752827-752828,Duchy Organic Smooth Peanut Butter,340g,£2.50,73.5p/100g,,Organic Shop
090428,Duchy Organic Whole Grain Rice,G,false,348,https://ecom-su-static-prod.wtrecom.com/images/products/3/LN_090428_BP_3.jpg,https://www.waitrose.com/ecom/products/duchy-organic-whole-grain-rice/090428-46577-46578,Duchy Organic Whole Grain Rice,500g,£2.35,£4.70/kg,,Organic Shop
044556,Duchy Organic British Beef Fillet Steak,G,false,349,https://ecom-su-static-prod.wtrecom.com/images/products/3/LN_044556_BP_3.jpg,https://www.waitrose.com/ecom/products/duchy-organic-british-beef-fillet-steak/044556-21970-21971,Duchy Organic British Beef Fillet Steak,Typical weight 0.24kg,£12.65 each est.,£52.49/kg,,Organic Shop
088961,Duchy Organic Easy Peelers,G,false,350,https://ecom-su-static-prod.wtrecom.com/images/products/3/LN_088961_BP_3.jpg,https://www.waitrose.com/ecom/products/duchy-organic-easy-peelers/088961-427087-45734,Duchy Organic Easy Peelers,600g,£2.50,£4.17/kg,,Organic Shop
587483,Waitrose Free From Gluten Sourdough,G,false,351,https://ecom-su-static-prod.wtrecom.com/images/products/3/LN_587483_BP_3.jpg,https://www.waitrose.com/ecom/products/waitrose-free-from-gluten-sourdough/587483-678049-678050,Waitrose Free From Gluten Sourdough,375g,£3.50,93.3p/100g,,Organic Shop
011094,Organix Melty Sweetcorn Rings,G,false,352,https://ecom-su-static-prod.wtrecom.com/images/products/3/LN_011094_BP_3.jpg,https://www.waitrose.com/ecom/products/organix-melty-sweetcorn-rings/011094-5510-5511,Organix Melty Sweetcorn Rings,20g,85p,£4.25/100g,,Organic Shop
657784,Kallo 8 Beef Stock Cubes,G,false,353,https://ecom-su-static-prod.wtrecom.com/images/products/3/LN_657784_BP_3.jpg,https://www.waitrose.com/ecom/products/kallo-8-beef-stock-cubes/657784-305049-305050,Kallo 8 Beef Stock Cubes,88g,£2.00,£2.28/100g,,Organic Shop
671206,Rude Health Almond Ultimate Long Life Organic Milk Alternative,G,true,354,https://ecom-su-static-prod.wtrecom.com/images/products/3/LN_671206_BP_3.jpg,https://www.waitrose.com/ecom/products/rude-health-almond-ultimate-long-life-organic-milk-alternative/671206-657773-657774,Rude Health Almond Ultimate Long Life Organic Milk Alternative,1litre,£2.90,£2.90/litre,Add 2 for £4.40,Organic Shop
850210,Duchy Organic Whole Halkidiki Olives,G,true,355,https://ecom-su-static-prod.wtrecom.com/images/products/3/LN_850210_BP_3.jpg,https://www.waitrose.com/ecom/products/duchy-organic-whole-halkidiki-olives/850210-747666-747667,Duchy Organic Whole Halkidiki Olives,drained 165g,£2.40,£1.46/100g,25% Off. Was £3.25,Organic Shop
079877,Ella's Kitchen Bananas & Apples,G,false,356,https://ecom-su-static-prod.wtrecom.com/images/products/3/LN_079877_BP_3.jpg,https://www.waitrose.com/ecom/products/ellas-kitchen-bananas-apples/079877-40633-40634,Ella's Kitchen Bananas & Apples,120g,£1.35,£1.13/100g,,Organic Shop
079999,No1 Organic Fairtrade Peru Decaf Coffee Beans,G,false,357,https://ecom-su-static-prod.wtrecom.com/images/products/3/LN_079999_BP_3.jpg,https://www.waitrose.com/ecom/products/no1-organic-fairtrade-peru-decaf-coffee-beans/079999-40695-40696,No1 Organic Fairtrade Peru Decaf Coffee Beans,227g,£4.00,£1.77/100g,,Organic Shop
800521,Pip Organic Rainbow Fruity Lollies,G,true,358,https://ecom-su-static-prod.wtrecom.com/images/products/3/LN_800521_BP_3.jpg,https://www.waitrose.com/ecom/products/pip-organic-rainbow-fruity-lollies/800521-688696-688697,Pip Organic Rainbow Fruity Lollies,6x40ml,£3.20,£1.34/100ml,20% Off. Was £4.00,Organic Shop
609096,Ella's Kitchen Berry Yoghurt,G,false,359,https://ecom-su-static-prod.wtrecom.com/images/products/3/LN_609096_BP_3.jpg,https://www.waitrose.com/ecom/products/ellas-kitchen-berry-yoghurt/609096-346504-346505,Ella's Kitchen Berry Yoghurt,90g,£1.30,£1.45/100g,,Organic Shop
614354,The Groovy Food Co. Extra Virgin Coconut Oil,G,false,360,https://ecom-su-static-prod.wtrecom.com/images/products/3/LN_614354_BP_3.jpg,https://www.waitrose.com/ecom/products/the-groovy-food-co-extra-virgin-coconut-oil/614354-211696-211697,The Groovy Food Co. Extra Virgin Coconut Oil,283ml,£4.40,£1.56/100ml,,Organic Shop
542999,Duchy Organic Spanish Extra Virgin Olive Oil,G,false,361,https://ecom-su-static-prod.wtrecom.com/images/products/3/LN_542999_BP_3.jpg,https://www.waitrose.com/ecom/products/duchy-organic-spanish-extra-virgin-olive-oil/542999-747422-747423,Duchy Organic Spanish Extra Virgin Olive Oil,500ml,£7.95,£1.59/100ml,,Organic Shop
733213,Waitrose Free From Gluten Seeded Rolls,G,false,362,https://ecom-su-static-prod.wtrecom.com/images/products/3/LN_733213_BP_3.jpg,https://www.waitrose.com/ecom/products/waitrose-free-from-gluten-seeded-rolls/733213-678321-678322,Waitrose Free From Gluten Seeded Rolls,4s,£3.00,75p each,,Organic Shop
565296,Clipper Organic Fairtrade Decaf Tea Bags 80s,G,false,363,https://ecom-su-static-prod.wtrecom.com/images/products/3/LN_565296_BP_3.jpg,https://www.waitrose.com/ecom/products/clipper-organic-fairtrade-decaf-tea-bags-80s/565296-698028-698029,Clipper Organic Fairtrade Decaf Tea Bags 80s,232g,£5.90,£2.55/100g,,Organic Shop
425342,Little Yeos Mango & Vanilla Yogurt Pouch,G,true,364,https://ecom-su-static-prod.wtrecom.com/images/products/3/LN_425342_BP_3.jpg,https://www.waitrose.com/ecom/products/little-yeos-mango-vanilla-yogurt-pouch/425342-822483-822484,Little Yeos Mango & Vanilla Yogurt Pouch,85g,60p,70.6p/100g,save 30p. Was 90p,Organic Shop
066141,Duchy Organic British Beef Rump Steak,G,false,365,https://ecom-su-static-prod.wtrecom.com/images/products/3/LN_066141_BP_3.jpg,https://www.waitrose.com/ecom/products/duchy-organic-british-beef-rump-steak/066141-33502-33503,Duchy Organic British Beef Rump Steak,Typical weight 0.22kg,£6.69 each est.,£30.00/kg,,Organic Shop
405727,Duchy Organic Original Oaten Biscuits,G,false,366,https://ecom-su-static-prod.wtrecom.com/images/products/3/LN_405727_BP_3.jpg,https://www.waitrose.com/ecom/products/duchy-organic-original-oaten-biscuits/405727-57091-57092,Duchy Organic Original Oaten Biscuits,150g,£2.25,£1.50/100g,,Organic Shop
601281,Pukka Organic Three Ginger 20 Tea Sachets,G,false,367,https://ecom-su-static-prod.wtrecom.com/images/products/3/LN_601281_BP_3.jpg,https://www.waitrose.com/ecom/products/pukka-organic-three-ginger-20-tea-sachets/601281-85257-85258,Pukka Organic Three Ginger 20 Tea Sachets,36g,£5.00,£13.89/100g,,Organic Shop
499319,Waitrose Free From Gluten Soft White Rolls,G,false,368,https://ecom-su-static-prod.wtrecom.com/images/products/3/LN_499319_BP_3.jpg,https://www.waitrose.com/ecom/products/waitrose-free-from-gluten-soft-white-rolls/499319-677903-677904,Waitrose Free From Gluten Soft White Rolls,4s,£3.00,75p each,,Organic Shop
883826,Duchy Organic Camomile Infusion 25 Tea Bags,G,false,369,https://ecom-su-static-prod.wtrecom.com/images/products/3/LN_883826_BP_3.jpg,https://www.waitrose.com/ecom/products/duchy-organic-camomile-infusion-25-tea-bags/883826-302819-302820,Duchy Organic Camomile Infusion 25 Tea Bags,37.5g,£2.00,£5.34/100g,,Organic Shop
728355,Ella's Kitchen Mangoes Pears + Papayas,G,false,370,https://ecom-su-static-prod.wtrecom.com/images/products/3/LN_728355_BP_3.jpg,https://www.waitrose.com/ecom/products/ellas-kitchen-mangoes-pears-papayas/728355-268184-268185,Ella's Kitchen Mangoes Pears + Papayas,120g,£1.35,£1.13/100g,,Organic Shop
520168,Waitrose Duchy Organic Pine Kernels,G,false,371,https://ecom-su-static-prod.wtrecom.com/images/products/3/LN_520168_BP_3.jpg,https://www.waitrose.com/ecom/products/waitrose-duchy-organic-pine-kernels/520168-753759-753760,Waitrose Duchy Organic Pine Kernels,100g,£4.95,£4.95/100g,,Organic Shop
824473,Maree d'ione Organic Nero di Troia,W,true,372,https://ecom-su-static-prod.wtrecom.com/images/products/3/LN_824473_BP_3.jpg,https://www.waitrose.com/ecom/products/maree-dione-organic-nero-di-troia/824473-585691-585692,Maree d'ione Organic Nero di Troia,75cl,£7.99,£7.99/75cl,save £2.00. Was £9.99,Organic Shop
588030,Littleover Organic Wildflower Set Honey,G,false,373,https://ecom-su-static-prod.wtrecom.com/images/products/3/LN_588030_BP_3.jpg,https://www.waitrose.com/ecom/products/littleover-organic-wildflower-set-honey/588030-275915-275916,Littleover Organic Wildflower Set Honey,340g,£4.50,£1.33/100g,,Organic Shop
838387,Duchy Organic 2 Frozen Scottish Salmon Fillets,G,false,374,https://ecom-su-static-prod.wtrecom.com/images/products/3/LN_838387_BP_3.jpg,https://www.waitrose.com/ecom/products/duchy-organic-2-frozen-scottish-salmon-fillets/838387-755593-755594,Duchy Organic 2 Frozen Scottish Salmon Fillets,280g,£9.00,£32.15/kg,,Organic Shop
617606,James White Organic Carrot Juice,G,false,375,https://ecom-su-static-prod.wtrecom.com/images/products/3/LN_617606_BP_3.jpg,https://www.waitrose.com/ecom/products/james-white-organic-carrot-juice/617606-87646-87647,James White Organic Carrot Juice,75cl,£3.25,43.3p/100ml,,Organic Shop
818774,Duchy Organic Parmigiano Reggiano DOP Shaved Parmesan Cheese Strength 6,G,true,376,https://ecom-su-static-prod.wtrecom.com/images/products/3/LN_818774_BP_3.jpg,https://www.waitrose.com/ecom/products/duchy-organic-parmigiano-reggiano-dop-shaved-parmesan-cheese-strength-6/818774-756149-756150,Duchy Organic Parmigiano Reggiano DOP Shaved Parmesan Cheese Strength 6,80g,£2.32,£29/kg,20% Off. Was £2.90,Organic Shop
550478,Duchy Organic Instant Coffee,G,false,377,https://ecom-su-static-prod.wtrecom.com/images/products/3/LN_550478_BP_3.jpg,https://www.waitrose.com/ecom/products/duchy-organic-instant-coffee/550478-716365-716366,Duchy Organic Instant Coffee,100g,£4.00,£4/100g,,Organic Shop
446282,Dragonfly Tea Moroccan Mint 20 Tea Bags,G,true,378,https://ecom-su-static-prod.wtrecom.com/images/products/3/LN_446282_BP_3.jpg,https://www.waitrose.com/ecom/products/dragonfly-tea-moroccan-mint-20-tea-bags/446282-62831-62832,Dragonfly Tea Moroccan Mint 20 Tea Bags,40g,£2.30,£5.75/100g,20% Off. Was £2.90,Organic Shop
818810,Duchy Organic English Breakfast 25 Tea Bags,G,false,379,https://ecom-su-static-prod.wtrecom.com/images/products/3/LN_818810_BP_3.jpg,https://www.waitrose.com/ecom/products/duchy-organic-english-breakfast-25-tea-bags/818810-302009-302010,Duchy Organic English Breakfast 25 Tea Bags,62.5g,£2.00,£3.20/100g,,Organic Shop
662499,Waitrose Duchy Organic Brazil Nuts,G,false,380,https://ecom-su-static-prod.wtrecom.com/images/products/3/LN_662499_BP_3.jpg,https://www.waitrose.com/ecom/products/waitrose-duchy-organic-brazil-nuts/662499-754329-754330,Waitrose Duchy Organic Brazil Nuts,150g,£3.50,£2.34/100g,,Organic Shop
625081,Ella's Kitchen Banana Baby Brekkie,G,true,381,https://ecom-su-static-prod.wtrecom.com/images/products/3/LN_625081_BP_3.jpg,https://www.waitrose.com/ecom/products/ellas-kitchen-banana-baby-brekkie/625081-88685-88686,Ella's Kitchen Banana Baby Brekkie,100g,£1.50,£1.50/100g,Add 3 for £3.75,Organic Shop
500775,Duchy Organic Mixed Seeds,G,false,382,https://ecom-su-static-prod.wtrecom.com/images/products/3/LN_500775_BP_3.jpg,https://www.waitrose.com/ecom/products/duchy-organic-mixed-seeds/500775-753709-753710,Duchy Organic Mixed Seeds,150g,£2.00,£13.34/kg,,Organic Shop
030824,Green & Blacks Organic Cooking Dark Chocolate Bar,G,false,383,https://ecom-su-static-prod.wtrecom.com/images/products/3/LN_030824_BP_3.jpg,https://www.waitrose.com/ecom/products/green-blacks-organic-cooking-dark-chocolate-bar/030824-15043-15044,Green & Blacks Organic Cooking Dark Chocolate Bar,150g,£3.50,£2.34/100g,,Organic Shop
549470,Freee Organic Gluten Free Chocolate Oat bars 4x35g,G,false,384,https://ecom-su-static-prod.wtrecom.com/images/products/3/LN_549470_BP_3.jpg,https://www.waitrose.com/ecom/products/freee-organic-gluten-free-chocolate-oat-bars-4x35g/549470-722051-722052,Freee Organic Gluten Free Chocolate Oat bars 4x35g,4x35g,£2.95,£2.11/100g,,Organic Shop
434104,Freee Organic Gluten Free Brown Rice Fusilli 500g,G,false,385,https://ecom-su-static-prod.wtrecom.com/images/products/3/LN_434104_BP_3.jpg,https://www.waitrose.com/ecom/products/freee-organic-gluten-free-brown-rice-fusilli-500g/434104-791019-791020,Freee Organic Gluten Free Brown Rice Fusilli 500g,500g,£2.95,59p/100g,,Organic Shop
490476,Kallo Organic Beef Low Salt 6 Stock Cubes,G,false,386,https://ecom-su-static-prod.wtrecom.com/images/products/3/LN_490476_BP_3.jpg,https://www.waitrose.com/ecom/products/kallo-organic-beef-low-salt-6-stock-cubes/490476-229843-229844,Kallo Organic Beef Low Salt 6 Stock Cubes,48g,£1.55,£3.23/100g,,Organic Shop
897482,Duchy Organic Free Range British Pork Chops,G,false,387,https://ecom-su-static-prod.wtrecom.com/images/products/3/LN_897482_BP_3.jpg,https://www.waitrose.com/ecom/products/duchy-organic-free-range-british-pork-chops/897482-389308-389309,Duchy Organic Free Range British Pork Chops,Typical weight 0.37kg,£5.02 each est.,£13.75/kg,,Organic Shop
047328,Ella's Kitchen Carrots Apples + Parsnips,G,false,388,https://ecom-su-static-prod.wtrecom.com/images/products/3/LN_047328_BP_3.jpg,https://www.waitrose.com/ecom/products/ellas-kitchen-carrots-apples-parsnips/047328-23362-23363,Ella's Kitchen Carrots Apples + Parsnips,120g,£1.35,£1.13/100g,,Organic Shop
006223,Duchy Organic Stoneground Wholemeal Plain Flour,G,false,389,https://ecom-su-static-prod.wtrecom.com/images/products/3/LN_006223_BP_3.jpg,https://www.waitrose.com/ecom/products/duchy-organic-stoneground-wholemeal-plain-flour/006223-2742-2743,Duchy Organic Stoneground Wholemeal Plain Flour,1.5kg,£2.40,£1.60/kg,,Organic Shop
001932,Duchy Organic British Lamb Cutlets,G,false,390,https://ecom-su-static-prod.wtrecom.com/images/products/3/LN_001932_BP_3.jpg,https://www.waitrose.com/ecom/products/duchy-organic-british-lamb-cutlets/001932-425747-482,Duchy Organic British Lamb Cutlets,Typical weight 0.42kg,£12.72 each est.,£30.00/kg,,Organic Shop
470935,Taylor & Colledge Vanilla Bean Fairtrade,G,false,391,https://ecom-su-static-prod.wtrecom.com/images/products/3/LN_470935_BP_3.jpg,https://www.waitrose.com/ecom/products/taylor-colledge-vanilla-bean-fairtrade/470935-66399-66400,Taylor & Colledge Vanilla Bean Fairtrade,100ml,£6.50,£6.50/100ml,,Organic Shop
457395,Waitrose Free From Gluten Granola,G,false,392,https://ecom-su-static-prod.wtrecom.com/images/products/3/LN_457395_BP_3.jpg,https://www.waitrose.com/ecom/products/waitrose-free-from-gluten-granola/457395-174502-174503,Waitrose Free From Gluten Granola,500g,£4.00,80p/100g,,Organic Shop
885913,Nature's Path Gluten Free Granola Berries,G,false,393,https://ecom-su-static-prod.wtrecom.com/images/products/3/LN_885913_BP_3.jpg,https://www.waitrose.com/ecom/products/natures-path-gluten-free-granola-berries/885913-275061-275062,Nature's Path Gluten Free Granola Berries,300g,£3.70,£1.24/100g,,Organic Shop
821249,Terre di Vita Organic Pinot Grigio Terre Siciliane IGP,W,true,394,https://ecom-su-static-prod.wtrecom.com/images/products/3/LN_821249_BP_3.jpg,https://www.waitrose.com/ecom/products/terre-di-vita-organic-pinot-grigio-terre-siciliane-igp/821249-700894-700895,Terre di Vita Organic Pinot Grigio Terre Siciliane IGP,75cl,£7.49,£7.49/75cl,save £2.50. Was £9.99,Organic Shop
706978,Montezuma's Dark Chocolate Giant Buttons,G,false,395,https://ecom-su-static-prod.wtrecom.com/images/products/3/LN_706978_BP_3.jpg,https://www.waitrose.com/ecom/products/montezumas-dark-chocolate-giant-buttons/706978-368058-368059,Montezuma's Dark Chocolate Giant Buttons,180g,£5.20,£2.89/100g,,Organic Shop
067710,Duchy Organic Chicken Livers,G,false,396,https://ecom-su-static-prod.wtrecom.com/images/products/3/LN_067710_BP_3.jpg,https://www.waitrose.com/ecom/products/duchy-organic-chicken-livers/067710-34373-34374,Duchy Organic Chicken Livers,400g,£3.00,£7.50/kg,,Organic Shop
569945,Yeo Vanilla Ice Cream,G,false,397,https://ecom-su-static-prod.wtrecom.com/images/products/3/LN_569945_BP_3.jpg,https://www.waitrose.com/ecom/products/yeo-vanilla-ice-cream/569945-575574-575575,Yeo Vanilla Ice Cream,500ml,£4.75,95p/100ml,,Organic Shop
673040,Little Soap Co. Olive Oil Soap,G,true,398,https://ecom-su-static-prod.wtrecom.com/images/products/3/LN_673040_BP_3.jpg,https://www.waitrose.com/ecom/products/little-soap-co-olive-oil-soap/673040-454519-454520,Little Soap Co. Olive Oil Soap,100g,£2.95,£2.95/100g,20% Off. Was £3.70,Organic Shop
041600,Dr. Karg's Organic Seeded Spelt Crispbread,G,false,399,https://ecom-su-static-prod.wtrecom.com/images/products/3/LN_041600_BP_3.jpg,https://www.waitrose.com/ecom/products/dr-kargs-organic-seeded-spelt-crispbread/041600-20606-20607,Dr. Karg's Organic Seeded Spelt Crispbread,200g,£2.75,£1.38/100g,,Organic Shop
781262,Hellmann's Organic Mayonnaise,G,false,400,https://ecom-su-static-prod.wtrecom.com/images/products/3/LN_781262_BP_3.jpg,https://www.waitrose.com/ecom/products/hellmanns-organic-mayonnaise/781262-697912-697913,Hellmann's Organic Mayonnaise,270g,£4.00,£1.49/100g,,Organic Shop
421665,Duchy Organic British Quinoa,G,false,401,https://ecom-su-static-prod.wtrecom.com/images/products/3/LN_421665_BP_3.jpg,https://www.waitrose.com/ecom/products/duchy-organic-british-quinoa/421665-524159-524160,Duchy Organic British Quinoa,375g,£3.75,£10/kg,,Organic Shop
004163,Taifun Tofu Wiener,G,false,402,https://ecom-su-static-prod.wtrecom.com/images/products/3/LN_004163_BP_3.jpg,https://www.waitrose.com/ecom/products/taifun-tofu-wiener/004163-1697-1698,Taifun Tofu Wiener,300g,£5.80,£19.34/kg,,Organic Shop
052231,Organix Gingerbread Men Toddler Snacks,G,false,403,https://ecom-su-static-prod.wtrecom.com/images/products/3/LN_052231_BP_3.jpg,https://www.waitrose.com/ecom/products/organix-gingerbread-men-toddler-snacks/052231-26033-26034,Organix Gingerbread Men Toddler Snacks,135g,£2.65,£1.97/100g,,Organic Shop
406608,Pukka Peppermint & Licorice 20 Tea Sachets,G,false,404,https://ecom-su-static-prod.wtrecom.com/images/products/3/LN_406608_BP_3.jpg,https://www.waitrose.com/ecom/products/pukka-peppermint-licorice-20-tea-sachets/406608-380992-380993,Pukka Peppermint & Licorice 20 Tea Sachets,30g,£5.00,£16.67/100g,,Organic Shop
886596,Duchy Organic Lasagne,G,false,405,https://ecom-su-static-prod.wtrecom.com/images/products/3/LN_886596_BP_3.jpg,https://www.waitrose.com/ecom/products/duchy-organic-lasagne/886596-747648-747649,Duchy Organic Lasagne,375g,£1.90,£5.07/kg,,Organic Shop
867277,Clipper Organic Fairtrade Earl Grey Tea Bags 80s,G,false,406,https://ecom-su-static-prod.wtrecom.com/images/products/3/LN_867277_BP_3.jpg,https://www.waitrose.com/ecom/products/clipper-organic-fairtrade-earl-grey-tea-bags-80s/867277-182149-182150,Clipper Organic Fairtrade Earl Grey Tea Bags 80s,200g,£4.39,£2.20/100g,,Organic Shop
581901,Pukka Supreme Matcha Green 20 Tea Sachets,G,false,407,https://ecom-su-static-prod.wtrecom.com/images/products/3/LN_581901_BP_3.jpg,https://www.waitrose.com/ecom/products/pukka-supreme-matcha-green-20-tea-sachets/581901-381162-381163,Pukka Supreme Matcha Green 20 Tea Sachets,30g,£5.00,£16.67/100g,,Organic Shop
024505,Duchy Organic Long Grain Rice,G,false,408,https://ecom-su-static-prod.wtrecom.com/images/products/3/LN_024505_BP_3.jpg,https://www.waitrose.com/ecom/products/duchy-organic-long-grain-rice/024505-11880-11881,Duchy Organic Long Grain Rice,500g,£2.35,£4.70/kg,,Organic Shop
741205,Clipper Organic Fairtrade English Breakfast 80 Tea Bags,G,false,409,https://ecom-su-static-prod.wtrecom.com/images/products/3/LN_741205_BP_3.jpg,https://www.waitrose.com/ecom/products/clipper-organic-fairtrade-english-breakfast-80-tea-bags/741205-693146-693147,Clipper Organic Fairtrade English Breakfast 80 Tea Bags,232g,£4.50,£1.94/100g,,Organic Shop
002539,Dunkerton's Black Fox Sparkling Cider Herefordshire,G,false,410,https://ecom-su-static-prod.wtrecom.com/images/products/3/LN_002539_BP_3.jpg,https://www.waitrose.com/ecom/products/dunkertons-black-fox-sparkling-cider-herefordshire/002539-848-849,Dunkerton's Black Fox Sparkling Cider Herefordshire,500ml,£2.50,£5/litre,,Organic Shop
566109,Tierra Sagrada Blanco,W,true,411,https://ecom-su-static-prod.wtrecom.com/images/products/3/LN_566109_BP_3.jpg,https://www.waitrose.com/ecom/products/tierra-sagrada-blanco/566109-691578-691579,Tierra Sagrada Blanco,75cl,£6.49,£6.49/75cl,save £1.00. Was £7.49,Organic Shop
088463,Duchy Organic Free Range British Pork 20 Meatballs,G,false,412,https://ecom-su-static-prod.wtrecom.com/images/products/3/LN_088463_BP_3.jpg,https://www.waitrose.com/ecom/products/duchy-organic-free-range-british-pork-20-meatballs/088463-45405-45406,Duchy Organic Free Range British Pork 20 Meatballs,300g,£4.80,£16/kg,,Organic Shop
025646,Marigold Vegetable Bouillon Powder Organic,G,false,413,https://ecom-su-static-prod.wtrecom.com/images/products/3/LN_025646_BP_3.jpg,https://www.waitrose.com/ecom/products/marigold-vegetable-bouillon-powder-organic/025646-12510-12511,Marigold Vegetable Bouillon Powder Organic,150g,£2.55,£1.70/100g,,Organic Shop
026520,Duchy Organic British Lamb Loin Chops,G,false,414,https://ecom-su-static-prod.wtrecom.com/images/products/3/LN_026520_BP_3.jpg,https://www.waitrose.com/ecom/products/duchy-organic-british-lamb-loin-chops/026520-425751-12912,Duchy Organic British Lamb Loin Chops,Typical weight 0.41kg,£12.37 each est.,£30.00/kg,,Organic Shop
024517,Clearspring Organic Purée Apple & Apricot,G,false,415,https://ecom-su-static-prod.wtrecom.com/images/products/3/LN_024517_BP_3.jpg,https://www.waitrose.com/ecom/products/clearspring-organic-puree-apple-apricot/024517-11890-11891,Clearspring Organic Purée Apple & Apricot,2x100g,£1.80,90p/100g,,Organic Shop
404254,Yeo Valley Mint Choc Chip Ice Cream,G,false,416,https://ecom-su-static-prod.wtrecom.com/images/products/3/LN_404254_BP_3.jpg,https://www.waitrose.com/ecom/products/yeo-valley-mint-choc-chip-ice-cream/404254-676995-676996,Yeo Valley Mint Choc Chip Ice Cream,500ml,£4.75,95p/100ml,,Organic Shop
006510,St Peter's Organic Best Bitter,G,true,417,https://ecom-su-static-prod.wtrecom.com/images/products/3/LN_006510_BP_3.jpg,https://www.waitrose.com/ecom/products/st-peters-organic-best-bitter/006510-2913-2914,St Peter's Organic Best Bitter,500ml,£2.25,£4.50/litre,Add 4 for £7,Organic Shop
553721,Lily's Kitchen Organic Fish Paté Wet Food for Cats,G,false,418,https://ecom-su-static-prod.wtrecom.com/images/products/3/LN_553721_BP_3.jpg,https://www.waitrose.com/ecom/products/lilys-kitchen-organic-fish-pate-wet-food-for-cats/553721-527000-527001,Lily's Kitchen Organic Fish Paté Wet Food for Cats,85g,£1.25,£14.71/kg,,Organic Shop
079420,Ella's Kitchen Pears Peas & Broccoli,G,false,419,https://ecom-su-static-prod.wtrecom.com/images/products/3/LN_079420_BP_3.jpg,https://www.waitrose.com/ecom/products/ellas-kitchen-pears-peas-broccoli/079420-40423-40424,Ella's Kitchen Pears Peas & Broccoli,120g,£1.35,£1.13/100g,,Organic Shop
839403,Waitrose Free From Gluten Sandwich Thins,G,false,420,https://ecom-su-static-prod.wtrecom.com/images/products/3/LN_839403_BP_3.jpg,https://www.waitrose.com/ecom/products/waitrose-free-from-gluten-sandwich-thins/839403-678535-678536,Waitrose Free From Gluten Sandwich Thins,4s,£2.50,62.5p each,,Organic Shop
696812,Linwoods Flax & Goji Berries,G,false,421,https://ecom-su-static-prod.wtrecom.com/images/products/3/LN_696812_BP_3.jpg,https://www.waitrose.com/ecom/products/linwoods-flax-goji-berries/696812-450590-450591,Linwoods Flax & Goji Berries,425g,£6.85,£1.62/100g,,Organic Shop
527782,Rowse Organic Clear Honey Jar,G,false,422,https://ecom-su-static-prod.wtrecom.com/images/products/3/LN_527782_BP_3.jpg,https://www.waitrose.com/ecom/products/rowse-organic-clear-honey-jar/527782-74620-74621,Rowse Organic Clear Honey Jar,340g,£3.75,£1.11/100g,,Organic Shop
608656,Waitrose Free From Gluten Chocolate Slices,G,false,423,https://ecom-su-static-prod.wtrecom.com/images/products/3/LN_608656_BP_3.jpg,https://www.waitrose.com/ecom/products/waitrose-free-from-gluten-chocolate-slices/608656-678091-678092,Waitrose Free From Gluten Chocolate Slices,220g,£3.15,£1.44/100g,,Organic Shop
023375,Sacla' Italia Organic Basil Pesto,G,false,424,https://ecom-su-static-prod.wtrecom.com/images/products/3/LN_023375_BP_3.jpg,https://www.waitrose.com/ecom/products/sacla-italia-organic-basil-pesto/023375-11355-11356,Sacla' Italia Organic Basil Pesto,190g,£3.80,£2/100g,,Organic Shop
525588,Waitrose Free From Gluten Green Pea Pasta,G,false,425,https://ecom-su-static-prod.wtrecom.com/images/products/3/LN_525588_BP_3.jpg,https://www.waitrose.com/ecom/products/waitrose-free-from-gluten-green-pea-pasta/525588-496324-496325,Waitrose Free From Gluten Green Pea Pasta,250g,£2.00,£8/kg,,Organic Shop
428214,HiPP Combiotic 2 Follow on Milk 6+M,G,false,426,https://ecom-su-static-prod.wtrecom.com/images/products/3/LN_428214_BP_3.jpg,https://www.waitrose.com/ecom/products/hipp-combiotic-2-follow-on-milk-6m/428214-743650-743651,HiPP Combiotic 2 Follow on Milk 6+M,200ml,£1.15,57.5p/100ml,,Organic Shop
821164,Henry Westons Organic Cider,G,true,427,https://ecom-su-static-prod.wtrecom.com/images/products/3/LN_821164_BP_3.jpg,https://www.waitrose.com/ecom/products/henry-westons-organic-cider/821164-722544-722545,Henry Westons Organic Cider,500ml,£2.50,£5/litre,Add 3 for £6,Organic Shop
882260,Clipper Organic Sleep Time Chamomile & Lavender 20 Tea Bags,G,true,428,https://ecom-su-static-prod.wtrecom.com/images/products/3/LN_882260_BP_3.jpg,https://www.waitrose.com/ecom/products/clipper-organic-sleep-time-chamomile-lavender-20-tea-bags/882260-443106-443107,Clipper Organic Sleep Time Chamomile & Lavender 20 Tea Bags,30g,£2.00,£6.67/100g,save 65p. Was £2.65,Organic Shop
842224,Duchy Organic Ground Almonds,G,false,429,https://ecom-su-static-prod.wtrecom.com/images/products/3/LN_842224_BP_3.jpg,https://www.waitrose.com/ecom/products/duchy-organic-ground-almonds/842224-752677-752678,Duchy Organic Ground Almonds,200g,£4.50,£22.50/kg,,Organic Shop
017239,Clearspring Organic Purée Apple & Blueberry,G,false,430,https://ecom-su-static-prod.wtrecom.com/images/products/3/LN_017239_BP_3.jpg,https://www.waitrose.com/ecom/products/clearspring-organic-puree-apple-blueberry/017239-8320-8321,Clearspring Organic Purée Apple & Blueberry,2x100g,£1.80,90p/100g,,Organic Shop
452579,Booja-Booja Gluten Free & Vegan Hazelnut Crunch Truffles,G,false,431,https://ecom-su-static-prod.wtrecom.com/images/products/3/LN_452579_BP_3.jpg,https://www.waitrose.com/ecom/products/booja-booja-gluten-free-vegan-hazelnut-crunch-truffles/452579-728136-728137,Booja-Booja Gluten Free & Vegan Hazelnut Crunch Truffles,92g,£6.50,£7.07/100g,,Organic Shop
632755,Clive's Organic Creamy Mushroom Pie,G,true,432,https://ecom-su-static-prod.wtrecom.com/images/products/3/LN_632755_BP_3.jpg,https://www.waitrose.com/ecom/products/clives-organic-creamy-mushroom-pie/632755-664997-664998,Clive's Organic Creamy Mushroom Pie,235g,£3.08,£1.32/100g,20% Off. Was £3.85,Organic Shop
802146,Yeo Valley Organic Lemon Curd Yogurts,G,true,433,https://ecom-su-static-prod.wtrecom.com/images/products/3/LN_802146_BP_3.jpg,https://www.waitrose.com/ecom/products/yeo-valley-organic-lemon-curd-yogurts/802146-822523-822524,Yeo Valley Organic Lemon Curd Yogurts,4x110g,£2.65,60.2p/100g,Add 2 for £3.50,Organic Shop
839951,Nature's Path Gluten Free Maple Sunrise Cereal Flakes,G,false,434,https://ecom-su-static-prod.wtrecom.com/images/products/3/LN_839951_BP_3.jpg,https://www.waitrose.com/ecom/products/natures-path-gluten-free-maple-sunrise-cereal-flakes/839951-174747-174748,Nature's Path Gluten Free Maple Sunrise Cereal Flakes,332g,£3.65,£1.10/100g,,Organic Shop
615640,Collemassari Rosso Riserva Montecuccuo DOC,W,false,435,https://ecom-su-static-prod.wtrecom.com/images/products/3/LN_615640_BP_3.jpg,https://www.waitrose.com/ecom/products/collemassari-rosso-riserva-montecuccuo-doc/615640-696178-696179,Collemassari Rosso Riserva Montecuccuo DOC,75cl,£15.99,£15.99/75cl,,Organic Shop
039651,Duchy Organic Couscous,G,false,436,https://ecom-su-static-prod.wtrecom.com/images/products/3/LN_039651_BP_3.jpg,https://www.waitrose.com/ecom/products/duchy-organic-couscous/039651-19638-19639,Duchy Organic Couscous,500g,£2.00,£4/kg,,Organic Shop
702487,Terre Di Faiano Organic Nero D'Avola,W,true,437,https://ecom-su-static-prod.wtrecom.com/images/products/3/LN_702487_BP_3.jpg,https://www.waitrose.com/ecom/products/terre-di-faiano-organic-nero-davola/702487-726456-726457,Terre Di Faiano Organic Nero D'Avola,75cl,£8.99,£8.99/75cl,save £2.00. Was £10.99,Organic Shop
544809,Ella's Kitchen Chicken Mash,G,true,438,https://ecom-su-static-prod.wtrecom.com/images/products/3/LN_544809_BP_3.jpg,https://www.waitrose.com/ecom/products/ellas-kitchen-chicken-mash/544809-134541-134542,Ella's Kitchen Chicken Mash,130g,£1.80,£1.39/100g,Add 5 for £7,Organic Shop
528580,Calmel & Joseph Organic Pinot Noir,W,false,439,https://ecom-su-static-prod.wtrecom.com/images/products/3/LN_528580_BP_3.jpg,https://www.waitrose.com/ecom/products/calmel-joseph-organic-pinot-noir/528580-780579-780580,Calmel & Joseph Organic Pinot Noir,75cl,£12.99,£12.99/75cl,,Organic Shop
679775,Duchy Organic Black Peppercorns,G,false,440,https://ecom-su-static-prod.wtrecom.com/images/products/3/LN_679775_BP_3.jpg,https://www.waitrose.com/ecom/products/duchy-organic-black-peppercorns/679775-785030-785031,Duchy Organic Black Peppercorns,40g,£1.95,48.8p/10g,,Organic Shop
052813,Organix Farm Animal Toddler Biscuits,G,false,441,https://ecom-su-static-prod.wtrecom.com/images/products/3/LN_052813_BP_3.jpg,https://www.waitrose.com/ecom/products/organix-farm-animal-toddler-biscuits/052813-26337-26338,Organix Farm Animal Toddler Biscuits,100g,£2.10,£2.10/100g,,Organic Shop
586588,Rebel Kitchen Organic Coconut Water,G,true,442,https://ecom-su-static-prod.wtrecom.com/images/products/3/LN_586588_BP_3.jpg,https://www.waitrose.com/ecom/products/rebel-kitchen-organic-coconut-water/586588-336939-336940,Rebel Kitchen Organic Coconut Water,250ml,£2.40,96p/100ml,"£5 Food to Go Meal Deal: Add 1 Main, 1 Snack and 1 Drink",Organic Shop
503825,Ella's Kitchen The Purple One Squished Fruits,G,true,443,https://ecom-su-static-prod.wtrecom.com/images/products/3/LN_503825_BP_3.jpg,https://www.waitrose.com/ecom/products/ellas-kitchen-the-purple-one-squished-fruits/503825-71156-71157,Ella's Kitchen The Purple One Squished Fruits,5x90g,£4.10,91.1p/100g,Add 2 for £6.50,Organic Shop
554323,Ella's Kitchen Baby Brekkie Blueberry,G,true,444,https://ecom-su-static-prod.wtrecom.com/images/products/3/LN_554323_BP_3.jpg,https://www.waitrose.com/ecom/products/ellas-kitchen-baby-brekkie-blueberry/554323-116157-116158,Ella's Kitchen Baby Brekkie Blueberry,100g,£1.50,£1.50/100g,Add 3 for £3.75,Organic Shop
472674,Waitrose Duchy Organic Blanched Almonds,G,true,445,https://ecom-su-static-prod.wtrecom.com/images/products/3/LN_472674_BP_3.jpg,https://www.waitrose.com/ecom/products/waitrose-duchy-organic-blanched-almonds/472674-790603-790604,Waitrose Duchy Organic Blanched Almonds,100g,£2.00,£2/100g,20% Off. Was £2.50,Organic Shop
051087,Ella's Kitchen Sweet Potatoes Pumpkins Apples + Blueberries,G,false,446,https://ecom-su-static-prod.wtrecom.com/images/products/3/LN_051087_BP_3.jpg,https://www.waitrose.com/ecom/products/ellas-kitchen-sweet-potatoes-pumpkins-apples-blueberries/051087-25403-25404,Ella's Kitchen Sweet Potatoes Pumpkins Apples + Blueberries,120g,£1.35,£1.13/100g,,Organic Shop
709051,Duchy Organic Free Range Dry Cured Smoked Streaky Bacon,G,false,447,https://ecom-su-static-prod.wtrecom.com/images/products/3/LN_709051_BP_3.jpg,https://www.waitrose.com/ecom/products/duchy-organic-free-range-dry-cured-smoked-streaky-bacon/709051-731667-731668,Duchy Organic Free Range Dry Cured Smoked Streaky Bacon,184g,£5.25,£28.54/kg,,Organic Shop
862691,Duchy Organic Oregano,G,false,448,https://ecom-su-static-prod.wtrecom.com/images/products/3/LN_862691_BP_3.jpg,https://www.waitrose.com/ecom/products/duchy-organic-oregano/862691-785246-785247,Duchy Organic Oregano,8g,£1.95,£2.44/10g,,Organic Shop
034475,Opies Organic Capers in Salt Water,G,false,449,https://ecom-su-static-prod.wtrecom.com/images/products/3/LN_034475_BP_3.jpg,https://www.waitrose.com/ecom/products/opies-organic-capers-in-salt-water/034475-17303-17304,Opies Organic Capers in Salt Water,drained 100g,£3.40,£3.40/100g,,Organic Shop
742230,Ombar Vegan Coco Mylk Bar,G,false,450,https://ecom-su-static-prod.wtrecom.com/images/products/3/LN_742230_BP_3.jpg,https://www.waitrose.com/ecom/products/ombar-vegan-coco-mylk-bar/742230-600804-600805,Ombar Vegan Coco Mylk Bar,70g,£3.10,£4.43/100g,,Organic Shop
506587,Rude Health Organic Ultimate Muesli,G,false,451,https://ecom-su-static-prod.wtrecom.com/images/products/3/LN_506587_BP_3.jpg,https://www.waitrose.com/ecom/products/rude-health-organic-ultimate-muesli/506587-741725-741726,Rude Health Organic Ultimate Muesli,400g,£4.20,£1.05/100g,,Organic Shop
428417,Cafédirect Machu Picchu Whole Beans,G,true,452,https://ecom-su-static-prod.wtrecom.com/images/products/3/LN_428417_BP_3.jpg,https://www.waitrose.com/ecom/products/cafedirect-machu-picchu-whole-beans/428417-60287-60288,Cafédirect Machu Picchu Whole Beans,200g,£3.50,£1.75/100g,save £1.45. Was £4.95,Organic Shop
073352,Doves Farm Organic Malthouse Bread Flour,G,true,453,https://ecom-su-static-prod.wtrecom.com/images/products/3/LN_073352_BP_3.jpg,https://www.waitrose.com/ecom/products/doves-farm-organic-malthouse-bread-flour/073352-37222-37223,Doves Farm Organic Malthouse Bread Flour,1kg,£2.20,£2.20/kg,20% Off. Was £2.75,Organic Shop
783695,Clive's Nut Roast,G,false,454,https://ecom-su-static-prod.wtrecom.com/images/products/3/LN_783695_BP_3.jpg,https://www.waitrose.com/ecom/products/clives-nut-roast/783695-665123-665124,Clive's Nut Roast,280g,£5.95,£21.25/kg,,Organic Shop
088111,Duchy Organic Plums,G,false,455,https://ecom-su-static-prod.wtrecom.com/images/products/3/LN_088111_BP_3.jpg,https://www.waitrose.com/ecom/products/duchy-organic-plums/088111-45095-45096,Duchy Organic Plums,350g,£2.59,£7.40/kg,,Organic Shop
450575,White's Organic Jumbo Oats,G,false,456,https://ecom-su-static-prod.wtrecom.com/images/products/3/LN_450575_BP_3.jpg,https://www.waitrose.com/ecom/products/whites-organic-jumbo-oats/450575-759638-759639,White's Organic Jumbo Oats,1kg,£2.95,29.5p/100g,,Organic Shop
459722,Babich Sauvignon Blanc,W,true,457,https://ecom-su-static-prod.wtrecom.com/images/products/3/LN_459722_BP_3.jpg,https://www.waitrose.com/ecom/products/babich-sauvignon-blanc/459722-691442-691443,Babich Sauvignon Blanc,75cl,£11.99,£11.99/75cl,save £3.00. Was £14.99,Organic Shop
096677,Duchy Organic Strong Wholemeal Bread Flour,G,false,458,https://ecom-su-static-prod.wtrecom.com/images/products/3/LN_096677_BP_3.jpg,https://www.waitrose.com/ecom/products/duchy-organic-strong-wholemeal-bread-flour/096677-49440-49441,Duchy Organic Strong Wholemeal Bread Flour,1.5kg,£2.40,£1.60/kg,,Organic Shop
520876,Littleover Apiary Organic Wildflower Honey with Royal Jelly,G,false,459,https://ecom-su-static-prod.wtrecom.com/images/products/3/LN_520876_BP_3.jpg,https://www.waitrose.com/ecom/products/littleover-apiary-organic-wildflower-honey-with-royal-jelly/520876-154539-154540,Littleover Apiary Organic Wildflower Honey with Royal Jelly,340g,£5.00,£1.48/100g,,Organic Shop
712225,Ella's Kitchen The Green One Squished Fruits,G,true,460,https://ecom-su-static-prod.wtrecom.com/images/products/3/LN_712225_BP_3.jpg,https://www.waitrose.com/ecom/products/ellas-kitchen-the-green-one-squished-fruits/712225-101213-101214,Ella's Kitchen The Green One Squished Fruits,5x90g,£4.10,91.1p/100g,Add 2 for £6.50,Organic Shop
375494,Ella's Kitchen Chicken Casserole,G,false,461,https://ecom-su-static-prod.wtrecom.com/images/products/3/LN_375494_BP_3.jpg,https://www.waitrose.com/ecom/products/ellas-kitchen-chicken-casserole/375494-136255-136256,Ella's Kitchen Chicken Casserole,190g,£2.20,£1.16/100g,,Organic Shop
505429,Ella's Kitchen Cheesy Pie,G,true,462,https://ecom-su-static-prod.wtrecom.com/images/products/3/LN_505429_BP_3.jpg,https://www.waitrose.com/ecom/products/ellas-kitchen-cheesy-pie/505429-136327-136328,Ella's Kitchen Cheesy Pie,130g,£1.80,£1.39/100g,Add 5 for £7,Organic Shop
047993,Waitrose Duchy Organic Hazelnuts,G,false,463,https://ecom-su-static-prod.wtrecom.com/images/products/3/LN_047993_BP_3.jpg,https://www.waitrose.com/ecom/products/waitrose-duchy-organic-hazelnuts/047993-23775-23776,Waitrose Duchy Organic Hazelnuts,150g,£3.75,£2.50/100g,,Organic Shop
367802,Ella's Kitchen Mango Baby Brekkie,G,true,464,https://ecom-su-static-prod.wtrecom.com/images/products/3/LN_367802_BP_3.jpg,https://www.waitrose.com/ecom/products/ellas-kitchen-mango-baby-brekkie/367802-51712-51713,Ella's Kitchen Mango Baby Brekkie,100g,£1.50,£1.50/100g,Add 3 for £3.75,Organic Shop
758701,Equinox Kombucha Ginger Organic Fruit Juice Can,G,true,465,https://ecom-su-static-prod.wtrecom.com/images/products/3/LN_758701_BP_3.jpg,https://www.waitrose.com/ecom/products/equinox-kombucha-ginger-organic-fruit-juice-can/758701-719772-719773,Equinox Kombucha Ginger Organic Fruit Juice Can,250ml,£1.90,76p/100ml,"£5 Food to Go Meal Deal: Add 1 Main, 1 Snack and 1 Drink",Organic Shop
798121,Whitstable Bay Organic Ale Kent,G,true,466,https://ecom-su-static-prod.wtrecom.com/images/products/3/LN_798121_BP_3.jpg,https://www.waitrose.com/ecom/products/whitstable-bay-organic-ale-kent/798121-175316-175317,Whitstable Bay Organic Ale Kent,500ml,£2.25,£4.50/litre,Add 4 for £7,Organic Shop
502858,Grumpy Mule Colombia Organic Ground Coffee,G,false,467,https://ecom-su-static-prod.wtrecom.com/images/products/3/LN_502858_BP_3.jpg,https://www.waitrose.com/ecom/products/grumpy-mule-colombia-organic-ground-coffee/502858-71034-71035,Grumpy Mule Colombia Organic Ground Coffee,227g,£5.50,£2.43/100g,,Organic Shop
770801,Pukka Feel New 20 Tea Sachets,G,false,468,https://ecom-su-static-prod.wtrecom.com/images/products/3/LN_770801_BP_3.jpg,https://www.waitrose.com/ecom/products/pukka-feel-new-20-tea-sachets/770801-109649-109650,Pukka Feel New 20 Tea Sachets,40g,£5.00,£12.50/100g,,Organic Shop
505756,Duchy Organic Orange Biscuits in Dark Choc,G,false,469,https://ecom-su-static-prod.wtrecom.com/images/products/3/LN_505756_BP_3.jpg,https://www.waitrose.com/ecom/products/duchy-organic-orange-biscuits-in-dark-choc/505756-71456-71457,Duchy Organic Orange Biscuits in Dark Choc,100g,£3.00,£3/100g,,Organic Shop
075378,Tick Tock Original Rooibos 40 Tea Bags,G,false,470,https://ecom-su-static-prod.wtrecom.com/images/products/3/LN_075378_BP_3.jpg,https://www.waitrose.com/ecom/products/tick-tock-original-rooibos-40-tea-bags/075378-38242-38243,Tick Tock Original Rooibos 40 Tea Bags,90g,£2.65,£2.95/100g,,Organic Shop
816271,Hilltop Everyday Blossom Honey,G,false,471,https://ecom-su-static-prod.wtrecom.com/images/products/3/LN_816271_BP_3.jpg,https://www.waitrose.com/ecom/products/hilltop-everyday-blossom-honey/816271-746401-746402,Hilltop Everyday Blossom Honey,720g,£4.45,61.8p/100g,,Organic Shop
638561,Alberto Nani Organic Prosecco DOC,W,false,472,https://ecom-su-static-prod.wtrecom.com/images/products/3/LN_638561_BP_3.jpg,https://www.waitrose.com/ecom/products/alberto-nani-organic-prosecco-doc/638561-784998-784999,Alberto Nani Organic Prosecco DOC,75cl,£12.99,£12.99/75cl,,Organic Shop
041538,Ella's Kitchen The Yellow One Squished Fruits,G,true,473,https://ecom-su-static-prod.wtrecom.com/images/products/3/LN_041538_BP_3.jpg,https://www.waitrose.com/ecom/products/ellas-kitchen-the-yellow-one-squished-fruits/041538-20574-20575,Ella's Kitchen The Yellow One Squished Fruits,5x90g,£4.10,91.1p/100g,Add 2 for £6.50,Organic Shop
053576,Organix Tomato & Noughts & Crosses,G,false,474,https://ecom-su-static-prod.wtrecom.com/images/products/3/LN_053576_BP_3.jpg,https://www.waitrose.com/ecom/products/organix-tomato-noughts-crosses/053576-26831-26832,Organix Tomato & Noughts & Crosses,4x15g,£2.40,£4/100g,,Organic Shop
430555,Duchy Organic Strong Malted Grain Bread Flour,G,false,475,https://ecom-su-static-prod.wtrecom.com/images/products/3/LN_430555_BP_3.jpg,https://www.waitrose.com/ecom/products/duchy-organic-strong-malted-grain-bread-flour/430555-60573-60574,Duchy Organic Strong Malted Grain Bread Flour,1.5kg,£2.60,£1.74/kg,,Organic Shop
578490,Duchy Organic Mature Sliced Cheddar Cheese Strength 4,G,false,476,https://ecom-su-static-prod.wtrecom.com/images/products/3/LN_578490_BP_3.jpg,https://www.waitrose.com/ecom/products/duchy-organic-mature-sliced-cheddar-cheese-strength-4/578490-756271-756272,Duchy Organic Mature Sliced Cheddar Cheese Strength 4,250g,£3.35,£13.40/kg,,Organic Shop
039136,Doves Farm Organic Buckwheat Flour,G,false,477,https://ecom-su-static-prod.wtrecom.com/images/products/3/LN_039136_BP_3.jpg,https://www.waitrose.com/ecom/products/doves-farm-organic-buckwheat-flour/039136-19419-19420,Doves Farm Organic Buckwheat Flour,1kg,£3.95,£3.95/kg,,Organic Shop
762472,Duchy Organic Arborio Risotto Rice,G,false,478,https://ecom-su-static-prod.wtrecom.com/images/products/3/LN_762472_BP_3.jpg,https://www.waitrose.com/ecom/products/duchy-organic-arborio-risotto-rice/762472-695174-695175,Duchy Organic Arborio Risotto Rice,500g,£3.65,£7.30/kg,,Organic Shop
789398,Ella's Kitchen Spag Bol,G,true,479,https://ecom-su-static-prod.wtrecom.com/images/products/3/LN_789398_BP_3.jpg,https://www.waitrose.com/ecom/products/ellas-kitchen-spag-bol/789398-136479-136480,Ella's Kitchen Spag Bol,130g,£1.80,£1.39/100g,Add 5 for £7,Organic Shop
833829,Waitrose Duchy Organic Pistachios,G,false,480,https://ecom-su-static-prod.wtrecom.com/images/products/3/LN_833829_BP_3.jpg,https://www.waitrose.com/ecom/products/waitrose-duchy-organic-pistachios/833829-755015-755016,Waitrose Duchy Organic Pistachios,150g,£3.50,£2.34/100g,,Organic Shop
873547,Duchy Organic Earl Grey 25 Tea Bags,G,false,481,https://ecom-su-static-prod.wtrecom.com/images/products/3/LN_873547_BP_3.jpg,https://www.waitrose.com/ecom/products/duchy-organic-earl-grey-25-tea-bags/873547-302709-302710,Duchy Organic Earl Grey 25 Tea Bags,62.5g,£2.00,£3.20/100g,,Organic Shop
044000,Duchy Organic Free Range British Pork Loin Steaks,G,false,482,https://ecom-su-static-prod.wtrecom.com/images/products/3/LN_044000_BP_3.jpg,https://www.waitrose.com/ecom/products/duchy-organic-free-range-british-pork-loin-steaks/044000-21685-21686,Duchy Organic Free Range British Pork Loin Steaks,Typical weight 0.4kg,£6.90 each est.,£17.25/kg,,Organic Shop
061210,Organix Cheese & Herb Corn Puffs,G,false,483,https://ecom-su-static-prod.wtrecom.com/images/products/3/LN_061210_BP_3.jpg,https://www.waitrose.com/ecom/products/organix-cheese-herb-corn-puffs/061210-30968-30969,Organix Cheese & Herb Corn Puffs,4x15g,£2.40,£4/100g,,Organic Shop
712545,Waitrose Free From Gluten Lasagne Sheets,G,false,484,https://ecom-su-static-prod.wtrecom.com/images/products/3/LN_712545_BP_3.jpg,https://www.waitrose.com/ecom/products/waitrose-free-from-gluten-lasagne-sheets/712545-174629-174630,Waitrose Free From Gluten Lasagne Sheets,250g,£1.75,£7/kg,,Organic Shop
087345,Duchy Organic Vintage Cider,G,true,485,https://ecom-su-static-prod.wtrecom.com/images/products/3/LN_087345_BP_3.jpg,https://www.waitrose.com/ecom/products/duchy-organic-vintage-cider/087345-44628-44629,Duchy Organic Vintage Cider,500ml,£2.50,£5/litre,Add 2 for £3.50,Organic Shop
491892,Green & Black's Organic Classic Collection Chocolate Box,G,false,486,https://ecom-su-static-prod.wtrecom.com/images/products/3/LN_491892_BP_3.jpg,https://www.waitrose.com/ecom/products/green-blacks-organic-classic-collection-chocolate-box/491892-69507-69508,Green & Black's Organic Classic Collection Chocolate Box,180g,£6.85,£3.81/100g,,Organic Shop
712929,Grumpy Mule Organic FT Peru Ground Coffee 227g,G,false,487,https://ecom-su-static-prod.wtrecom.com/images/products/3/LN_712929_BP_3.jpg,https://www.waitrose.com/ecom/products/grumpy-mule-organic-ft-peru-ground-coffee-227g/712929-492105-492106,Grumpy Mule Organic FT Peru Ground Coffee 227g,227g,£5.50,£2.43/100g,,Organic Shop
421173,Weleda Calendula Shampoo & Body Wash,G,false,488,https://ecom-su-static-prod.wtrecom.com/images/products/3/LN_421173_BP_3.jpg,https://www.waitrose.com/ecom/products/weleda-calendula-shampoo-body-wash/421173-59252-59253,Weleda Calendula Shampoo & Body Wash,200ml,£7.60,£3.80/100ml,,Organic Shop
696078,Duchy Organic Fairtrade Turmeric,G,false,489,https://ecom-su-static-prod.wtrecom.com/images/products/3/LN_696078_BP_3.jpg,https://www.waitrose.com/ecom/products/duchy-organic-fairtrade-turmeric/696078-785048-785049,Duchy Organic Fairtrade Turmeric,38g,£1.95,51.3p/10g,,Organic Shop
598571,Ella's Kitchen Veggie Lasagne,G,true,490,https://ecom-su-static-prod.wtrecom.com/images/products/3/LN_598571_BP_3.jpg,https://www.waitrose.com/ecom/products/ellas-kitchen-veggie-lasagne/598571-454070-454071,Ella's Kitchen Veggie Lasagne,130g,£1.80,£1.39/100g,Add 5 for £7,Organic Shop
369557,Grumpy Mule Sumatra Organic Ground Coffee,G,false,491,https://ecom-su-static-prod.wtrecom.com/images/products/3/LN_369557_BP_3.jpg,https://www.waitrose.com/ecom/products/grumpy-mule-sumatra-organic-ground-coffee/369557-51946-51947,Grumpy Mule Sumatra Organic Ground Coffee,227g,£5.50,£2.43/100g,,Organic Shop
441992,Clipper Organic Fairtrade White Tea Bags 40s,G,true,492,https://ecom-su-static-prod.wtrecom.com/images/products/3/LN_441992_BP_3.jpg,https://www.waitrose.com/ecom/products/clipper-organic-fairtrade-white-tea-bags-40s/441992-741679-741680,Clipper Organic Fairtrade White Tea Bags 40s,70g,£2.00,£2.86/100g,save £1.10. Was £3.10,Organic Shop
421861,Ella's Kitchen Chilli con Carne,G,true,493,https://ecom-su-static-prod.wtrecom.com/images/products/3/LN_421861_BP_3.jpg,https://www.waitrose.com/ecom/products/ellas-kitchen-chilli-con-carne/421861-655223-655224,Ella's Kitchen Chilli con Carne,130g,£1.80,£1.39/100g,Add 5 for £7,Organic Shop
870382,Waitrose Duchy Organic Blanched Peanuts,G,false,494,https://ecom-su-static-prod.wtrecom.com/images/products/3/LN_870382_BP_3.jpg,https://www.waitrose.com/ecom/products/waitrose-duchy-organic-blanched-peanuts/870382-755227-755228,Waitrose Duchy Organic Blanched Peanuts,250g,£2.75,£1.10/100g,,Organic Shop
789524,Ella's Kitchen Sweet Potatoes Broccoli + Carrots,G,false,495,https://ecom-su-static-prod.wtrecom.com/images/products/3/LN_789524_BP_3.jpg,https://www.waitrose.com/ecom/products/ellas-kitchen-sweet-potatoes-broccoli-carrots/789524-116903-116904,Ella's Kitchen Sweet Potatoes Broccoli + Carrots,120g,£1.35,£1.13/100g,,Organic Shop
085524,Duchy Organic Pointed Spring Cabbage,G,false,496,https://ecom-su-static-prod.wtrecom.com/images/products/3/LN_085524_BP_3.jpg,https://www.waitrose.com/ecom/products/duchy-organic-pointed-spring-cabbage/085524-43608-43609,Duchy Organic Pointed Spring Cabbage,Each,£1.45,£1.45 each,,Organic Shop
612805,Little Soap Co. Pure Rose Geranium Soap Bar,G,false,497,https://ecom-su-static-prod.wtrecom.com/images/products/3/LN_612805_BP_3.jpg,https://www.waitrose.com/ecom/products/little-soap-co-pure-rose-geranium-soap-bar/612805-454152-454153,Little Soap Co. Pure Rose Geranium Soap Bar,110g,£4.00,£3.64/100g,,Organic Shop
072158,Neal's Yard Geranium & Orange Shower Gel,G,false,498,https://ecom-su-static-prod.wtrecom.com/images/products/3/LN_072158_BP_3.jpg,https://www.waitrose.com/ecom/products/neals-yard-geranium-orange-shower-gel/072158-36629-36630,Neal's Yard Geranium & Orange Shower Gel,200ml,£15.00,£7.50/100ml,,Organic Shop
513630,Waitrose Duchy Organic Dried Pitted Dates,G,false,499,https://ecom-su-static-prod.wtrecom.com/images/products/3/LN_513630_BP_3.jpg,https://www.waitrose.com/ecom/products/waitrose-duchy-organic-dried-pitted-dates/513630-752619-752620,Waitrose Duchy Organic Dried Pitted Dates,250g,£3.50,£1.40/100g,,Organic Shop
634020,Little Soap Co. Pure Rose Geranium Handsoap,G,false,500,https://ecom-su-static-prod.wtrecom.com/images/products/3/LN_634020_BP_3.jpg,https://www.waitrose.com/ecom/products/little-soap-co-pure-rose-geranium-handsoap/634020-454288-454289,Little Soap Co. Pure Rose Geranium Handsoap,250ml,£6.00,£2.40/100ml,,Organic Shop
526379,Dragonfly Tea Moonlight Jasmine 20 Tea Bags,G,true,501,https://ecom-su-static-prod.wtrecom.com/images/products/3/LN_526379_BP_3.jpg,https://www.waitrose.com/ecom/products/dragonfly-tea-moonlight-jasmine-20-tea-bags/526379-74409-74410,Dragonfly Tea Moonlight Jasmine 20 Tea Bags,40g,£2.30,£5.75/100g,20% Off. Was £2.90,Organic Shop
775245,Booja-Booja The Signature Collection,G,false,502,https://ecom-su-static-prod.wtrecom.com/images/products/3/LN_775245_BP_3.jpg,https://www.waitrose.com/ecom/products/booja-booja-the-signature-collection/775245-791197-791198,Booja-Booja The Signature Collection,184g,£12.95,£7.04/100g,,Organic Shop
504100,Altano Organic Douro,W,true,503,https://ecom-su-static-prod.wtrecom.com/images/products/3/LN_504100_BP_3.jpg,https://www.waitrose.com/ecom/products/altano-organic-douro/504100-141146-141147,Altano Organic Douro,75cl,£9.99,£9.99/75cl,save £3.00. Was £12.99,Organic Shop
521393,Freee Organic Gluten Free Porridge Oats,G,false,504,https://ecom-su-static-prod.wtrecom.com/images/products/3/LN_521393_BP_3.jpg,https://www.waitrose.com/ecom/products/freee-organic-gluten-free-porridge-oats/521393-721999-722000,Freee Organic Gluten Free Porridge Oats,430g,£3.00,69.8p/100g,,Organic Shop
031601,Dr. Karg Classic 3-Seed Organic Crispbread,G,false,505,https://ecom-su-static-prod.wtrecom.com/images/products/3/LN_031601_BP_3.jpg,https://www.waitrose.com/ecom/products/dr-karg-classic-3-seed-organic-crispbread/031601-15393-15394,Dr. Karg Classic 3-Seed Organic Crispbread,200g,£2.75,£1.38/100g,,Organic Shop
734714,Henry Westons Organic Still Cider,G,false,506,https://ecom-su-static-prod.wtrecom.com/images/products/3/LN_734714_BP_3.jpg,https://www.waitrose.com/ecom/products/henry-westons-organic-still-cider/734714-776800-776801,Henry Westons Organic Still Cider,3L,£9.45,£3.15/litre,,Organic Shop
578171,Clipper Organic Fairtrade Green & Lemon Tea Bags 80s,G,false,507,https://ecom-su-static-prod.wtrecom.com/images/products/3/LN_578171_BP_3.jpg,https://www.waitrose.com/ecom/products/clipper-organic-fairtrade-green-lemon-tea-bags-80s/578171-600670-600671,Clipper Organic Fairtrade Green & Lemon Tea Bags 80s,160g,£4.49,£2.81/100g,,Organic Shop
085537,Duchy Organic Cauliflower,G,false,508,https://ecom-su-static-prod.wtrecom.com/images/products/3/LN_085537_BP_3.jpg,https://www.waitrose.com/ecom/products/duchy-organic-cauliflower/085537-43626-43627,Duchy Organic Cauliflower,Each,£2.30,£2.30 each,,Organic Shop
829505,Ella's Kitchen Beef Stew with Spuds,G,false,509,https://ecom-su-static-prod.wtrecom.com/images/products/3/LN_829505_BP_3.jpg,https://www.waitrose.com/ecom/products/ellas-kitchen-beef-stew-with-spuds/829505-229479-229480,Ella's Kitchen Beef Stew with Spuds,190g,£2.20,£1.16/100g,,Organic Shop
430339,Little Soap Co. Pure Lavender Soap Bar,G,false,510,https://ecom-su-static-prod.wtrecom.com/images/products/3/LN_430339_BP_3.jpg,https://www.waitrose.com/ecom/products/little-soap-co-pure-lavender-soap-bar/430339-453135-453136,Little Soap Co. Pure Lavender Soap Bar,110g,£4.00,£3.64/100g,,Organic Shop
797600,Duchy Organic Chilli Flakes,G,false,511,https://ecom-su-static-prod.wtrecom.com/images/products/3/LN_797600_BP_3.jpg,https://www.waitrose.com/ecom/products/duchy-organic-chilli-flakes/797600-785134-785135,Duchy Organic Chilli Flakes,32g,£1.95,60.9p/10g,,Organic Shop
558844,Ella's Kitchen Spag Bol,G,false,512,https://ecom-su-static-prod.wtrecom.com/images/products/3/LN_558844_BP_3.jpg,https://www.waitrose.com/ecom/products/ellas-kitchen-spag-bol/558844-136375-136376,Ella's Kitchen Spag Bol,190g,£2.20,£1.16/100g,,Organic Shop
720061,Duchy Organic Beetroot Relish,G,false,513,https://ecom-su-static-prod.wtrecom.com/images/products/3/LN_720061_BP_3.jpg,https://www.waitrose.com/ecom/products/duchy-organic-beetroot-relish/720061-102339-102340,Duchy Organic Beetroot Relish,310g,£3.95,£1.28/100g,,Organic Shop
058838,Duchy Organic Whole Grain Rice,G,false,514,https://ecom-su-static-prod.wtrecom.com/images/products/3/LN_058838_BP_3.jpg,https://www.waitrose.com/ecom/products/duchy-organic-whole-grain-rice/058838-29608-29609,Duchy Organic Whole Grain Rice,1kg,£4.40,£4.40/kg,,Organic Shop
409207,Duchy Organic Paprika,G,false,515,https://ecom-su-static-prod.wtrecom.com/images/products/3/LN_409207_BP_3.jpg,https://www.waitrose.com/ecom/products/duchy-organic-paprika/409207-784778-784779,Duchy Organic Paprika,45g,£1.95,43.3p/10g,,Organic Shop
841495,Duchy Organic Black Beans in Water,G,false,516,https://ecom-su-static-prod.wtrecom.com/images/products/3/LN_841495_BP_3.jpg,https://www.waitrose.com/ecom/products/duchy-organic-black-beans-in-water/841495-747696-747697,Duchy Organic Black Beans in Water,drained 255g,£1.15,£4.51/kg,,Organic Shop
011988,Dragonfly Tea Swirling Mist 20 Tea Bags,G,true,517,https://ecom-su-static-prod.wtrecom.com/images/products/3/LN_011988_BP_3.jpg,https://www.waitrose.com/ecom/products/dragonfly-tea-swirling-mist-20-tea-bags/011988-5926-5927,Dragonfly Tea Swirling Mist 20 Tea Bags,36g,£2.30,£6.39/100g,20% Off. Was £2.90,Organic Shop
585060,Grifone d'Oro Soave Classico,W,true,518,https://ecom-su-static-prod.wtrecom.com/images/products/3/LN_585060_BP_3.jpg,https://www.waitrose.com/ecom/products/grifone-doro-soave-classico/585060-804458-804459,Grifone d'Oro Soave Classico,75cl,£7.99,£7.99/75cl,save £1.00. Was £8.99,Organic Shop
082611,Clearspring Organic Miso Soup with Sea Vegetables,G,false,519,https://ecom-su-static-prod.wtrecom.com/images/products/3/LN_082611_BP_3.jpg,https://www.waitrose.com/ecom/products/clearspring-organic-miso-soup-with-sea-vegetables/082611-42023-42024,Clearspring Organic Miso Soup with Sea Vegetables,4x10g,£3.45,£8.63/100g,,Organic Shop
898108,Neal's Yard Aromatic Body Butter,G,false,520,https://ecom-su-static-prod.wtrecom.com/images/products/3/LN_898108_BP_3.jpg,https://www.waitrose.com/ecom/products/neals-yard-aromatic-body-butter/898108-376483-376484,Neal's Yard Aromatic Body Butter,200g,£28.00,£14/100g,,Organic Shop
889683,Godminster Vintage British Cheddar Heart Cheese,G,false,521,https://ecom-su-static-prod.wtrecom.com/images/products/3/LN_889683_BP_3.jpg,https://www.waitrose.com/ecom/products/godminster-vintage-british-cheddar-heart-cheese/889683-260130-260131,Godminster Vintage British Cheddar Heart Cheese,200g,£5.50,£27.50/kg,,Organic Shop
889100,AOrganic Rosemary Shampoo,G,false,522,https://ecom-su-static-prod.wtrecom.com/images/products/3/LN_889100_BP_3.jpg,https://www.waitrose.com/ecom/products/aorganic-rosemary-shampoo/889100-330444-330445,AOrganic Rosemary Shampoo,325ml,£9.95,£3.07/100ml,,Organic Shop
884448,Bonterra Collection Organic Chard,W,false,523,https://ecom-su-static-prod.wtrecom.com/images/products/3/LN_884448_BP_3.jpg,https://www.waitrose.com/ecom/products/bonterra-collection-organic-chard/884448-745659-745660,Bonterra Collection Organic Chard,75cl,£12.99,£12.99/75cl,,Organic Shop
882964,Duchy Organic British Rack Of Lamb,G,false,524,https://ecom-su-static-prod.wtrecom.com/images/products/3/LN_882964_BP_3.jpg,https://www.waitrose.com/ecom/products/duchy-organic-british-rack-of-lamb/882964-581686-581687,Duchy Organic British Rack Of Lamb,Typical weight 0.45kg,£18.90 each est.,£42.00/kg,,Organic Shop
869803,Clearspring White Miso Soup Paste Organic,G,true,525,https://ecom-su-static-prod.wtrecom.com/images/products/3/LN_869803_BP_3.jpg,https://www.waitrose.com/ecom/products/clearspring-white-miso-soup-paste-organic/869803-261034-261035,Clearspring White Miso Soup Paste Organic,4x15g,£2.20,£3.67/100g,Reduced to Clear. Was £2.90,Organic Shop
860245,Duchy Organic Redcurrant Jelly,G,false,526,https://ecom-su-static-prod.wtrecom.com/images/products/3/LN_860245_BP_3.jpg,https://www.waitrose.com/ecom/products/duchy-organic-redcurrant-jelly/860245-747626-747627,Duchy Organic Redcurrant Jelly,220g,£3.70,£1.69/100g,,Organic Shop
858188,Neal's Yard Bee Lovely Hand Cream,G,false,527,https://ecom-su-static-prod.wtrecom.com/images/products/3/LN_858188_BP_3.jpg,https://www.waitrose.com/ecom/products/neals-yard-bee-lovely-hand-cream/858188-299805-299806,Neal's Yard Bee Lovely Hand Cream,50ml,£13.00,£26/100ml,,Organic Shop
854900,Meridian Organic Peanut Butter Smooth,G,true,528,https://ecom-su-static-prod.wtrecom.com/images/products/3/LN_854900_BP_3.jpg,https://www.waitrose.com/ecom/products/meridian-organic-peanut-butter-smooth/854900-801264-801265,Meridian Organic Peanut Butter Smooth,1Kg,£6.50,65p/100g,save £1.40. Was £7.90,Organic Shop
851501,Ombar Vegan Centres Hazelnut Truffle Bar,G,false,529,https://ecom-su-static-prod.wtrecom.com/images/products/3/LN_851501_BP_3.jpg,https://www.waitrose.com/ecom/products/ombar-vegan-centres-hazelnut-truffle-bar/851501-744081-744082,Ombar Vegan Centres Hazelnut Truffle Bar,70g,£3.10,£4.43/100g,,Organic Shop
849752,Kallo Organic Chicken Stock Pot,G,false,530,https://ecom-su-static-prod.wtrecom.com/images/products/3/LN_849752_BP_3.jpg,https://www.waitrose.com/ecom/products/kallo-organic-chicken-stock-pot/849752-824934-824935,Kallo Organic Chicken Stock Pot,4x24g,£2.50,£2.61/100g,,Organic Shop
843758,Twinings Organic English Breakfast Tea Bags 80,G,false,531,https://ecom-su-static-prod.wtrecom.com/images/products/3/LN_843758_BP_3.jpg,https://www.waitrose.com/ecom/products/twinings-organic-english-breakfast-tea-bags-80/843758-182005-182006,Twinings Organic English Breakfast Tea Bags 80,200g,£6.00,£3/100g,,Organic Shop
843005,Forza Della Natura Orange Catarratto,W,false,532,https://ecom-su-static-prod.wtrecom.com/images/products/3/LN_843005_BP_3.jpg,https://www.waitrose.com/ecom/products/forza-della-natura-orange-catarratto/843005-780877-780878,Forza Della Natura Orange Catarratto,75cl,£9.99,£9.99/75cl,,Organic Shop
841032,Duchy Organic Ground Coriander,G,false,533,https://ecom-su-static-prod.wtrecom.com/images/products/3/LN_841032_BP_3.jpg,https://www.waitrose.com/ecom/products/duchy-organic-ground-coriander/841032-785204-785205,Duchy Organic Ground Coriander,40g,£1.95,48.8p/10g,,Organic Shop
840829,Ella's Kitchen Peaches Pears & Rice,G,false,534,https://ecom-su-static-prod.wtrecom.com/images/products/3/LN_840829_BP_3.jpg,https://www.waitrose.com/ecom/products/ellas-kitchen-peaches-pears-rice/840829-166813-166814,Ella's Kitchen Peaches Pears & Rice,120g,£1.35,£1.13/100g,,Organic Shop
839560,Oxney Organic Estate NV Brut Rose,W,false,535,https://ecom-su-static-prod.wtrecom.com/images/products/3/LN_839560_BP_3.jpg,https://www.waitrose.com/ecom/products/oxney-organic-estate-nv-brut-rose/839560-730434-730435,Oxney Organic Estate NV Brut Rose,75cl,£27.99,£27.99/75cl,,Organic Shop
830715,Duchy Organic Ground Ginger,G,false,536,https://ecom-su-static-prod.wtrecom.com/images/products/3/LN_830715_BP_3.jpg,https://www.waitrose.com/ecom/products/duchy-organic-ground-ginger/830715-785188-785189,Duchy Organic Ground Ginger,32g,£1.95,60.9p/10g,,Organic Shop
817879,Clive's Organic Red Pepper Harissa Quiche,G,false,537,https://ecom-su-static-prod.wtrecom.com/images/products/3/LN_817879_BP_3.jpg,https://www.waitrose.com/ecom/products/clives-organic-red-pepper-harissa-quiche/817879-788411-788412,Clive's Organic Red Pepper Harissa Quiche,380g,£4.70,£1.24/100g,,Organic Shop
815102,HiPP Scrumptions Lasagne,G,false,538,https://ecom-su-static-prod.wtrecom.com/images/products/3/LN_815102_BP_3.jpg,https://www.waitrose.com/ecom/products/hipp-scrumptions-lasagne/815102-721562-721563,HiPP Scrumptions Lasagne,230g,£2.20,95.7p/100g,,Organic Shop
813335,Kallo Organic Vegetable Stock Pot,G,false,539,https://ecom-su-static-prod.wtrecom.com/images/products/3/LN_813335_BP_3.jpg,https://www.waitrose.com/ecom/products/kallo-organic-vegetable-stock-pot/813335-824906-824907,Kallo Organic Vegetable Stock Pot,4x24g,£2.50,£2.61/100g,,Organic Shop
812139,Le Sabbie dell'Etna Rosso,W,true,540,https://ecom-su-static-prod.wtrecom.com/images/products/3/LN_812139_BP_3.jpg,https://www.waitrose.com/ecom/products/le-sabbie-delletna-rosso/812139-665676-665677,Le Sabbie dell'Etna Rosso,75cl,£12.49,£12.49/75cl,save £2.50. Was £14.99,Organic Shop
808080,Lily's Kitchen Organic Dinner for Puppies Wet Food,G,false,541,https://ecom-su-static-prod.wtrecom.com/images/products/3/LN_808080_BP_3.jpg,https://www.waitrose.com/ecom/products/lilys-kitchen-organic-dinner-for-puppies-wet-food/808080-216088-216089,Lily's Kitchen Organic Dinner for Puppies Wet Food,150g,£1.80,£12/kg,,Organic Shop
805657,Brew Tea Co English Breakfast Loose Leaf,G,false,542,https://ecom-su-static-prod.wtrecom.com/images/products/3/LN_805657_BP_3.jpg,https://www.waitrose.com/ecom/products/brew-tea-co-english-breakfast-loose-leaf/805657-381436-381437,Brew Tea Co English Breakfast Loose Leaf,113g,£6.00,£5.31/100g,,Organic Shop
805636,Clearspring Organic Matcha Sencha 20 Tea Bags,G,false,543,https://ecom-su-static-prod.wtrecom.com/images/products/3/LN_805636_BP_3.jpg,https://www.waitrose.com/ecom/products/clearspring-organic-matcha-sencha-20-tea-bags/805636-336316-336317,Clearspring Organic Matcha Sencha 20 Tea Bags,36g,£4.15,£11.53/100g,,Organic Shop
800782,Famille Brocard Organic Chablis,W,false,544,https://ecom-su-static-prod.wtrecom.com/images/products/3/LN_800782_BP_3.jpg,https://www.waitrose.com/ecom/products/famille-brocard-organic-chablis/800782-772143-772144,Famille Brocard Organic Chablis,75cl,£19.99,£19.99/75cl,,Organic Shop
797729,Neal's Yard Organic Lavender Conditioner,G,false,545,https://ecom-su-static-prod.wtrecom.com/images/products/3/LN_797729_BP_3.jpg,https://www.waitrose.com/ecom/products/neals-yard-organic-lavender-conditioner/797729-113504-113505,Neal's Yard Organic Lavender Conditioner,200ml,£11.50,£5.75/100ml,,Organic Shop
782949,Le Manoir Sancerre,W,false,546,https://ecom-su-static-prod.wtrecom.com/images/products/3/LN_782949_BP_3.jpg,https://www.waitrose.com/ecom/products/le-manoir-sancerre/782949-408862-408863,Le Manoir Sancerre,75cl,£25.99,£25.99/75cl,,Organic Shop
777375,Château La Croix Taillefer Organic Pomerol,W,false,547,https://ecom-su-static-prod.wtrecom.com/images/products/3/LN_777375_BP_3.jpg,https://www.waitrose.com/ecom/products/chateau-la-croix-taillefer-organic-pomerol/777375-110568-110569,Château La Croix Taillefer Organic Pomerol,75cl,£30.99,£30.99/75cl,,Organic Shop
762654,Neal's Yard Frankincense Nourishing Cream,G,true,548,https://ecom-su-static-prod.wtrecom.com/images/products/3/LN_762654_BP_3.jpg,https://www.waitrose.com/ecom/products/neals-yard-frankincense-nourishing-cream/762654-136170-136171,Neal's Yard Frankincense Nourishing Cream,50g,£33.00,£66/100g,Buyers Choice,Organic Shop
754319,Ella's Kitchen Tomato-y Pasta,G,false,549,https://ecom-su-static-prod.wtrecom.com/images/products/3/LN_754319_BP_3.jpg,https://www.waitrose.com/ecom/products/ellas-kitchen-tomato-y-pasta/754319-116769-116770,Ella's Kitchen Tomato-y Pasta,190g,£2.20,£1.16/100g,,Organic Shop
752991,Neal's Yard Geranium & Orange Hand Wash,G,false,550,https://ecom-su-static-prod.wtrecom.com/images/products/3/LN_752991_BP_3.jpg,https://www.waitrose.com/ecom/products/neals-yard-geranium-orange-hand-wash/752991-107066-107067,Neal's Yard Geranium & Orange Hand Wash,200ml,£15.00,£7.50/100ml,,Organic Shop
748330,Naturya Organic Cacao Nibs,G,false,551,https://ecom-su-static-prod.wtrecom.com/images/products/3/LN_748330_BP_3.jpg,https://www.waitrose.com/ecom/products/naturya-organic-cacao-nibs/748330-492125-492126,Naturya Organic Cacao Nibs,125g,£4.20,£3.36/100g,,Organic Shop
743213,Neal's Yard Bee Lovely Bath And Shower,G,false,552,https://ecom-su-static-prod.wtrecom.com/images/products/3/LN_743213_BP_3.jpg,https://www.waitrose.com/ecom/products/neals-yard-bee-lovely-bath-and-shower/743213-393189-393190,Neal's Yard Bee Lovely Bath And Shower,295ml,£15.00,£5.09/100ml,,Organic Shop
737450,Clearspring Organic Sencha 20 Tea Bags,G,false,553,https://ecom-su-static-prod.wtrecom.com/images/products/3/LN_737450_BP_3.jpg,https://www.waitrose.com/ecom/products/clearspring-organic-sencha-20-tea-bags/737450-336246-336247,Clearspring Organic Sencha 20 Tea Bags,36g,£4.10,£11.39/100g,,Organic Shop
736313,Farm Hand Organic Merlot,W,false,554,https://ecom-su-static-prod.wtrecom.com/images/products/3/LN_736313_BP_3.jpg,https://www.waitrose.com/ecom/products/farm-hand-organic-merlot/736313-783684-783685,Farm Hand Organic Merlot,75cl,£9.99,£9.99/75cl,,Organic Shop
732551,Neal's Yard Garden Mint Hand Wash,G,false,555,https://ecom-su-static-prod.wtrecom.com/images/products/3/LN_732551_BP_3.jpg,https://www.waitrose.com/ecom/products/neals-yard-garden-mint-hand-wash/732551-104083-104084,Neal's Yard Garden Mint Hand Wash,200ml,£15.00,£7.50/100ml,,Organic Shop
709994,Freee Organic Gluten Free Fibre Flakes,G,false,556,https://ecom-su-static-prod.wtrecom.com/images/products/3/LN_709994_BP_3.jpg,https://www.waitrose.com/ecom/products/freee-organic-gluten-free-fibre-flakes/709994-722315-722316,Freee Organic Gluten Free Fibre Flakes,375g,£3.70,98.7p/100g,,Organic Shop
697314,Pukka Womankind 20 Tea Sachets,G,false,557,https://ecom-su-static-prod.wtrecom.com/images/products/3/LN_697314_BP_3.jpg,https://www.waitrose.com/ecom/products/pukka-womankind-20-tea-sachets/697314-381324-381325,Pukka Womankind 20 Tea Sachets,30g,£5.00,£16.67/100g,,Organic Shop
695301,Ombar Vegan Centres Coconut & Vanilla Bar,G,false,558,https://ecom-su-static-prod.wtrecom.com/images/products/3/LN_695301_BP_3.jpg,https://www.waitrose.com/ecom/products/ombar-vegan-centres-coconut-vanilla-bar/695301-678253-678254,Ombar Vegan Centres Coconut & Vanilla Bar,70g,£3.10,£4.43/100g,,Organic Shop
695202,Neal's Yard Frankincense Face Wash,G,false,559,https://ecom-su-static-prod.wtrecom.com/images/products/3/LN_695202_BP_3.jpg,https://www.waitrose.com/ecom/products/neals-yard-frankincense-face-wash/695202-136100-136101,Neal's Yard Frankincense Face Wash,100ml,£19.00,£19/100ml,,Organic Shop
692580,Gérard Bertrand Naturae Organic Merlot,W,false,560,https://ecom-su-static-prod.wtrecom.com/images/products/3/LN_692580_BP_3.jpg,https://www.waitrose.com/ecom/products/gerard-bertrand-naturae-organic-merlot/692580-771933-771934,Gérard Bertrand Naturae Organic Merlot,75cl,£11.99,£11.99/75cl,,Organic Shop
688386,Little Soap Co. Pure English Lavender Handsoap,G,false,561,https://ecom-su-static-prod.wtrecom.com/images/products/3/LN_688386_BP_3.jpg,https://www.waitrose.com/ecom/products/little-soap-co-pure-english-lavender-handsoap/688386-454583-454584,Little Soap Co. Pure English Lavender Handsoap,250ml,£6.00,£2.40/100ml,,Organic Shop
687105,Ella's Kitchen Red Peppers & Apples,G,false,562,https://ecom-su-static-prod.wtrecom.com/images/products/3/LN_687105_BP_3.jpg,https://www.waitrose.com/ecom/products/ellas-kitchen-red-peppers-apples/687105-268176-268177,Ella's Kitchen Red Peppers & Apples,120g,£1.35,£1.13/100g,,Organic Shop
685158,Burt's Bees Beeswax Lip Balm,G,true,563,https://ecom-su-static-prod.wtrecom.com/images/products/3/LN_685158_BP_3.jpg,https://www.waitrose.com/ecom/products/burts-bees-beeswax-lip-balm/685158-667135-667136,Burt's Bees Beeswax Lip Balm,4.25g,£5.00,£117.65/100g,Buyers Choice,Organic Shop
684758,Duchy Organic Mustard with Honey,G,false,564,https://ecom-su-static-prod.wtrecom.com/images/products/3/LN_684758_BP_3.jpg,https://www.waitrose.com/ecom/products/duchy-organic-mustard-with-honey/684758-97264-97265,Duchy Organic Mustard with Honey,170g,£3.00,£1.77/100g,,Organic Shop
672335,Gaia Organic Malbec,W,true,565,https://ecom-su-static-prod.wtrecom.com/images/products/3/LN_672335_BP_3.jpg,https://www.waitrose.com/ecom/products/gaia-organic-malbec/672335-768373-768374,Gaia Organic Malbec,75cl,£12.99,£12.99/75cl,save £4.00. Was £16.99,Organic Shop
670241,Duchy Organic Tomato Chutney,G,false,566,https://ecom-su-static-prod.wtrecom.com/images/products/3/LN_670241_BP_3.jpg,https://www.waitrose.com/ecom/products/duchy-organic-tomato-chutney/670241-95149-95150,Duchy Organic Tomato Chutney,300g,£4.00,£1.34/100g,,Organic Shop
661670,Farm Hand Organic Chardonnay,W,false,567,https://ecom-su-static-prod.wtrecom.com/images/products/3/LN_661670_BP_3.jpg,https://www.waitrose.com/ecom/products/farm-hand-organic-chardonnay/661670-783674-783675,Farm Hand Organic Chardonnay,75cl,£10.49,£10.49/75cl,,Organic Shop
661590,Villa Cafaggio Chianti Classico,W,false,568,https://ecom-su-static-prod.wtrecom.com/images/products/3/LN_661590_BP_3.jpg,https://www.waitrose.com/ecom/products/villa-cafaggio-chianti-classico/661590-249251-249252,Villa Cafaggio Chianti Classico,1.5L,£32.99,£16.50/75cl,,Organic Shop
660182,Tick Tock Organic Green Rooibos Tea 40 Bags,G,false,569,https://ecom-su-static-prod.wtrecom.com/images/products/3/LN_660182_BP_3.jpg,https://www.waitrose.com/ecom/products/tick-tock-organic-green-rooibos-tea-40-bags/660182-93768-93769,Tick Tock Organic Green Rooibos Tea 40 Bags,72g,£2.50,£3.48/100g,,Organic Shop
658766,Naturya Organic Spirulina Powder,G,true,570,https://ecom-su-static-prod.wtrecom.com/images/products/3/LN_658766_BP_3.jpg,https://www.waitrose.com/ecom/products/naturya-organic-spirulina-powder/658766-492069-492070,Naturya Organic Spirulina Powder,100g,£4.50,£45/kg,25% Off. Was £6.00,Organic Shop
655601,Duchy Organic Afternoon Blend 25 Tea Bags,G,false,571,https://ecom-su-static-prod.wtrecom.com/images/products/3/LN_655601_BP_3.jpg,https://www.waitrose.com/ecom/products/duchy-organic-afternoon-blend-25-tea-bags/655601-301167-301168,Duchy Organic Afternoon Blend 25 Tea Bags,62.5g,£2.00,£3.20/100g,,Organic Shop
655089,Hilltop Everyday Blossom Honey,G,false,572,https://ecom-su-static-prod.wtrecom.com/images/products/3/LN_655089_BP_3.jpg,https://www.waitrose.com/ecom/products/hilltop-everyday-blossom-honey/655089-746383-746384,Hilltop Everyday Blossom Honey,340g,£2.75,80.9p/100g,,Organic Shop
654608,Reyneke Organic Chenin Blanc,W,false,573,https://ecom-su-static-prod.wtrecom.com/images/products/3/LN_654608_BP_3.jpg,https://www.waitrose.com/ecom/products/reyneke-organic-chenin-blanc/654608-691732-691733,Reyneke Organic Chenin Blanc,75cl,£10.99,£10.99/75cl,,Organic Shop
653577,Duchy Organic Oaten Biscuit Savoury Selection,G,false,574,https://ecom-su-static-prod.wtrecom.com/images/products/3/LN_653577_BP_3.jpg,https://www.waitrose.com/ecom/products/duchy-organic-oaten-biscuit-savoury-selection/653577-754284-754284,Duchy Organic Oaten Biscuit Savoury Selection,300g,£9.00,£3/100g,,Organic Shop
653535,Duchy Organic British Lamb Leg Shanks,G,false,575,https://ecom-su-static-prod.wtrecom.com/images/products/3/LN_653535_BP_3.jpg,https://www.waitrose.com/ecom/products/duchy-organic-british-lamb-leg-shanks/653535-92781-92782,Duchy Organic British Lamb Leg Shanks,Typical weight 0.78kg,£12.52 each est.,£16.00/kg,,Organic Shop
651544,Ella's Kitchen Caribbean Chicken,G,false,576,https://ecom-su-static-prod.wtrecom.com/images/products/3/LN_651544_BP_3.jpg,https://www.waitrose.com/ecom/products/ellas-kitchen-caribbean-chicken/651544-92477-92478,Ella's Kitchen Caribbean Chicken,190g,£2.20,£1.16/100g,,Organic Shop
650833,Reyneke Organic Cabernet Merlot,W,false,577,https://ecom-su-static-prod.wtrecom.com/images/products/3/LN_650833_BP_3.jpg,https://www.waitrose.com/ecom/products/reyneke-organic-cabernet-merlot/650833-691724-691725,Reyneke Organic Cabernet Merlot,75cl,£10.99,£10.99/75cl,,Organic Shop
649745,Gabriel Meffre Organic Côtes du Rhône,W,true,578,https://ecom-su-static-prod.wtrecom.com/images/products/3/LN_649745_BP_3.jpg,https://www.waitrose.com/ecom/products/gabriel-meffre-organic-cotes-du-rhone/649745-585613-585614,Gabriel Meffre Organic Côtes du Rhône,75cl,£8.49,£8.49/75cl,save £2.50. Was £10.99,Organic Shop
648292,Duchy Organic Jazz Apples,G,false,579,https://ecom-su-static-prod.wtrecom.com/images/products/3/LN_648292_BP_3.jpg,https://www.waitrose.com/ecom/products/duchy-organic-jazz-apples/648292-747490-747491,Duchy Organic Jazz Apples,min 4s,£2.55,63.8p each,,Organic Shop
643429,Rowse Organic Set Honey Jar,G,false,580,https://ecom-su-static-prod.wtrecom.com/images/products/3/LN_643429_BP_3.jpg,https://www.waitrose.com/ecom/products/rowse-organic-set-honey-jar/643429-91351-91352,Rowse Organic Set Honey Jar,340g,£3.75,£1.11/100g,,Organic Shop
641811,Weleda Skin Food,G,false,581,https://ecom-su-static-prod.wtrecom.com/images/products/3/LN_641811_BP_3.jpg,https://www.waitrose.com/ecom/products/weleda-skin-food/641811-472395-472396,Weleda Skin Food,75ml,£14.20,£18.94/100ml,,Organic Shop
641589,Duchy Organic Mixed Herbs,G,false,582,https://ecom-su-static-prod.wtrecom.com/images/products/3/LN_641589_BP_3.jpg,https://www.waitrose.com/ecom/products/duchy-organic-mixed-herbs/641589-785002-785003,Duchy Organic Mixed Herbs,13g,£1.95,£1.50/10g,,Organic Shop
637159,Waitrose Duchy Organic Frozen Raw Jumbo King Prawns,G,true,583,https://ecom-su-static-prod.wtrecom.com/images/products/3/LN_637159_BP_3.jpg,https://www.waitrose.com/ecom/products/waitrose-duchy-organic-frozen-raw-jumbo-king-prawns/637159-745201-745202,Waitrose Duchy Organic Frozen Raw Jumbo King Prawns,180g,£5.75,£31.95/kg,Add 2 for £8,Organic Shop
635570,Duchy Organic Lemon Shortbread,G,false,584,https://ecom-su-static-prod.wtrecom.com/images/products/3/LN_635570_BP_3.jpg,https://www.waitrose.com/ecom/products/duchy-organic-lemon-shortbread/635570-90255-90256,Duchy Organic Lemon Shortbread,150g,£2.25,£1.50/100g,,Organic Shop
635129,HiPP 3 Growing Up Milk,G,false,585,https://ecom-su-static-prod.wtrecom.com/images/products/3/LN_635129_BP_3.jpg,https://www.waitrose.com/ecom/products/hipp-3-growing-up-milk/635129-90197-90198,HiPP 3 Growing Up Milk,600g,£10.50,£17.50/kg,,Organic Shop
634734,Freee Organic Gluten Free Supergrain Hoops 300g,G,false,586,https://ecom-su-static-prod.wtrecom.com/images/products/3/LN_634734_BP_3.jpg,https://www.waitrose.com/ecom/products/freee-organic-gluten-free-supergrain-hoops-300g/634734-758083-758084,Freee Organic Gluten Free Supergrain Hoops 300g,300g,£3.55,£1.19/100g,,Organic Shop
633483,Zafeirakis Malagousia,W,true,587,https://ecom-su-static-prod.wtrecom.com/images/products/3/LN_633483_BP_3.jpg,https://www.waitrose.com/ecom/products/zafeirakis-malagousia/633483-779647-779648,Zafeirakis Malagousia,75cl,£12.99,£12.99/75cl,save £2.00. Was £14.99,Organic Shop
630692,Duchy Organic Curry Powder,G,false,588,https://ecom-su-static-prod.wtrecom.com/images/products/3/LN_630692_BP_3.jpg,https://www.waitrose.com/ecom/products/duchy-organic-curry-powder/630692-784988-784989,Duchy Organic Curry Powder,38g,£1.95,51.3p/10g,,Organic Shop
625836,Duchy Organic Beetroot,G,false,589,https://ecom-su-static-prod.wtrecom.com/images/products/3/LN_625836_BP_3.jpg,https://www.waitrose.com/ecom/products/duchy-organic-beetroot/625836-619861-619862,Duchy Organic Beetroot,bunch,£2.10,£2.10 each,,Organic Shop
622831,Neal's Yard Frankincense Hydrating Cream,G,false,590,https://ecom-su-static-prod.wtrecom.com/images/products/3/LN_622831_BP_3.jpg,https://www.waitrose.com/ecom/products/neals-yard-frankincense-hydrating-cream/622831-136038-136039,Neal's Yard Frankincense Hydrating Cream,50g,£35.00,£70/100g,,Organic Shop
617484,Styl Pro Makeup Pads & Laundry Bag,G,true,591,https://ecom-su-static-prod.wtrecom.com/images/products/3/LN_617484_BP_3.jpg,https://www.waitrose.com/ecom/products/styl-pro-makeup-pads-laundry-bag/617484-730738-730739,Styl Pro Makeup Pads & Laundry Bag,Each,£6.40,£6.40 each,save £1.60. Was £8.00,Organic Shop
610675,HiPP 12+ Months Potato & Chicken Scrumble,G,false,592,https://ecom-su-static-prod.wtrecom.com/images/products/3/LN_610675_BP_3.jpg,https://www.waitrose.com/ecom/products/hipp-12-months-potato-chicken-scrumble/610675-86633-86634,HiPP 12+ Months Potato & Chicken Scrumble,230g,£2.20,95.7p/100g,,Organic Shop
607154,Neal's Yard Eye Make Up Remover,G,false,593,https://ecom-su-static-prod.wtrecom.com/images/products/3/LN_607154_BP_3.jpg,https://www.waitrose.com/ecom/products/neals-yard-eye-make-up-remover/607154-504311-504312,Neal's Yard Eye Make Up Remover,100ml,£16.00,£16/100ml,,Organic Shop
597277,Bonterra Collection Organic Cabernet,W,true,594,https://ecom-su-static-prod.wtrecom.com/images/products/3/LN_597277_BP_3.jpg,https://www.waitrose.com/ecom/products/bonterra-collection-organic-cabernet/597277-745137-745138,Bonterra Collection Organic Cabernet,75cl,£11.99,£11.99/75cl,save £2.00. Was £13.99,Organic Shop
595722,Querciabella Ardalico Chianti Classico,W,false,595,https://ecom-su-static-prod.wtrecom.com/images/products/3/LN_595722_BP_3.jpg,https://www.waitrose.com/ecom/products/querciabella-ardalico-chianti-classico/595722-807469-807470,Querciabella Ardalico Chianti Classico,75cl,£19.99,£19.99/75cl,,Organic Shop
595537,Neal's Yard Rose Facial Wash,G,false,596,https://ecom-su-static-prod.wtrecom.com/images/products/3/LN_595537_BP_3.jpg,https://www.waitrose.com/ecom/products/neals-yard-rose-facial-wash/595537-136020-136021,Neal's Yard Rose Facial Wash,100ml,£19.00,£19/100ml,,Organic Shop
586171,Neal's Yard Aromatic Shower Gel,G,false,597,https://ecom-su-static-prod.wtrecom.com/images/products/3/LN_586171_BP_3.jpg,https://www.waitrose.com/ecom/products/neals-yard-aromatic-shower-gel/586171-667014-667015,Neal's Yard Aromatic Shower Gel,200ml,£15.00,£7.50/100ml,,Organic Shop
583946,Neal's Yard Organic Lavender Shampoo,G,false,598,https://ecom-su-static-prod.wtrecom.com/images/products/3/LN_583946_BP_3.jpg,https://www.waitrose.com/ecom/products/neals-yard-organic-lavender-shampoo/583946-82773-82774,Neal's Yard Organic Lavender Shampoo,200ml,£11.50,£5.75/100ml,,Organic Shop
582278,Maree d'Ione Organic Fiano IGP Puglia,W,false,599,https://ecom-su-static-prod.wtrecom.com/images/products/3/LN_582278_BP_3.jpg,https://www.waitrose.com/ecom/products/maree-dione-organic-fiano-igp-puglia/582278-658297-658298,Maree d'Ione Organic Fiano IGP Puglia,75cl,£10.99,£10.99/75cl,,Organic Shop
578927,Burt's Bees Honey Lip Balm,G,false,600,https://ecom-su-static-prod.wtrecom.com/images/products/3/LN_578927_BP_3.jpg,https://www.waitrose.com/ecom/products/burts-bees-honey-lip-balm/578927-667008-667009,Burt's Bees Honey Lip Balm,4.25g,£4.95,£116.48/100g,,Organic Shop
568569,Ombar Vegan Coco Almond Bar,G,false,601,https://ecom-su-static-prod.wtrecom.com/images/products/3/LN_568569_BP_3.jpg,https://www.waitrose.com/ecom/products/ombar-vegan-coco-almond-bar/568569-600650-600651,Ombar Vegan Coco Almond Bar,70g,£3.10,£4.43/100g,,Organic Shop
564805,Neal's Yard Frankincense Toner,G,false,602,https://ecom-su-static-prod.wtrecom.com/images/products/3/LN_564805_BP_3.jpg,https://www.waitrose.com/ecom/products/neals-yard-frankincense-toner/564805-719548-719549,Neal's Yard Frankincense Toner,200ml,£22.00,£11/100ml,,Organic Shop
563169,Freee Organic Gluten Free Chocolate Stars 300g,G,false,603,https://ecom-su-static-prod.wtrecom.com/images/products/3/LN_563169_BP_3.jpg,https://www.waitrose.com/ecom/products/freee-organic-gluten-free-chocolate-stars-300g/563169-722075-722076,Freee Organic Gluten Free Chocolate Stars 300g,300g,£3.00,£1/100g,,Organic Shop
561355,"Georg Mosbacher Deidesheimer Herrgottsacker Trocken, Pfalz",W,false,604,https://ecom-su-static-prod.wtrecom.com/images/products/3/LN_561355_BP_3.jpg,https://www.waitrose.com/ecom/products/georg-mosbacher-deidesheimer-herrgottsacker-trocken-pfalz/561355-79498-79499,"Georg Mosbacher Deidesheimer Herrgottsacker Trocken, Pfalz",75cl,£15.49,£15.49/75cl,,Organic Shop
560157,Duchy Organic Choc with Vanilla Shortbread,G,false,605,https://ecom-su-static-prod.wtrecom.com/images/products/3/LN_560157_BP_3.jpg,https://www.waitrose.com/ecom/products/duchy-organic-choc-with-vanilla-shortbread/560157-79319-79320,Duchy Organic Choc with Vanilla Shortbread,150g,£2.25,£1.50/100g,,Organic Shop
558369,Neal's Yard Rehydrating Rose Toner,G,false,606,https://ecom-su-static-prod.wtrecom.com/images/products/3/LN_558369_BP_3.jpg,https://www.waitrose.com/ecom/products/neals-yard-rehydrating-rose-toner/558369-135988-135989,Neal's Yard Rehydrating Rose Toner,200ml,£19.00,£9.50/100ml,,Organic Shop
557265,Oxney Organic Estate Rosé,W,false,607,https://ecom-su-static-prod.wtrecom.com/images/products/3/LN_557265_BP_3.jpg,https://www.waitrose.com/ecom/products/oxney-organic-estate-rose/557265-730224-730225,Oxney Organic Estate Rosé,75cl,£19.99,£19.99/75cl,,Organic Shop
550284,Neal's Yard Bee Lovely Hand Wash,G,false,608,https://ecom-su-static-prod.wtrecom.com/images/products/3/LN_550284_BP_3.jpg,https://www.waitrose.com/ecom/products/neals-yard-bee-lovely-hand-wash/550284-391893-391894,Neal's Yard Bee Lovely Hand Wash,295ml,£15.00,£5.09/100ml,,Organic Shop
549487,Domaine Cady Cheninsolite Organic,W,false,609,https://ecom-su-static-prod.wtrecom.com/images/products/3/LN_549487_BP_3.jpg,https://www.waitrose.com/ecom/products/domaine-cady-cheninsolite-organic/549487-585539-585540,Domaine Cady Cheninsolite Organic,75cl,£16.49,£16.49/75cl,,Organic Shop
544300,Ella's Kitchen Chicken Roast Dinner,G,true,610,https://ecom-su-static-prod.wtrecom.com/images/products/3/LN_544300_BP_3.jpg,https://www.waitrose.com/ecom/products/ellas-kitchen-chicken-roast-dinner/544300-229101-229102,Ella's Kitchen Chicken Roast Dinner,130g,£1.80,£1.39/100g,Add 5 for £7,Organic Shop
541366,Freee Organic Gluten Free Brown Rice Tortiglioni,G,false,611,https://ecom-su-static-prod.wtrecom.com/images/products/3/LN_541366_BP_3.jpg,https://www.waitrose.com/ecom/products/freee-organic-gluten-free-brown-rice-tortiglioni/541366-812441-812442,Freee Organic Gluten Free Brown Rice Tortiglioni,500g,£2.95,59p/100g,,Organic Shop
536697,Codorniu Seleccion Familia Reserva Organic Cava,W,true,612,https://ecom-su-static-prod.wtrecom.com/images/products/3/LN_536697_BP_3.jpg,https://www.waitrose.com/ecom/products/codorniu-seleccion-familia-reserva-organic-cava/536697-805571-805572,Codorniu Seleccion Familia Reserva Organic Cava,75cl,£9.99,£9.99/75cl,save £3.00. Was £12.99,Organic Shop
535598,Ella's Kitchen Fish Pie,G,true,613,https://ecom-su-static-prod.wtrecom.com/images/products/3/LN_535598_BP_3.jpg,https://www.waitrose.com/ecom/products/ellas-kitchen-fish-pie/535598-401186-401187,Ella's Kitchen Fish Pie,130g,£1.80,£1.39/100g,Add 5 for £7,Organic Shop
530026,Neal's Yard Goodnight Pillow Mist,G,false,614,https://ecom-su-static-prod.wtrecom.com/images/products/3/LN_530026_BP_3.jpg,https://www.waitrose.com/ecom/products/neals-yard-goodnight-pillow-mist/530026-722023-722024,Neal's Yard Goodnight Pillow Mist,45ml,£20.00,£44.45/100ml,,Organic Shop
529046,Pukka Lemongrass & Ginger 20 Tea Sachets,G,false,615,https://ecom-su-static-prod.wtrecom.com/images/products/3/LN_529046_BP_3.jpg,https://www.waitrose.com/ecom/products/pukka-lemongrass-ginger-20-tea-sachets/529046-74826-74827,Pukka Lemongrass & Ginger 20 Tea Sachets,36g,£5.00,£13.89/100g,,Organic Shop
521421,Clearspring Organic Brown Rice Miso,G,false,616,https://ecom-su-static-prod.wtrecom.com/images/products/3/LN_521421_BP_3.jpg,https://www.waitrose.com/ecom/products/clearspring-organic-brown-rice-miso/521421-140160-140161,Clearspring Organic Brown Rice Miso,300g,£4.95,£1.65/100g,,Organic Shop
514704,Clearspring Organic Miso Soup Paste,G,true,617,https://ecom-su-static-prod.wtrecom.com/images/products/3/LN_514704_BP_3.jpg,https://www.waitrose.com/ecom/products/clearspring-organic-miso-soup-paste/514704-72725-72726,Clearspring Organic Miso Soup Paste,4x15g,£2.20,£3.67/100g,Reduced to Clear. Was £2.90,Organic Shop
507450,Neal's Yard Geranium & Orange Hand Cream,G,false,618,https://ecom-su-static-prod.wtrecom.com/images/products/3/LN_507450_BP_3.jpg,https://www.waitrose.com/ecom/products/neals-yard-geranium-orange-hand-cream/507450-299081-299082,Neal's Yard Geranium & Orange Hand Cream,50ml,£13.00,£26/100ml,,Organic Shop
504626,Duchy Organic Bay Leaves,G,false,619,https://ecom-su-static-prod.wtrecom.com/images/products/3/LN_504626_BP_3.jpg,https://www.waitrose.com/ecom/products/duchy-organic-bay-leaves/504626-784864-784865,Duchy Organic Bay Leaves,3g,£1.95,£6.50/10g,,Organic Shop
502394,Cellier de Rouffignac Coteaux dAix,W,false,620,https://ecom-su-static-prod.wtrecom.com/images/products/3/LN_502394_BP_3.jpg,https://www.waitrose.com/ecom/products/cellier-de-rouffignac-coteaux-daix/502394-780557-780558,Cellier de Rouffignac Coteaux dAix,75cl,£13.99,£13.99/75cl,,Organic Shop
501020,Las Mulas Sauvignon Blanc,W,false,621,https://ecom-su-static-prod.wtrecom.com/images/products/3/LN_501020_BP_3.jpg,https://www.waitrose.com/ecom/products/las-mulas-sauvignon-blanc/501020-134515-134516,Las Mulas Sauvignon Blanc,75cl,£9.99,£9.99/75cl,,Organic Shop
491519,Ella's Kitchen Lamb Roast Dinner,G,true,622,https://ecom-su-static-prod.wtrecom.com/images/products/3/LN_491519_BP_3.jpg,https://www.waitrose.com/ecom/products/ellas-kitchen-lamb-roast-dinner/491519-134509-134510,Ella's Kitchen Lamb Roast Dinner,130g,£1.80,£1.39/100g,Add 5 for £7,Organic Shop
490912,Rowse Organic Acacia Honey,G,false,623,https://ecom-su-static-prod.wtrecom.com/images/products/3/LN_490912_BP_3.jpg,https://www.waitrose.com/ecom/products/rowse-organic-acacia-honey/490912-696799-696800,Rowse Organic Acacia Honey,340g,£5.30,£1.56/100g,,Organic Shop
480629,Le Sabbie dell'Etna Bianco Doc,W,true,624,https://ecom-su-static-prod.wtrecom.com/images/products/3/LN_480629_BP_3.jpg,https://www.waitrose.com/ecom/products/le-sabbie-delletna-bianco-doc/480629-726280-726281,Le Sabbie dell'Etna Bianco Doc,75cl,£12.49,£12.49/75cl,save £2.50. Was £14.99,Organic Shop
479756,Neal's Yard Rose Facial Oil,G,false,625,https://ecom-su-static-prod.wtrecom.com/images/products/3/LN_479756_BP_3.jpg,https://www.waitrose.com/ecom/products/neals-yard-rose-facial-oil/479756-135928-135929,Neal's Yard Rose Facial Oil,28ml,£29.00,£103.58/100ml,,Organic Shop
476098,Neal's Yard Wild Rose Hand Cream,G,false,626,https://ecom-su-static-prod.wtrecom.com/images/products/3/LN_476098_BP_3.jpg,https://www.waitrose.com/ecom/products/neals-yard-wild-rose-hand-cream/476098-374223-374224,Neal's Yard Wild Rose Hand Cream,50ml,£13.00,£26/100ml,,Organic Shop
474026,HiPP 2 Follow On Milk,G,false,627,https://ecom-su-static-prod.wtrecom.com/images/products/3/LN_474026_BP_3.jpg,https://www.waitrose.com/ecom/products/hipp-2-follow-on-milk/474026-66859-66860,HiPP 2 Follow On Milk,800g,£14.20,£17.75/kg,,Organic Shop
469971,Ella's Kitchen Beef Stew with Spuds,G,true,628,https://ecom-su-static-prod.wtrecom.com/images/products/3/LN_469971_BP_3.jpg,https://www.waitrose.com/ecom/products/ellas-kitchen-beef-stew-with-spuds/469971-134503-134504,Ella's Kitchen Beef Stew with Spuds,130g,£1.80,£1.39/100g,Add 5 for £7,Organic Shop
468154,Campinovi Rosso di Montalcino,W,false,629,https://ecom-su-static-prod.wtrecom.com/images/products/3/LN_468154_BP_3.jpg,https://www.waitrose.com/ecom/products/campinovi-rosso-di-montalcino/468154-788512-788513,Campinovi Rosso di Montalcino,75cl,£18.99,£18.99/75cl,,Organic Shop
465694,Weleda Skin Food Body Butter,G,false,630,https://ecom-su-static-prod.wtrecom.com/images/products/3/LN_465694_BP_3.jpg,https://www.waitrose.com/ecom/products/weleda-skin-food-body-butter/465694-719413-719414,Weleda Skin Food Body Butter,150ml,£23.30,£15.54/100ml,,Organic Shop
464007,Château De Caraguilhes Corbières South of France,W,false,631,https://ecom-su-static-prod.wtrecom.com/images/products/3/LN_464007_BP_3.jpg,https://www.waitrose.com/ecom/products/chateau-de-caraguilhes-corbieres-south-of-france/464007-65385-65386,Château De Caraguilhes Corbières South of France,75cl,£11.99,£11.99/75cl,,Organic Shop
430130,Neal's Yard Geranium & Orange Foaming Bath,G,false,632,https://ecom-su-static-prod.wtrecom.com/images/products/3/LN_430130_BP_3.jpg,https://www.waitrose.com/ecom/products/neals-yard-geranium-orange-foaming-bath/430130-696472-696473,Neal's Yard Geranium & Orange Foaming Bath,200ml,£19.00,£9.50/100ml,,Organic Shop
428660,Duchy Organic Cranberry Sauce,G,false,633,https://ecom-su-static-prod.wtrecom.com/images/products/3/LN_428660_BP_3.jpg,https://www.waitrose.com/ecom/products/duchy-organic-cranberry-sauce/428660-60313-60314,Duchy Organic Cranberry Sauce,200g,£3.00,£1.50/100g,,Organic Shop
423259,Neal's Yard Rose & Geranium Roll on Deodorant,G,false,634,https://ecom-su-static-prod.wtrecom.com/images/products/3/LN_423259_BP_3.jpg,https://www.waitrose.com/ecom/products/neals-yard-rose-geranium-roll-on-deodorant/423259-576561-576562,Neal's Yard Rose & Geranium Roll on Deodorant,50ml,£11.00,£22/100ml,,Organic Shop
420609,Weleda Skin Food Light,G,false,635,https://ecom-su-static-prod.wtrecom.com/images/products/3/LN_420609_BP_3.jpg,https://www.waitrose.com/ecom/products/weleda-skin-food-light/420609-703935-703936,Weleda Skin Food Light,30ml,£9.00,£30/100ml,,Organic Shop
420433,Pukka Cleanse 20 Herbal Tea Sachets,G,false,636,https://ecom-su-static-prod.wtrecom.com/images/products/3/LN_420433_BP_3.jpg,https://www.waitrose.com/ecom/products/pukka-cleanse-20-herbal-tea-sachets/420433-59154-59155,Pukka Cleanse 20 Herbal Tea Sachets,36g,£5.00,£13.89/100g,,Organic Shop
419092,HiPP 1 First Infant Milk,G,false,637,https://ecom-su-static-prod.wtrecom.com/images/products/3/LN_419092_BP_3.jpg,https://www.waitrose.com/ecom/products/hipp-1-first-infant-milk/419092-58939-58940,HiPP 1 First Infant Milk,800g,£13.50,£16.88/kg,,Organic Shop
404347,Duchy Organic Seeded Oaten Biscuits,G,false,638,https://ecom-su-static-prod.wtrecom.com/images/products/3/LN_404347_BP_3.jpg,https://www.waitrose.com/ecom/products/duchy-organic-seeded-oaten-biscuits/404347-753379-753380,Duchy Organic Seeded Oaten Biscuits,150g,£2.25,£1.50/100g,,Organic Shop
399268,HiPP 1-3 years Spaghetti Bolognese,G,false,639,https://ecom-su-static-prod.wtrecom.com/images/products/3/LN_399268_BP_3.jpg,https://www.waitrose.com/ecom/products/hipp-1-3-years-spaghetti-bolognese/399268-115673-115674,HiPP 1-3 years Spaghetti Bolognese,230g,£2.20,95.7p/100g,,Organic Shop
391056,Pukka Wild Apple Cinnamon 20 Tea Sachets,G,false,640,https://ecom-su-static-prod.wtrecom.com/images/products/3/LN_391056_BP_3.jpg,https://www.waitrose.com/ecom/products/pukka-wild-apple-cinnamon-20-tea-sachets/391056-54973-54974,Pukka Wild Apple Cinnamon 20 Tea Sachets,40g,£5.00,£12.50/100g,,Organic Shop
368735,Ella's Kitchen Pears Apples & Baby Rice,G,false,641,https://ecom-su-static-prod.wtrecom.com/images/products/3/LN_368735_BP_3.jpg,https://www.waitrose.com/ecom/products/ellas-kitchen-pears-apples-baby-rice/368735-115595-115596,Ella's Kitchen Pears Apples & Baby Rice,120g,£1.35,£1.13/100g,,Organic Shop
368306,Neal's Yard Aromatic Foaming Bath,G,false,642,https://ecom-su-static-prod.wtrecom.com/images/products/3/LN_368306_BP_3.jpg,https://www.waitrose.com/ecom/products/neals-yard-aromatic-foaming-bath/368306-51768-51769,Neal's Yard Aromatic Foaming Bath,200ml,£19.00,£9.50/100ml,,Organic Shop
366591,Neal's Yard Rose & Mallow moisturiser,G,false,643,https://ecom-su-static-prod.wtrecom.com/images/products/3/LN_366591_BP_3.jpg,https://www.waitrose.com/ecom/products/neals-yard-rose-mallow-moisturiser/366591-135834-135835,Neal's Yard Rose & Mallow moisturiser,50g,£28.00,£56/100g,,Organic Shop
099580,Neal's Yard Comfrey & Mallow Foot Balm,G,false,644,https://ecom-su-static-prod.wtrecom.com/images/products/3/LN_099580_BP_3.jpg,https://www.waitrose.com/ecom/products/neals-yard-comfrey-mallow-foot-balm/099580-50849-50850,Neal's Yard Comfrey & Mallow Foot Balm,50g,£17.00,£34/100g,,Organic Shop
088476,Duchy Organic Limited Selection Grapes,G,false,645,https://ecom-su-static-prod.wtrecom.com/images/products/3/LN_088476_BP_3.jpg,https://www.waitrose.com/ecom/products/duchy-organic-limited-selection-grapes/088476-45419-45420,Duchy Organic Limited Selection Grapes,400g,£3.25,£8.13/kg,,Organic Shop
086628,Duchy Organic Brown Basmati Rice,G,false,646,https://ecom-su-static-prod.wtrecom.com/images/products/3/LN_086628_BP_3.jpg,https://www.waitrose.com/ecom/products/duchy-organic-brown-basmati-rice/086628-44271-44272,Duchy Organic Brown Basmati Rice,1kg,£3.75,£3.75/kg,,Organic Shop
085314,Duchy Organic Savoy Cabbage,G,false,647,https://ecom-su-static-prod.wtrecom.com/images/products/3/LN_085314_BP_3.jpg,https://www.waitrose.com/ecom/products/duchy-organic-savoy-cabbage/085314-43392-43393,Duchy Organic Savoy Cabbage,Each,£1.75,£1.75 each,,Organic Shop
083423,HiPP Baby Rice,G,false,648,https://ecom-su-static-prod.wtrecom.com/images/products/3/LN_083423_BP_3.jpg,https://www.waitrose.com/ecom/products/hipp-baby-rice/083423-42369-42370,HiPP Baby Rice,160g,£2.65,£1.66/100g,,Organic Shop
078363,Château Maris Vieilles Vignes Organic Minervois,W,true,649,https://ecom-su-static-prod.wtrecom.com/images/products/3/LN_078363_BP_3.jpg,https://www.waitrose.com/ecom/products/chateau-maris-vieilles-vignes-organic-minervois/078363-39895-39896,Château Maris Vieilles Vignes Organic Minervois,75cl,£11.99,£11.99/75cl,Buyers Choice,Organic Shop
076232,AOrganic Lavender Shampoo,G,false,650,https://ecom-su-static-prod.wtrecom.com/images/products/3/LN_076232_BP_3.jpg,https://www.waitrose.com/ecom/products/aorganic-lavender-shampoo/076232-38732-38733,AOrganic Lavender Shampoo,325ml,£9.95,£3.07/100ml,,Organic Shop
072712,Neal's Yard Seaweed & Arnica Foaming Bath,G,false,651,https://ecom-su-static-prod.wtrecom.com/images/products/3/LN_072712_BP_3.jpg,https://www.waitrose.com/ecom/products/neals-yard-seaweed-arnica-foaming-bath/072712-36896-36897,Neal's Yard Seaweed & Arnica Foaming Bath,200ml,£19.00,£9.50/100ml,,Organic Shop
064446,Geo Organics Atlantic Sea Salt,G,false,652,https://ecom-su-static-prod.wtrecom.com/images/products/3/LN_064446_BP_3.jpg,https://www.waitrose.com/ecom/products/geo-organics-atlantic-sea-salt/064446-32712-32713,Geo Organics Atlantic Sea Salt,250g,£1.40,£5.60/kg,,Organic Shop
058912,Duchy Organic British Pork Leg Joint,G,false,653,https://ecom-su-static-prod.wtrecom.com/images/products/3/LN_058912_BP_3.jpg,https://www.waitrose.com/ecom/products/duchy-organic-british-pork-leg-joint/058912-29648-29649,Duchy Organic British Pork Leg Joint,Typical weight 1.1kg,£14.30 each est.,£13.00/kg,,Organic Shop
058622,Domaine Font De Michelle Châteauneuf-Du-Pape,W,false,654,https://ecom-su-static-prod.wtrecom.com/images/products/3/LN_058622_BP_3.jpg,https://www.waitrose.com/ecom/products/domaine-font-de-michelle-chateauneuf-du-pape/058622-29487-29488,Domaine Font De Michelle Châteauneuf-Du-Pape,75cl,£29.99,£29.99/75cl,,Organic Shop
056401,Wainwright's Organic Zambian Forest Honey,G,false,655,https://ecom-su-static-prod.wtrecom.com/images/products/3/LN_056401_BP_3.jpg,https://www.waitrose.com/ecom/products/wainwrights-organic-zambian-forest-honey/056401-28321-28322,Wainwright's Organic Zambian Forest Honey,380g,£5.00,£1.32/100g,,Organic Shop
051864,Dragonfly Tea Cape Malay Chai 20 Tea Bags,G,true,656,https://ecom-su-static-prod.wtrecom.com/images/products/3/LN_051864_BP_3.jpg,https://www.waitrose.com/ecom/products/dragonfly-tea-cape-malay-chai-20-tea-bags/051864-25818-25819,Dragonfly Tea Cape Malay Chai 20 Tea Bags,40g,£2.30,£5.75/100g,20% Off. Was £2.90,Organic Shop
047805,Avalon Organics Tea Tree Shampoo,G,false,657,https://ecom-su-static-prod.wtrecom.com/images/products/3/LN_047805_BP_3.jpg,https://www.waitrose.com/ecom/products/avalon-organics-tea-tree-shampoo/047805-23664-23665,Avalon Organics Tea Tree Shampoo,325ml,£9.95,£3.07/100ml,,Organic Shop
044148,Natracare New Mother Maternity Pads,G,false,658,https://ecom-su-static-prod.wtrecom.com/images/products/3/LN_044148_BP_3.jpg,https://www.waitrose.com/ecom/products/natracare-new-mother-maternity-pads/044148-21749-21750,Natracare New Mother Maternity Pads,10s,£3.00,30p each,,Organic Shop
042306,Duchy Organic Free Range British Pork Fillet,G,false,659,https://ecom-su-static-prod.wtrecom.com/images/products/3/LN_042306_BP_3.jpg,https://www.waitrose.com/ecom/products/duchy-organic-free-range-british-pork-fillet/042306-20944-20945,Duchy Organic Free Range British Pork Fillet,Typical weight 0.45kg,£10.35 each est.,£23.00/kg,,Organic Shop
031069,Natracare Tampons Super,G,false,660,https://ecom-su-static-prod.wtrecom.com/images/products/3/LN_031069_BP_3.jpg,https://www.waitrose.com/ecom/products/natracare-tampons-super/031069-15161-15162,Natracare Tampons Super,16s,£3.50,21.9p each,,Organic Shop
029517,Dragonfly Tea Pure Green Mountain 20 Tea Bags,G,true,661,https://ecom-su-static-prod.wtrecom.com/images/products/3/LN_029517_BP_3.jpg,https://www.waitrose.com/ecom/products/dragonfly-tea-pure-green-mountain-20-tea-bags/029517-14443-14444,Dragonfly Tea Pure Green Mountain 20 Tea Bags,40g,£2.30,£5.75/100g,20% Off. Was £2.90,Organic Shop
029414,Duchy Organic Frozen Leaf Spinach,G,false,662,https://ecom-su-static-prod.wtrecom.com/images/products/3/LN_029414_BP_3.jpg,https://www.waitrose.com/ecom/products/duchy-organic-frozen-leaf-spinach/029414-14377-14378,Duchy Organic Frozen Leaf Spinach,500g,£2.00,£4/kg,,Organic Shop
027940,Avalon Organics Lemon Shampoo,G,false,663,https://ecom-su-static-prod.wtrecom.com/images/products/3/LN_027940_BP_3.jpg,https://www.waitrose.com/ecom/products/avalon-organics-lemon-shampoo/027940-13599-13600,Avalon Organics Lemon Shampoo,325ml,£9.95,£3.07/100ml,,Organic Shop
018617,Neal's Yard Geranium & Orange Bath Oil,G,false,664,https://ecom-su-static-prod.wtrecom.com/images/products/3/LN_018617_BP_3.jpg,https://www.waitrose.com/ecom/products/neals-yard-geranium-orange-bath-oil/018617-8997-8998,Neal's Yard Geranium & Orange Bath Oil,100ml,£22.00,£22/100ml,,Organic Shop
018427,Duchy Organic British Lamb Half Leg,G,false,665,https://ecom-su-static-prod.wtrecom.com/images/products/3/LN_018427_BP_3.jpg,https://www.waitrose.com/ecom/products/duchy-organic-british-lamb-half-leg/018427-425748-8914,Duchy Organic British Lamb Half Leg,Typical weight 0.94kg,£24.31 each est.,£26.00/kg,,Organic Shop
013762,"O'Leary Walker Organic Riesling Clare Valley, Australia",W,true,666,https://ecom-su-static-prod.wtrecom.com/images/products/3/LN_013762_BP_3.jpg,https://www.waitrose.com/ecom/products/oleary-walker-organic-riesling-clare-valley-australia/013762-6679-6680,"O'Leary Walker Organic Riesling Clare Valley, Australia",75cl,£11.99,£11.99/75cl,save £3.00. Was £14.99,Organic Shop
852970,Terra Organica Organic Prosecco DOC,G,false,667,https://ecom-su-static-prod.wtrecom.com/images/products/3/LN_852970_BP_3.jpg,https://www.waitrose.com/ecom/products/terra-organica-organic-prosecco-doc/852970-694854-694855,Terra Organica Organic Prosecco DOC,20cl,£3.99,£14.97/75cl,,Organic Shop
463665,Terre di Faiano Primitivo Organic,G,true,668,https://ecom-su-static-prod.wtrecom.com/images/products/3/LN_463665_BP_3.jpg,https://www.waitrose.com/ecom/products/terre-di-faiano-primitivo-organic/463665-791471-791472,Terre di Faiano Primitivo Organic,250ml,£3.65,£14.60/litre,Mix & Match Add 4 for 3 Cheapest Item Free,Organic Shop
688636,Terre Di Faiano Rosso IGP Puglia Organic,W,true,669,https://ecom-su-static-prod.wtrecom.com/images/products/3/LN_688636_BP_3.jpg,https://www.waitrose.com/ecom/products/terre-di-faiano-rosso-igp-puglia-organic/688636-723368-723369,Terre Di Faiano Rosso IGP Puglia Organic,2.25L,£27.99,£9.33/75cl,Buyers Choice,Organic Shop
707668,Duchy Organic Pinot Grigio Bag in Box,W,false,670,https://ecom-su-static-prod.wtrecom.com/images/products/3/LN_707668_BP_3.jpg,https://www.waitrose.com/ecom/products/duchy-organic-pinot-grigio-bag-in-box/707668-754455-754456,Duchy Organic Pinot Grigio Bag in Box,2.25L,£21.49,£7.17/75cl,,Organic Shop
882652,When in Rome Organic Grillo DOC Sicilia,W,false,671,https://ecom-su-static-prod.wtrecom.com/images/products/3/LN_882652_BP_3.jpg,https://www.waitrose.com/ecom/products/when-in-rome-organic-grillo-doc-sicilia/882652-678659-678660,When in Rome Organic Grillo DOC Sicilia,2.25L,£26.99,£9/75cl,,Organic Shop
534387,IGO Organic Rosé Wine Can,G,true,672,https://ecom-su-static-prod.wtrecom.com/images/products/3/LN_534387_BP_3.jpg,https://www.waitrose.com/ecom/products/igo-organic-rose-wine-can/534387-731268-731269,IGO Organic Rosé Wine Can,25cl,£4.15,£12.45/75cl,Mix & Match Add 4 for 3 Cheapest Item Free,Organic Shop
431967,IGO Organic White Wine Can,G,true,673,https://ecom-su-static-prod.wtrecom.com/images/products/3/LN_431967_BP_3.jpg,https://www.waitrose.com/ecom/products/igo-organic-white-wine-can/431967-731238-731239,IGO Organic White Wine Can,25cl,£4.15,£12.45/75cl,Mix & Match Add 4 for 3 Cheapest Item Free,Organic Shop
