data-product-id,data-product-name,data-product-type,data-product-on-offer,data-product-index,image-url,product-page,product-name,product-size,item-price,price-per-unit,offer-description,category
021062,Hendrick's Gin,G,false,668,https://ecom-su-static-prod.wtrecom.com/images/products/3/LN_021062_BP_3.jpg,https://www.waitrose.com/ecom/products/hendricks-gin/021062-10253-10254,Hendrick's Gin,70cl,£32.50,£46.43/litre,,Summer
659339,Tanqueray London Dry Gin,G,false,318,https://ecom-su-static-prod.wtrecom.com/images/products/3/LN_659339_BP_3.jpg,https://www.waitrose.com/ecom/products/tanqueray-london-dry-gin/659339-755995-755996,Tanqueray London Dry Gin,1L,£30.00,£30/litre,,Summer
568564,Peroni Capri,G,true,1361,https://ecom-su-static-prod.wtrecom.com/images/products/3/LN_568564_BP_3.jpg,https://www.waitrose.com/ecom/products/peroni-capri/568564-804106-804107,Peroni Capri,10x330ml,£14.00,£4.25/litre,Add 2 for £22,Summer
512720,Waitrose Summer 4 Beef Smash Burgers with Bone Marrow,G,true,4,https://ecom-su-static-prod.wtrecom.com/images/products/3/LN_512720_BP_3.jpg,https://www.waitrose.com/ecom/products/waitrose-summer-4-beef-smash-burgers-with-bone-marrow/512720-824444-824445,Waitrose Summer 4 Beef Smash Burgers with Bone Marrow,454g,£4.25,£9.37/kg,Add 3 for £12,Summer
505390,Waitrose Summer 2 American Style Pork Melt Burgers,G,true,5,https://ecom-su-static-prod.wtrecom.com/images/products/3/LN_505390_BP_3.jpg,https://www.waitrose.com/ecom/products/waitrose-summer-2-american-style-pork-melt-burgers/505390-824442-824443,Waitrose Summer 2 American Style Pork Melt Burgers,300g,£4.25,£14.17/kg,Add 3 for £12,Summer
443931,Waitrose Summer 4 New York Style Beef Burgers,G,true,6,https://ecom-su-static-prod.wtrecom.com/images/products/3/LN_443931_BP_3.jpg,https://www.waitrose.com/ecom/products/waitrose-summer-4-new-york-style-beef-burgers/443931-779238-779239,Waitrose Summer 4 New York Style Beef Burgers,454g,£4.25,£9.37/kg,Add 3 for £12,Summer
585727,Waitrose Summer 2 Chilli Halloumi Burgers,G,true,7,https://ecom-su-static-prod.wtrecom.com/images/products/3/LN_585727_BP_3.jpg,https://www.waitrose.com/ecom/products/waitrose-summer-2-chilli-halloumi-burgers/585727-780243-780244,Waitrose Summer 2 Chilli Halloumi Burgers,250g,£4.25,£17/kg,Add 3 for £12,Summer
859589,Magnum Mini Classic,G,false,8,https://ecom-su-static-prod.wtrecom.com/images/products/3/LN_859589_BP_3.jpg,https://www.waitrose.com/ecom/products/magnum-mini-classic/859589-823426-823427,Magnum Mini Classic,6x55ml,£4.75,£1.44/100ml,,Summer
677646,Cornetto Classico Ice Cream Cone,G,true,9,https://ecom-su-static-prod.wtrecom.com/images/products/3/LN_677646_BP_3.jpg,https://www.waitrose.com/ecom/products/cornetto-classico-ice-cream-cone/677646-261246-261247,Cornetto Classico Ice Cream Cone,6x90ml,£3.95,73.1p/100ml,Add 2 for £5,Summer
857133,Magnum Mini Double Caramel Chocolate Ice Cream Sticks,G,false,10,https://ecom-su-static-prod.wtrecom.com/images/products/3/LN_857133_BP_3.jpg,https://www.waitrose.com/ecom/products/magnum-mini-double-caramel-chocolate-ice-cream-sticks/857133-493306-493306,Magnum Mini Double Caramel Chocolate Ice Cream Sticks,6x55ml,£4.75,£1.44/100ml,,Summer
721670,Cornetto Strawberry Ice Cream Cone,G,true,11,https://ecom-su-static-prod.wtrecom.com/images/products/3/LN_721670_BP_3.jpg,https://www.waitrose.com/ecom/products/cornetto-strawberry-ice-cream-cone/721670-261268-261269,Cornetto Strawberry Ice Cream Cone,6x90ml,£3.95,73.1p/100ml,Add 2 for £5,Summer
035738,035738 - Solero Exotic Ice cream Lolly,G,true,12,https://ecom-su-static-prod.wtrecom.com/images/products/3/LN_035738_BP_3.jpg,https://www.waitrose.com/ecom/products/035738-solero-exotic-ice-cream-lolly/035738-17968-17969,035738 - Solero Exotic Ice cream Lolly,270ml,£2.75,£1.02/100ml,Add 2 for £4,Summer
687780,Cadbury Dairy Milk Sticks,G,true,13,https://ecom-su-static-prod.wtrecom.com/images/products/3/LN_687780_BP_3.jpg,https://www.waitrose.com/ecom/products/cadbury-dairy-milk-sticks/687780-801988-801989,Cadbury Dairy Milk Sticks,4x90ml,£3.70,,Add 2 for £5,Summer
609890,Magnum Almond Ice Cream Sticks,G,false,14,https://ecom-su-static-prod.wtrecom.com/images/products/3/LN_609890_BP_3.jpg,https://www.waitrose.com/ecom/products/magnum-almond-ice-cream-sticks/609890-824373-824374,Magnum Almond Ice Cream Sticks,6x100ml,£6.15,£1.03/100ml,,Summer
088067,Waitrose British Strawberries,G,true,15,https://ecom-su-static-prod.wtrecom.com/images/products/3/LN_088067_BP_3.jpg,https://www.waitrose.com/ecom/products/waitrose-british-strawberries/088067-372145-45059,Waitrose British Strawberries,400g,£3.00,£7.50/kg,Add 2 for £4,Summer
483587,Waitrose Blueberries,G,true,16,https://ecom-su-static-prod.wtrecom.com/images/products/3/LN_483587_BP_3.jpg,https://www.waitrose.com/ecom/products/waitrose-blueberries/483587-344052-344053,Waitrose Blueberries,150g,£2.50,£16.67/kg,Add 2 for £4,Summer
088061,Waitrose Raspberries,G,true,17,https://ecom-su-static-prod.wtrecom.com/images/products/3/LN_088061_BP_3.jpg,https://www.waitrose.com/ecom/products/waitrose-raspberries/088061-372144-45046,Waitrose Raspberries,150g,£2.60,£17.34/kg,Add 2 for £4,Summer
649631,Waitrose Blackberries,G,true,18,https://ecom-su-static-prod.wtrecom.com/images/products/3/LN_649631_BP_3.jpg,https://www.waitrose.com/ecom/products/waitrose-blackberries/649631-92200-92201,Waitrose Blackberries,150g,£3.00,£20/kg,Add 2 for £4,Summer
885146,Waitrose Summer 4 Seeded Brioche Burger Buns,G,false,19,https://ecom-su-static-prod.wtrecom.com/images/products/3/LN_885146_BP_3.jpg,https://www.waitrose.com/ecom/products/waitrose-summer-4-seeded-brioche-burger-buns/885146-779373-779374,Waitrose Summer 4 Seeded Brioche Burger Buns,4s,£1.80,45p each,,Summer
580445,Waitrose Summer Tikka Chicken Breast Kebabs,G,true,20,https://ecom-su-static-prod.wtrecom.com/images/products/3/LN_580445_BP_3.jpg,https://www.waitrose.com/ecom/products/waitrose-summer-tikka-chicken-breast-kebabs/580445-779925-779926,Waitrose Summer Tikka Chicken Breast Kebabs,250g,£4.25,£17/kg,Add 3 for £12,Summer
826646,Waitrose Summer 6 Smokin' Hot Honey Pork Belly Slices,G,true,21,https://ecom-su-static-prod.wtrecom.com/images/products/3/LN_826646_BP_3.jpg,https://www.waitrose.com/ecom/products/waitrose-summer-6-smokin-hot-honey-pork-belly-slices/826646-824456-824457,Waitrose Summer 6 Smokin' Hot Honey Pork Belly Slices,390g,£4.25,£10.90/kg,Add 3 for £12,Summer
835276,Waitrose Snack Sausage Rolls 12pk,G,true,22,https://ecom-su-static-prod.wtrecom.com/images/products/3/LN_835276_BP_3.jpg,https://www.waitrose.com/ecom/products/waitrose-snack-sausage-rolls-12pk/835276-824606-824607,Waitrose Snack Sausage Rolls 12pk,360g,£3.50,97.2p/100g,Add 2 for £5.50,Summer
804043,Waitrose Cheddar Courgette & Pea Crustless Quiche,G,true,23,https://ecom-su-static-prod.wtrecom.com/images/products/3/LN_804043_BP_3.jpg,https://www.waitrose.com/ecom/products/waitrose-cheddar-courgette-pea-crustless-quiche/804043-824600-824601,Waitrose Cheddar Courgette & Pea Crustless Quiche,340g,£3.50,£1.03/100g,Add 2 for £5.50,Summer
859446,Waitrose Pork & Egg Gala Slices,G,true,24,https://ecom-su-static-prod.wtrecom.com/images/products/3/LN_859446_BP_3.jpg,https://www.waitrose.com/ecom/products/waitrose-pork-egg-gala-slices/859446-824616-824617,Waitrose Pork & Egg Gala Slices,250g,£3.50,£1.40/100g,Add 2 for £5.50,Summer
054505,Essential Coleslaw,G,false,25,https://ecom-su-static-prod.wtrecom.com/images/products/3/LN_054505_BP_3.jpg,https://www.waitrose.com/ecom/products/essential-coleslaw/054505-27403-27404,Essential Coleslaw,300g,£1.20,40p/100g,,Summer
086468,Essential Cucumber,G,false,26,https://ecom-su-static-prod.wtrecom.com/images/products/3/LN_086468_BP_3.jpg,https://www.waitrose.com/ecom/products/essential-cucumber/086468-44158-44159,Essential Cucumber,Each,95p,95p each,,Summer
086412,Essential Red Peppers,G,false,27,https://ecom-su-static-prod.wtrecom.com/images/products/3/LN_086412_BP_3.jpg,https://www.waitrose.com/ecom/products/essential-red-peppers/086412-44120-44121,Essential Red Peppers,Typical weight 0.16kg,60p each est.,£3.75/kg,,Summer
086533,Essential Cherry Tomatoes,G,false,28,https://ecom-su-static-prod.wtrecom.com/images/products/3/LN_086533_BP_3.jpg,https://www.waitrose.com/ecom/products/essential-cherry-tomatoes/086533-44216-44217,Essential Cherry Tomatoes,500g,£1.45,£2.90/kg,,Summer
086445,Essential Green Celery,G,false,29,https://ecom-su-static-prod.wtrecom.com/images/products/3/LN_086445_BP_3.jpg,https://www.waitrose.com/ecom/products/essential-green-celery/086445-44146-44147,Essential Green Celery,Each,80p,80p each,,Summer
086413,Essential Yellow Peppers,G,false,30,https://ecom-su-static-prod.wtrecom.com/images/products/3/LN_086413_BP_3.jpg,https://www.waitrose.com/ecom/products/essential-yellow-peppers/086413-44122-44123,Essential Yellow Peppers,Typical weight 0.16kg,60p each est.,£3.75/kg,,Summer
053142,Essential Salad Mixed,G,false,31,https://ecom-su-static-prod.wtrecom.com/images/products/3/LN_053142_BP_3.jpg,https://www.waitrose.com/ecom/products/essential-salad-mixed/053142-26529-26530,Essential Salad Mixed,100g,95p,95p/100g,,Summer
891917,Waitrose Cumberland Picnic Eggs,G,true,32,https://ecom-su-static-prod.wtrecom.com/images/products/3/LN_891917_BP_3.jpg,https://www.waitrose.com/ecom/products/waitrose-cumberland-picnic-eggs/891917-824632-824633,Waitrose Cumberland Picnic Eggs,200g,£3.50,£1.75/100g,Add 2 for £5.50,Summer
883334,Waitrose Chicken Shawarma Spiced King Kebab,G,false,33,https://ecom-su-static-prod.wtrecom.com/images/products/3/LN_883334_BP_3.jpg,https://www.waitrose.com/ecom/products/waitrose-chicken-shawarma-spiced-king-kebab/883334-756307-756308,Waitrose Chicken Shawarma Spiced King Kebab,900g,£9.00,£1/100g,,Summer
599204,Waitrose 6 Large Mixed Rolls,G,false,34,https://ecom-su-static-prod.wtrecom.com/images/products/3/LN_599204_BP_3.jpg,https://www.waitrose.com/ecom/products/waitrose-6-large-mixed-rolls/599204-824246-824246,Waitrose 6 Large Mixed Rolls,6s,£1.75,29.2p each,,Summer
453153,Waitrose Middle Eastern Chicken Thighs with Amba Sauce,G,true,35,https://ecom-su-static-prod.wtrecom.com/images/products/3/LN_453153_BP_3.jpg,https://www.waitrose.com/ecom/products/waitrose-middle-eastern-chicken-thighs-with-amba-sauce/453153-824438-824439,Waitrose Middle Eastern Chicken Thighs with Amba Sauce,635g,£4.25,£6.70/kg,Add 3 for £12,Summer
778720,Waitrose Creamy Pecorino Dip,G,true,36,https://ecom-su-static-prod.wtrecom.com/images/products/3/LN_778720_BP_3.jpg,https://www.waitrose.com/ecom/products/waitrose-creamy-pecorino-dip/778720-824592-824593,Waitrose Creamy Pecorino Dip,170g,£2.85,£1.68/100g,Add 2 for £5.50,Summer
661012,"Waitrose Beetroot, Spinach & Mascarpone Quiche",G,true,37,https://ecom-su-static-prod.wtrecom.com/images/products/3/LN_661012_BP_3.jpg,https://www.waitrose.com/ecom/products/waitrose-beetroot-spinach-mascarpone-quiche/661012-824574-824575,"Waitrose Beetroot, Spinach & Mascarpone Quiche",400g,£3.50,87.5p/100g,Add 2 for £5.50,Summer
587391,Waitrose 2 Berry Cheesecake Slices,G,false,38,https://ecom-su-static-prod.wtrecom.com/images/products/3/LN_587391_BP_3.jpg,https://www.waitrose.com/ecom/products/waitrose-2-berry-cheesecake-slices/587391-825107-825108,Waitrose 2 Berry Cheesecake Slices,2x80g,£3.75,£2.35/100g,,Summer
032390,Big K Instant Lighting Charcoal,G,false,39,https://ecom-su-static-prod.wtrecom.com/images/products/3/LN_032390_BP_3.jpg,https://www.waitrose.com/ecom/products/big-k-instant-lighting-charcoal/032390-15795-15796,Big K Instant Lighting Charcoal,4x1kg,£9.00,£2.25/kg,,Summer
780547,Waitrose Mac n Cheese Quiche,G,true,40,https://ecom-su-static-prod.wtrecom.com/images/products/3/LN_780547_BP_3.jpg,https://www.waitrose.com/ecom/products/waitrose-mac-n-cheese-quiche/780547-824594-824595,Waitrose Mac n Cheese Quiche,400g,£3.50,87.5p/100g,Add 2 for £5.50,Summer
863611,Waitrose Popcorn Chicken with BBQ Sauce Dip,G,true,41,https://ecom-su-static-prod.wtrecom.com/images/products/3/LN_863611_BP_3.jpg,https://www.waitrose.com/ecom/products/waitrose-popcorn-chicken-with-bbq-sauce-dip/863611-824620-824621,Waitrose Popcorn Chicken with BBQ Sauce Dip,200g,£3.50,£1.75/100g,Add 2 for £5.50,Summer
451288,Waitrose British Roast Beef,G,true,42,https://ecom-su-static-prod.wtrecom.com/images/products/3/LN_451288_BP_3.jpg,https://www.waitrose.com/ecom/products/waitrose-british-roast-beef/451288-824544-824545,Waitrose British Roast Beef,125g,£3.25,£2.60/100g,Add 2 for £5.50,Summer
495467,Waitrose Summer 4 New York Style Beef & Pork Hot Dogs,G,true,43,https://ecom-su-static-prod.wtrecom.com/images/products/3/LN_495467_BP_3.jpg,https://www.waitrose.com/ecom/products/waitrose-summer-4-new-york-style-beef-pork-hot-dogs/495467-824440-824441,Waitrose Summer 4 New York Style Beef & Pork Hot Dogs,380g,£3.95,£10.40/kg,Add 2 for £5.75,Summer
847065,Waitrose Pork & Apple Dinky Pies,G,true,44,https://ecom-su-static-prod.wtrecom.com/images/products/3/LN_847065_BP_3.jpg,https://www.waitrose.com/ecom/products/waitrose-pork-apple-dinky-pies/847065-824608-824609,Waitrose Pork & Apple Dinky Pies,200g,£3.50,£1.75/100g,Add 2 for £5.50,Summer
782864,Waitrose Nduja & Mozarella Calzones,G,true,45,https://ecom-su-static-prod.wtrecom.com/images/products/3/LN_782864_BP_3.jpg,https://www.waitrose.com/ecom/products/waitrose-nduja-mozarella-calzones/782864-824598-824599,Waitrose Nduja & Mozarella Calzones,140g,£3.50,£2.50/100g,Add 2 for £5.50,Summer
537823,Waitrose Cooked Smokey Chipotle & Lime Chicken Pieces,G,true,46,https://ecom-su-static-prod.wtrecom.com/images/products/3/LN_537823_BP_3.jpg,https://www.waitrose.com/ecom/products/waitrose-cooked-smokey-chipotle-lime-chicken-pieces/537823-824560-824561,Waitrose Cooked Smokey Chipotle & Lime Chicken Pieces,120g,£3.25,£2.71/100g,Add 2 for £5.50,Summer
751418,Waitrose Cheddar & Hot Honey Pinwheels,G,true,47,https://ecom-su-static-prod.wtrecom.com/images/products/3/LN_751418_BP_3.jpg,https://www.waitrose.com/ecom/products/waitrose-cheddar-hot-honey-pinwheels/751418-824588-824589,Waitrose Cheddar & Hot Honey Pinwheels,96g,£3.50,£3.65/100g,Add 2 for £5.50,Summer
760188,Waitrose 4 Wholemeal Seeded Rolls,G,false,48,https://ecom-su-static-prod.wtrecom.com/images/products/3/LN_760188_BP_3.jpg,https://www.waitrose.com/ecom/products/waitrose-4-wholemeal-seeded-rolls/760188-824257-824258,Waitrose 4 Wholemeal Seeded Rolls,4s,£1.85,46.3p each,,Summer
522314,Waitrose Red Leicester Cheese & Sriracha Burger Melts,G,false,,https://ecom-su-static-prod.wtrecom.com/images/products/3/LN_522314_BP_3.jpg,https://www.waitrose.com/ecom/products/waitrose-red-leicester-cheese-sriracha-burger-melts/522314-824446-824447,,,,,,Summer
750319,Waitrose 2 Lemon & Lime Daisy Cheesecakes,G,true,,https://ecom-su-static-prod.wtrecom.com/images/products/3/LN_750319_BP_3.jpg,https://www.waitrose.com/ecom/products/waitrose-2-lemon-lime-daisy-cheesecakes/750319-825207-825208,,,,,25% Off. Was £4.00,Summer
539690,Waitrose Smoky Tomato & Roasted Red Pepper Dip,G,true,49,https://ecom-su-static-prod.wtrecom.com/images/products/3/LN_539690_BP_3.jpg,https://www.waitrose.com/ecom/products/waitrose-smoky-tomato-roasted-red-pepper-dip/539690-824562-824563,Waitrose Smoky Tomato & Roasted Red Pepper Dip,180g,£2.85,£1.59/100g,Add 2 for £5.50,Summer
773405,Waitrose Summer Piña Colada Mocktail,G,true,50,https://ecom-su-static-prod.wtrecom.com/images/products/3/LN_773405_BP_3.jpg,https://www.waitrose.com/ecom/products/waitrose-summer-pina-colada-mocktail/773405-825231-825232,Waitrose Summer Piña Colada Mocktail,750ml,£1.72,22.9p/100ml,25% Off. Was £2.30,Summer
561015,Waitrose Lemon Drizzle Cake Ice Cream,G,false,51,https://ecom-su-static-prod.wtrecom.com/images/products/3/LN_561015_BP_3.jpg,https://www.waitrose.com/ecom/products/waitrose-lemon-drizzle-cake-ice-cream/561015-824365-824366,Waitrose Lemon Drizzle Cake Ice Cream,480ml,£3.40,70.8p/100ml,,Summer
665853,Waitrose Tex Mex Creamed Corn Dip,G,true,52,https://ecom-su-static-prod.wtrecom.com/images/products/3/LN_665853_BP_3.jpg,https://www.waitrose.com/ecom/products/waitrose-tex-mex-creamed-corn-dip/665853-824576-824577,Waitrose Tex Mex Creamed Corn Dip,170g,£1.75,£1.03/100g,Add 2 for £2.50,Summer
679242,Waitrose Summer Mojito Mocktail,G,true,53,https://ecom-su-static-prod.wtrecom.com/images/products/3/LN_679242_BP_3.jpg,https://www.waitrose.com/ecom/products/waitrose-summer-mojito-mocktail/679242-825175-825176,Waitrose Summer Mojito Mocktail,750ml,£1.72,22.9p/100ml,25% Off. Was £2.30,Summer
883881,Waitrose Summer Watermelon Cooler,G,true,54,https://ecom-su-static-prod.wtrecom.com/images/products/3/LN_883881_BP_3.jpg,https://www.waitrose.com/ecom/products/waitrose-summer-watermelon-cooler/883881-825305-825306,Waitrose Summer Watermelon Cooler,750ml,£1.72,22.9p/100ml,25% Off. Was £2.30,Summer
651802,Waitrose Aleppo Chilli & Lemon Domat Olives,G,false,55,https://ecom-su-static-prod.wtrecom.com/images/products/3/LN_651802_BP_3.jpg,https://www.waitrose.com/ecom/products/waitrose-aleppo-chilli-lemon-domat-olives/651802-824572-824573,Waitrose Aleppo Chilli & Lemon Domat Olives,140g,£3.75,£2.68/100g,,Summer
086407,Essential Salad Cress,G,false,56,https://ecom-su-static-prod.wtrecom.com/images/products/3/LN_086407_BP_3.jpg,https://www.waitrose.com/ecom/products/essential-salad-cress/086407-44112-44113,Essential Salad Cress,Each,45p,45p each,,Summer
061343,Essential Potato Salad,G,false,57,https://ecom-su-static-prod.wtrecom.com/images/products/3/LN_061343_BP_3.jpg,https://www.waitrose.com/ecom/products/essential-potato-salad/061343-31048-31049,Essential Potato Salad,300g,£1.20,40p/100g,,Summer
086922,Essential Iceberg Lettuce,G,false,58,https://ecom-su-static-prod.wtrecom.com/images/products/3/LN_086922_BP_3.jpg,https://www.waitrose.com/ecom/products/essential-iceberg-lettuce/086922-44408-44409,Essential Iceberg Lettuce,250g,£1.10,44p/100g,,Summer
708913,Waitrose Celery Sticks,G,false,59,https://ecom-su-static-prod.wtrecom.com/images/products/3/LN_708913_BP_3.jpg,https://www.waitrose.com/ecom/products/waitrose-celery-sticks/708913-459834-459835,Waitrose Celery Sticks,350g,£1.25,£3.58/kg,,Summer
086414,Essential Orange Peppers,G,false,60,https://ecom-su-static-prod.wtrecom.com/images/products/3/LN_086414_BP_3.jpg,https://www.waitrose.com/ecom/products/essential-orange-peppers/086414-44124-44125,Essential Orange Peppers,Typical weight 0.16kg,60p each est.,£3.75/kg,,Summer
086513,No.1 Jack Hawkins Tomatoes,G,true,61,https://ecom-su-static-prod.wtrecom.com/images/products/3/LN_086513_BP_3.jpg,https://www.waitrose.com/ecom/products/no1-jack-hawkins-tomatoes/086513-44196-44197,No.1 Jack Hawkins Tomatoes,,£4.44,per kg,20% Off. Was £5.55,Summer
869600,Essential Side Salad,G,false,62,https://ecom-su-static-prod.wtrecom.com/images/products/3/LN_869600_BP_3.jpg,https://www.waitrose.com/ecom/products/essential-side-salad/869600-177458-177459,Essential Side Salad,150g,£1.50,£1/100g,,Summer
081286,Essential Plum Tomatoes,G,false,63,https://ecom-su-static-prod.wtrecom.com/images/products/3/LN_081286_BP_3.jpg,https://www.waitrose.com/ecom/products/essential-plum-tomatoes/081286-41343-41344,Essential Plum Tomatoes,500g,£1.70,£3.40/kg,,Summer
887019,Essential Salad Bowl,G,false,64,https://ecom-su-static-prod.wtrecom.com/images/products/3/LN_887019_BP_3.jpg,https://www.waitrose.com/ecom/products/essential-salad-bowl/887019-420651-420652,Essential Salad Bowl,330g,£2.80,84.8p/100g,,Summer
009152,Essential Mixed Salad,G,false,65,https://ecom-su-static-prod.wtrecom.com/images/products/3/LN_009152_BP_3.jpg,https://www.waitrose.com/ecom/products/essential-mixed-salad/009152-4409-4410,Essential Mixed Salad,265g,£2.65,£1/100g,,Summer
592293,Waitrose 3 Strawberry Trifles,G,false,66,https://ecom-su-static-prod.wtrecom.com/images/products/3/LN_592293_BP_3.jpg,https://www.waitrose.com/ecom/products/waitrose-3-strawberry-trifles/592293-825113-825114,Waitrose 3 Strawberry Trifles,3x135g,£3.00,74.1p/100g,,Summer
444970,Waitrose British Chicken Tandoori Kebabs,G,true,67,https://ecom-su-static-prod.wtrecom.com/images/products/3/LN_444970_BP_3.jpg,https://www.waitrose.com/ecom/products/waitrose-british-chicken-tandoori-kebabs/444970-767750-767751,Waitrose British Chicken Tandoori Kebabs,250g,£4.50,£18/kg,Add 3 for £12,Summer
853586,Waitrose Classic Dip Selection,G,false,68,https://ecom-su-static-prod.wtrecom.com/images/products/3/LN_853586_BP_3.jpg,https://www.waitrose.com/ecom/products/waitrose-classic-dip-selection/853586-824613-824613,Waitrose Classic Dip Selection,500g,£3.00,60p/100g,,Summer
592110,Waitrose Whole Chicken With Barbecue Glaze,G,false,69,https://ecom-su-static-prod.wtrecom.com/images/products/3/LN_592110_BP_3.jpg,https://www.waitrose.com/ecom/products/waitrose-whole-chicken-with-barbecue-glaze/592110-400173-400174,Waitrose Whole Chicken With Barbecue Glaze,1.5Kg,£6.90,£4.60/kg,,Summer
639039,Waitrose Buttermilk Chicken King Kebab,G,true,70,https://ecom-su-static-prod.wtrecom.com/images/products/3/LN_639039_BP_3.jpg,https://www.waitrose.com/ecom/products/waitrose-buttermilk-chicken-king-kebab/639039-767762-767763,Waitrose Buttermilk Chicken King Kebab,924g,£6.75,£7.31/kg,25% Off. Was £9.00,Summer
852729,Waitrose Double Fan Wafer 12s,G,false,71,https://ecom-su-static-prod.wtrecom.com/images/products/3/LN_852729_BP_3.jpg,https://www.waitrose.com/ecom/products/waitrose-double-fan-wafer-12s/852729-824207-824208,Waitrose Double Fan Wafer 12s,12Each,£1.80,,,Summer
988412,"Waitrose Hake Fillets w Garlic, Chilli & Paprika Butter",G,true,72,https://ecom-su-static-prod.wtrecom.com/images/products/3/LN_988412_BP_3.jpg,https://www.waitrose.com/ecom/products/waitrose-hake-fillets-w-garlic-chilli-paprika-butter/988412-826556-826557,"Waitrose Hake Fillets w Garlic, Chilli & Paprika Butter",256g,£4.80,,Introductory Offer.Will be £6.00,Summer
534267,Waitrose Ranch Dressing,G,false,73,https://ecom-su-static-prod.wtrecom.com/images/products/3/LN_534267_BP_3.jpg,https://www.waitrose.com/ecom/products/waitrose-ranch-dressing/534267-826740-826741,Waitrose Ranch Dressing,235ml,£2.20,93.6p/100ml,,Summer
523968,Waitrose Caprese Inspired Aperitivo Platter,G,false,74,https://ecom-su-static-prod.wtrecom.com/images/products/3/LN_523968_BP_3.jpg,https://www.waitrose.com/ecom/products/waitrose-caprese-inspired-aperitivo-platter/523968-824559-824559,Waitrose Caprese Inspired Aperitivo Platter,345g,£10.00,£2.90/100g,,Summer
724169,2 Beef Tomahawk Steaks,E,false,75,https://ecom-su-static-prod.wtrecom.com/images/products/3/LN_724169_BP_3.jpg,https://www.waitrose.com/ecom/products/2-beef-tomahawk-steaks/724169-498040-498041,2 Beef Tomahawk Steaks,(2.2kg-2.8kg),£62-£79 each est.,£28 / kg,,Summer
052215,Waitrose 6 Mini Melton Mowbray Pies,G,true,76,https://ecom-su-static-prod.wtrecom.com/images/products/3/LN_052215_BP_3.jpg,https://www.waitrose.com/ecom/products/waitrose-6-mini-melton-mowbray-pies/052215-26013-26014,Waitrose 6 Mini Melton Mowbray Pies,300g,£3.25,£1.09/100g,Add 2 for £5.50,Summer
594236,Waitrose Summer 4 Teriyaki Salmon Kebabs,G,true,77,https://ecom-su-static-prod.wtrecom.com/images/products/3/LN_594236_BP_3.jpg,https://www.waitrose.com/ecom/products/waitrose-summer-4-teriyaki-salmon-kebabs/594236-726150-726151,Waitrose Summer 4 Teriyaki Salmon Kebabs,230g,£4.25,£18.48/kg,Add 3 for £12,Summer
775364,Waitrose Summer 4 Minted Lamb Kebabs,G,true,78,https://ecom-su-static-prod.wtrecom.com/images/products/3/LN_775364_BP_3.jpg,https://www.waitrose.com/ecom/products/waitrose-summer-4-minted-lamb-kebabs/775364-780265-780266,Waitrose Summer 4 Minted Lamb Kebabs,260g,£4.25,£16.35/kg,Add 3 for £12,Summer
048209,Waitrose Italian Prosciutto Crudo,G,true,79,https://ecom-su-static-prod.wtrecom.com/images/products/3/LN_048209_BP_3.jpg,https://www.waitrose.com/ecom/products/waitrose-italian-prosciutto-crudo/048209-23899-23900,Waitrose Italian Prosciutto Crudo,80g,£3.75,£4.69/100g,Add 2 for £5.50,Summer
854928,Waitrose Italian Stone In Nocellara Olives,G,true,80,https://ecom-su-static-prod.wtrecom.com/images/products/3/LN_854928_BP_3.jpg,https://www.waitrose.com/ecom/products/waitrose-italian-stone-in-nocellara-olives/854928-420587-420588,Waitrose Italian Stone In Nocellara Olives,150g,£3.75,£2.50/100g,Add 2 for £5.50,Summer
063823,Waitrose Marinated Chargrilled Italian Artichokes,G,true,81,https://ecom-su-static-prod.wtrecom.com/images/products/3/LN_063823_BP_3.jpg,https://www.waitrose.com/ecom/products/waitrose-marinated-chargrilled-italian-artichokes/063823-32405-32406,Waitrose Marinated Chargrilled Italian Artichokes,160g,£4.00,£2.50/100g,Add 2 for £5.50,Summer
806339,Waitrose Mediterranean Olives with Herbes De Provence,G,true,82,https://ecom-su-static-prod.wtrecom.com/images/products/3/LN_806339_BP_3.jpg,https://www.waitrose.com/ecom/products/waitrose-mediterranean-olives-with-herbes-de-provence/806339-676368-676369,Waitrose Mediterranean Olives with Herbes De Provence,145g,£3.75,£2.59/100g,Add 2 for £5.50,Summer
052224,Waitrose Melton Mowbray Pork Pie,G,true,83,https://ecom-su-static-prod.wtrecom.com/images/products/3/LN_052224_BP_3.jpg,https://www.waitrose.com/ecom/products/waitrose-melton-mowbray-pork-pie/052224-26025-26026,Waitrose Melton Mowbray Pork Pie,273g,£3.00,£1.10/100g,Add 2 for £5.50,Summer
603206,Waitrose 4 Harissa Halloumi Kebabs,G,true,84,https://ecom-su-static-prod.wtrecom.com/images/products/3/LN_603206_BP_3.jpg,https://www.waitrose.com/ecom/products/waitrose-4-harissa-halloumi-kebabs/603206-756275-756276,Waitrose 4 Harissa Halloumi Kebabs,240g,£4.25,£1.78/100g,Add 3 for £12,Summer
882722,Waitrose Garlic & Jalapeño Greek Halikidiki Olives,G,true,85,https://ecom-su-static-prod.wtrecom.com/images/products/3/LN_882722_BP_3.jpg,https://www.waitrose.com/ecom/products/waitrose-garlic-jalapeno-greek-halikidiki-olives/882722-202537-202538,Waitrose Garlic & Jalapeño Greek Halikidiki Olives,150g,£3.75,£2.50/100g,Add 2 for £5.50,Summer
831533,Waitrose Greek Conservolia & Kalamata Olives with Feta,G,true,86,https://ecom-su-static-prod.wtrecom.com/images/products/3/LN_831533_BP_3.jpg,https://www.waitrose.com/ecom/products/waitrose-greek-conservolia-kalamata-olives-with-feta/831533-202483-202484,Waitrose Greek Conservolia & Kalamata Olives with Feta,145g,£3.75,£2.59/100g,Add 2 for £5.50,Summer
075894,Waitrose MSC Cantabrian Anchovies,G,true,87,https://ecom-su-static-prod.wtrecom.com/images/products/3/LN_075894_BP_3.jpg,https://www.waitrose.com/ecom/products/waitrose-msc-cantabrian-anchovies/075894-38516-38517,Waitrose MSC Cantabrian Anchovies,145g,£4.00,£2.76/100g,Add 2 for £5.50,Summer
570402,Waitrose French Saucisson Sec,G,true,88,https://ecom-su-static-prod.wtrecom.com/images/products/3/LN_570402_BP_3.jpg,https://www.waitrose.com/ecom/products/waitrose-french-saucisson-sec/570402-486543-486544,Waitrose French Saucisson Sec,70g,£3.75,£5.36/100g,Add 2 for £5.50,Summer
457622,Waitrose Ricotta Stuffed Cherry Peppers,G,true,89,https://ecom-su-static-prod.wtrecom.com/images/products/3/LN_457622_BP_3.jpg,https://www.waitrose.com/ecom/products/waitrose-ricotta-stuffed-cherry-peppers/457622-274741-274742,Waitrose Ricotta Stuffed Cherry Peppers,135g,£4.00,£2.97/100g,Add 2 for £5.50,Summer
722789,Waitrose 4 Brioche Hot Dog Rolls,G,false,90,https://ecom-su-static-prod.wtrecom.com/images/products/3/LN_722789_BP_3.jpg,https://www.waitrose.com/ecom/products/waitrose-4-brioche-hot-dog-rolls/722789-779367-779368,Waitrose 4 Brioche Hot Dog Rolls,4s,£1.80,45p each,,Summer
848526,Waitrose Greek Kalamata Olives,G,true,91,https://ecom-su-static-prod.wtrecom.com/images/products/3/LN_848526_BP_3.jpg,https://www.waitrose.com/ecom/products/waitrose-greek-kalamata-olives/848526-676376-676377,Waitrose Greek Kalamata Olives,145g,£3.75,£2.59/100g,Add 2 for £5.50,Summer
542940,Waitrose Garlic & Chilli King Prawns,G,true,92,https://ecom-su-static-prod.wtrecom.com/images/products/3/LN_542940_BP_3.jpg,https://www.waitrose.com/ecom/products/waitrose-garlic-chilli-king-prawns/542940-724869-724870,Waitrose Garlic & Chilli King Prawns,130g,£4.00,£3.08/100g,Add 2 for £5.50,Summer
849898,Waitrose Spanish Manzanilla Olives & Manchego,G,true,93,https://ecom-su-static-prod.wtrecom.com/images/products/3/LN_849898_BP_3.jpg,https://www.waitrose.com/ecom/products/waitrose-spanish-manzanilla-olives-manchego/849898-202499-202500,Waitrose Spanish Manzanilla Olives & Manchego,150g,£3.75,£2.50/100g,Add 2 for £5.50,Summer
604230,"Waitrose 4 Pork, Tomato & Mozzarella Kebabs",G,true,94,https://ecom-su-static-prod.wtrecom.com/images/products/3/LN_604230_BP_3.jpg,https://www.waitrose.com/ecom/products/waitrose-4-pork-tomato-mozzarella-kebabs/604230-779929-779930,"Waitrose 4 Pork, Tomato & Mozzarella Kebabs",300g,£4.25,£14.17/kg,Add 3 for £12,Summer
582796,Waitrose Summer Middle East Beef Kofta Kebabs,G,true,95,https://ecom-su-static-prod.wtrecom.com/images/products/3/LN_582796_BP_3.jpg,https://www.waitrose.com/ecom/products/waitrose-summer-middle-east-beef-kofta-kebabs/582796-780209-780210,Waitrose Summer Middle East Beef Kofta Kebabs,320g,£4.25,£13.29/kg,Add 3 for £12,Summer
612152,Roasted Garlic Aioli with Lemon & Parsley,G,true,96,https://ecom-su-static-prod.wtrecom.com/images/products/3/LN_612152_BP_3.jpg,https://www.waitrose.com/ecom/products/roasted-garlic-aioli-with-lemon-parsley/612152-803610-803611,Roasted Garlic Aioli with Lemon & Parsley,180g,£2.85,£1.59/100g,Add 2 for £5.50,Summer
642988,Waitrose Mini Cornish Pasties,G,true,97,https://ecom-su-static-prod.wtrecom.com/images/products/3/LN_642988_BP_3.jpg,https://www.waitrose.com/ecom/products/waitrose-mini-cornish-pasties/642988-804698-804699,Waitrose Mini Cornish Pasties,180g,£3.50,£1.95/100g,Add 2 for £5.50,Summer
821642,Waitrose Mediterranean Nocellara Kalamata & Gordal Olives,G,true,98,https://ecom-su-static-prod.wtrecom.com/images/products/3/LN_821642_BP_3.jpg,https://www.waitrose.com/ecom/products/waitrose-mediterranean-nocellara-kalamata-gordal-olives/821642-739580-739581,Waitrose Mediterranean Nocellara Kalamata & Gordal Olives,145g,£3.75,£2.59/100g,Add 2 for £5.50,Summer
684563,Waitrose Roast Garlic Aioli Potato Salad,G,false,99,https://ecom-su-static-prod.wtrecom.com/images/products/3/LN_684563_BP_3.jpg,https://www.waitrose.com/ecom/products/waitrose-roast-garlic-aioli-potato-salad/684563-823943-823944,Waitrose Roast Garlic Aioli Potato Salad,250g,£2.25,90p/100g,,Summer
868760,Waitrose Asian Salmon Burgers with Chilli,G,true,100,https://ecom-su-static-prod.wtrecom.com/images/products/3/LN_868760_BP_3.jpg,https://www.waitrose.com/ecom/products/waitrose-asian-salmon-burgers-with-chilli/868760-726168-726169,Waitrose Asian Salmon Burgers with Chilli,360g,£4.25,£11.81/kg,Add 3 for £12,Summer
702260,Waitrose 4 Applewood Beef Burgers,G,true,101,https://ecom-su-static-prod.wtrecom.com/images/products/3/LN_702260_BP_3.jpg,https://www.waitrose.com/ecom/products/waitrose-4-applewood-beef-burgers/702260-415055-415056,Waitrose 4 Applewood Beef Burgers,454g,£4.25,£9.37/kg,Add 3 for £12,Summer
432442,Waitrose 4 Chicken & Chorizo Kofta Kebabs,G,true,102,https://ecom-su-static-prod.wtrecom.com/images/products/3/LN_432442_BP_3.jpg,https://www.waitrose.com/ecom/products/waitrose-4-chicken-chorizo-kofta-kebabs/432442-804308-804309,Waitrose 4 Chicken & Chorizo Kofta Kebabs,270g,£4.25,£1.58/100g,Add 3 for £12,Summer
694741,Waitrose Pimento Stuffed Greek Halkidiki Olives,G,true,103,https://ecom-su-static-prod.wtrecom.com/images/products/3/LN_694741_BP_3.jpg,https://www.waitrose.com/ecom/products/waitrose-pimento-stuffed-greek-halkidiki-olives/694741-202395-202396,Waitrose Pimento Stuffed Greek Halkidiki Olives,150g,£3.75,£2.50/100g,Add 2 for £5.50,Summer
859830,Waitrose Summer 2 Layered Summer Puddings,G,false,104,https://ecom-su-static-prod.wtrecom.com/images/products/3/LN_859830_BP_3.jpg,https://www.waitrose.com/ecom/products/waitrose-summer-2-layered-summer-puddings/859830-779995-779996,Waitrose Summer 2 Layered Summer Puddings,2x150g,£4.00,£1.34/100g,,Summer
716872,Waitrose Pork & Pickle Pies,G,true,105,https://ecom-su-static-prod.wtrecom.com/images/products/3/LN_716872_BP_3.jpg,https://www.waitrose.com/ecom/products/waitrose-pork-pickle-pies/716872-804712-804713,Waitrose Pork & Pickle Pies,300g,£3.25,£1.09/100g,Add 2 for £5.50,Summer
825674,Waitrose Sweet & Smoky Harissa Houmous,G,true,106,https://ecom-su-static-prod.wtrecom.com/images/products/3/LN_825674_BP_3.jpg,https://www.waitrose.com/ecom/products/waitrose-sweet-smoky-harissa-houmous/825674-803624-803625,Waitrose Sweet & Smoky Harissa Houmous,200g,£2.85,£1.43/100g,Add 2 for £5.50,Summer
772428,Waitrose Serrano & Ibérico Cheese Involtinis,G,true,107,https://ecom-su-static-prod.wtrecom.com/images/products/3/LN_772428_BP_3.jpg,https://www.waitrose.com/ecom/products/waitrose-serrano-iberico-cheese-involtinis/772428-755675-755676,Waitrose Serrano & Ibérico Cheese Involtinis,96g,£3.75,£3.91/100g,Add 2 for £5.50,Summer
575928,Waitrose Sun-Drenched Tomatoes,G,true,108,https://ecom-su-static-prod.wtrecom.com/images/products/3/LN_575928_BP_3.jpg,https://www.waitrose.com/ecom/products/waitrose-sun-drenched-tomatoes/575928-202361-202362,Waitrose Sun-Drenched Tomatoes,160g,£4.00,£2.50/100g,Add 2 for £5.50,Summer
793165,Waitrose Smokey Chipotle Coleslaw,G,false,109,https://ecom-su-static-prod.wtrecom.com/images/products/3/LN_793165_BP_3.jpg,https://www.waitrose.com/ecom/products/waitrose-smokey-chipotle-coleslaw/793165-801484-801485,Waitrose Smokey Chipotle Coleslaw,250g,£2.20,88p/100g,,Summer
695197,Waitrose Summer 2 Smoky Chipotle Beef Steaks,G,true,110,https://ecom-su-static-prod.wtrecom.com/images/products/3/LN_695197_BP_3.jpg,https://www.waitrose.com/ecom/products/waitrose-summer-2-smoky-chipotle-beef-steaks/695197-780215-780216,Waitrose Summer 2 Smoky Chipotle Beef Steaks,265g,£4.25,£16.04/kg,Add 3 for £12,Summer
576173,Waitrose Honey & Mustard Cocktail Sausages,G,true,111,https://ecom-su-static-prod.wtrecom.com/images/products/3/LN_576173_BP_3.jpg,https://www.waitrose.com/ecom/products/waitrose-honey-mustard-cocktail-sausages/576173-804666-804667,Waitrose Honey & Mustard Cocktail Sausages,255g,£3.50,£1.38/100g,Add 2 for £5.50,Summer
658566,Waitrose Italian Prosciutto Cotto,G,true,112,https://ecom-su-static-prod.wtrecom.com/images/products/3/LN_658566_BP_3.jpg,https://www.waitrose.com/ecom/products/waitrose-italian-prosciutto-cotto/658566-486631-486632,Waitrose Italian Prosciutto Cotto,92g,£3.50,£3.81/100g,Add 2 for £5.50,Summer
562392,Waitrose Black Pepper & Soy Flat Iron Steak,G,false,113,https://ecom-su-static-prod.wtrecom.com/images/products/3/LN_562392_BP_3.jpg,https://www.waitrose.com/ecom/products/waitrose-black-pepper-soy-flat-iron-steak/562392-726144-726145,Waitrose Black Pepper & Soy Flat Iron Steak,505g,£9.00,£17.83/kg,,Summer
550685,"Waitrose Sun-Drenched Tomatoes, Mozzarella & Pesto",G,true,114,https://ecom-su-static-prod.wtrecom.com/images/products/3/LN_550685_BP_3.jpg,https://www.waitrose.com/ecom/products/waitrose-sun-drenched-tomatoes-mozzarella-pesto/550685-202353-202354,"Waitrose Sun-Drenched Tomatoes, Mozzarella & Pesto",200g,£4.00,£2/100g,Add 2 for £5.50,Summer
840634,Waitrose Chorizo & Gouda Cheese Involtinis,G,true,115,https://ecom-su-static-prod.wtrecom.com/images/products/3/LN_840634_BP_3.jpg,https://www.waitrose.com/ecom/products/waitrose-chorizo-gouda-cheese-involtinis/840634-661209-661210,Waitrose Chorizo & Gouda Cheese Involtinis,80g,£3.75,£4.69/100g,Add 2 for £5.50,Summer
577931,Waitrose Sweet Chilli Jam Pork Sausage Rolls,G,true,116,https://ecom-su-static-prod.wtrecom.com/images/products/3/LN_577931_BP_3.jpg,https://www.waitrose.com/ecom/products/waitrose-sweet-chilli-jam-pork-sausage-rolls/577931-804670-804671,Waitrose Sweet Chilli Jam Pork Sausage Rolls,180g,£3.50,£1.95/100g,Add 2 for £5.50,Summer
858847,Waitrose Summer Layered Summer Pudding,G,false,117,https://ecom-su-static-prod.wtrecom.com/images/products/3/LN_858847_BP_3.jpg,https://www.waitrose.com/ecom/products/waitrose-summer-layered-summer-pudding/858847-779991-779992,Waitrose Summer Layered Summer Pudding,405g,£4.75,£1.18/100g,,Summer
642081,Waitrose Patatas Bravas & Chorizo,G,true,118,https://ecom-su-static-prod.wtrecom.com/images/products/3/LN_642081_BP_3.jpg,https://www.waitrose.com/ecom/products/waitrose-patatas-bravas-chorizo/642081-777826-777827,Waitrose Patatas Bravas & Chorizo,180g,£4.00,£2.23/100g,Add 2 for £5.50,Summer
574625,Waitrose Greek Salad Antipasti,G,true,119,https://ecom-su-static-prod.wtrecom.com/images/products/3/LN_574625_BP_3.jpg,https://www.waitrose.com/ecom/products/waitrose-greek-salad-antipasti/574625-803608-803609,Waitrose Greek Salad Antipasti,170g,£4.00,£2.36/100g,Add 2 for £5.50,Summer
695676,Waitrose Mediterranean Chargrilled Vegetables,G,true,120,https://ecom-su-static-prod.wtrecom.com/images/products/3/LN_695676_BP_3.jpg,https://www.waitrose.com/ecom/products/waitrose-mediterranean-chargrilled-vegetables/695676-421833-421834,Waitrose Mediterranean Chargrilled Vegetables,160g,£4.00,£2.50/100g,Add 2 for £5.50,Summer
561163,Waitrose Fruit Kebabs,G,false,121,https://ecom-su-static-prod.wtrecom.com/images/products/3/LN_561163_BP_3.jpg,https://www.waitrose.com/ecom/products/waitrose-fruit-kebabs/561163-772468-772469,Waitrose Fruit Kebabs,417g,£5.00,£1.20/100g,,Summer
767314,Duchy Organic Houmous,G,false,122,https://ecom-su-static-prod.wtrecom.com/images/products/3/LN_767314_BP_3.jpg,https://www.waitrose.com/ecom/products/duchy-organic-houmous/767314-824590-824591,Duchy Organic Houmous,300g,£3.00,£1/100g,,Summer
805624,Cornish Quartz Cheddar & Pickles,G,true,123,https://ecom-su-static-prod.wtrecom.com/images/products/3/LN_805624_BP_3.jpg,https://www.waitrose.com/ecom/products/cornish-quartz-cheddar-pickles/805624-803618-803619,Cornish Quartz Cheddar & Pickles,160g,£4.00,£2.50/100g,Add 2 for £5.50,Summer
866548,Waitrose Sicilian Lemon & Mascarpone Profiteroles,G,false,124,https://ecom-su-static-prod.wtrecom.com/images/products/3/LN_866548_BP_3.jpg,https://www.waitrose.com/ecom/products/waitrose-sicilian-lemon-mascarpone-profiteroles/866548-804742-804743,Waitrose Sicilian Lemon & Mascarpone Profiteroles,115g,£4.00,£3.48/100g,,Summer
848533,Waitrose Lemongrass And Ginger Chicken Breast Kebab,G,true,125,https://ecom-su-static-prod.wtrecom.com/images/products/3/LN_848533_BP_3.jpg,https://www.waitrose.com/ecom/products/waitrose-lemongrass-and-ginger-chicken-breast-kebab/848533-175460-175461,Waitrose Lemongrass And Ginger Chicken Breast Kebab,248g,£4.25,£17.14/kg,Add 3 for £12,Summer
482154,Waitrose Summer Fruit Melba Bowl,G,false,126,https://ecom-su-static-prod.wtrecom.com/images/products/3/LN_482154_BP_3.jpg,https://www.waitrose.com/ecom/products/waitrose-summer-fruit-melba-bowl/482154-804228-804229,Waitrose Summer Fruit Melba Bowl,400g,£4.95,£1.24/100g,,Summer
842383,Waitrose Summer 4 Chimichurri Beef Bavette Steaks,G,true,127,https://ecom-su-static-prod.wtrecom.com/images/products/3/LN_842383_BP_3.jpg,https://www.waitrose.com/ecom/products/waitrose-summer-4-chimichurri-beef-bavette-steaks/842383-661297-661298,Waitrose Summer 4 Chimichurri Beef Bavette Steaks,280g,£4.25,£15.18/kg,Add 3 for £12,Summer
421385,Waitrose Mango And Coconut Chicken Breast Steak,G,true,128,https://ecom-su-static-prod.wtrecom.com/images/products/3/LN_421385_BP_3.jpg,https://www.waitrose.com/ecom/products/waitrose-mango-and-coconut-chicken-breast-steak/421385-661221-661222,Waitrose Mango And Coconut Chicken Breast Steak,284g,£4.25,£14.97/kg,Add 3 for £12,Summer
770913,Waitrose Cooked Lemon And Herb Chicken Pieces,G,true,129,https://ecom-su-static-prod.wtrecom.com/images/products/3/LN_770913_BP_3.jpg,https://www.waitrose.com/ecom/products/waitrose-cooked-lemon-and-herb-chicken-pieces/770913-109671-109672,Waitrose Cooked Lemon And Herb Chicken Pieces,120g,£3.25,£2.71/100g,Add 2 for £5.50,Summer
451045,Waitrose Mild Scottish Smoked Salmon,G,true,130,https://ecom-su-static-prod.wtrecom.com/images/products/3/LN_451045_BP_3.jpg,https://www.waitrose.com/ecom/products/waitrose-mild-scottish-smoked-salmon/451045-63564-63565,Waitrose Mild Scottish Smoked Salmon,100g,£5.50,£5.50/100g,Add 2 for £7.50,Summer
027088,Lurpak Slighlty Salted Spreadable Butter with Rapeseed Oil,G,false,131,https://ecom-su-static-prod.wtrecom.com/images/products/3/LN_027088_BP_3.jpg,https://www.waitrose.com/ecom/products/lurpak-slighlty-salted-spreadable-butter-with-rapeseed-oil/027088-13157-13158,Lurpak Slighlty Salted Spreadable Butter with Rapeseed Oil,400g,£3.95,£9.88/kg,,Summer
836765,No. 1 Strained Natural Greek Yogurt Large,G,false,132,https://ecom-su-static-prod.wtrecom.com/images/products/3/LN_836765_BP_3.jpg,https://www.waitrose.com/ecom/products/no-1-strained-natural-greek-yogurt-large/836765-291542-291543,No. 1 Strained Natural Greek Yogurt Large,500g,£2.35,47p/100g,,Summer
540706,Waitrose 4 Brioche Burger Buns,G,true,133,https://ecom-su-static-prod.wtrecom.com/images/products/3/LN_540706_BP_3.jpg,https://www.waitrose.com/ecom/products/waitrose-4-brioche-burger-buns/540706-779361-779362,Waitrose 4 Brioche Burger Buns,4s,£1.31,32.8p each,25% Off. Was £1.75,Summer
056130,Waitrose Deli Style Coleslaw,G,false,134,https://ecom-su-static-prod.wtrecom.com/images/products/3/LN_056130_BP_3.jpg,https://www.waitrose.com/ecom/products/waitrose-deli-style-coleslaw/056130-28133-28134,Waitrose Deli Style Coleslaw,300g,£1.75,58.3p/100g,,Summer
616207,Essential 2 Extra Length Kitchen Rolls,G,false,135,https://ecom-su-static-prod.wtrecom.com/images/products/3/LN_616207_BP_3.jpg,https://www.waitrose.com/ecom/products/essential-2-extra-length-kitchen-rolls/616207-698054-698055,Essential 2 Extra Length Kitchen Rolls,2x100 sheets,£2.70,£1.35/100 sheets,,Summer
761195,Waitrose Finely Sliced Wiltshire Honey Ham,G,true,136,https://ecom-su-static-prod.wtrecom.com/images/products/3/LN_761195_BP_3.jpg,https://www.waitrose.com/ecom/products/waitrose-finely-sliced-wiltshire-honey-ham/761195-319650-319651,Waitrose Finely Sliced Wiltshire Honey Ham,130g,£3.50,£2.70/100g,Add 2 for £6,Summer
697224,Waitrose British Native Breed Thin Cut Sirloin Steak,G,true,137,https://ecom-su-static-prod.wtrecom.com/images/products/3/LN_697224_BP_3.jpg,https://www.waitrose.com/ecom/products/waitrose-british-native-breed-thin-cut-sirloin-steak/697224-134133-134134,Waitrose British Native Breed Thin Cut Sirloin Steak,150g,£4.95,£33/kg,Add 3 for £12,Summer
855677,Waitrose Cypriot Halloumi Cheese Strength 1,G,false,138,https://ecom-su-static-prod.wtrecom.com/images/products/3/LN_855677_BP_3.jpg,https://www.waitrose.com/ecom/products/waitrose-cypriot-halloumi-cheese-strength-1/855677-229577-229578,Waitrose Cypriot Halloumi Cheese Strength 1,250g,£2.80,£11.20/kg,,Summer
426316,Waitrose British Roast Beef Topside 3 Slices,G,true,139,https://ecom-su-static-prod.wtrecom.com/images/products/3/LN_426316_BP_3.jpg,https://www.waitrose.com/ecom/products/waitrose-british-roast-beef-topside-3-slices/426316-156489-156490,Waitrose British Roast Beef Topside 3 Slices,100g,£3.50,£3.50/100g,Add 2 for £6,Summer
363544,No.1 Free Range 6 Pork Sausages,G,false,140,https://ecom-su-static-prod.wtrecom.com/images/products/3/LN_363544_BP_3.jpg,https://www.waitrose.com/ecom/products/no1-free-range-6-pork-sausages/363544-147843-147844,No.1 Free Range 6 Pork Sausages,400g,£4.50,£11.25/kg,,Summer
058019,Evian Still Mineral Water,G,false,141,https://ecom-su-static-prod.wtrecom.com/images/products/3/LN_058019_BP_3.jpg,https://www.waitrose.com/ecom/products/evian-still-mineral-water/058019-29118-29119,Evian Still Mineral Water,6x1.5litre,£5.75,6.4p/100ml,,Summer
034178,Waitrose Quiche Lorraine,G,true,142,https://ecom-su-static-prod.wtrecom.com/images/products/3/LN_034178_BP_3.jpg,https://www.waitrose.com/ecom/products/waitrose-quiche-lorraine/034178-17117-17118,Waitrose Quiche Lorraine,400g,£3.50,87.5p/100g,Add 2 for £5.50,Summer
003354,Walkers Ready Salted Multipack Crisps,G,true,143,https://ecom-su-static-prod.wtrecom.com/images/products/3/LN_003354_BP_3.jpg,https://www.waitrose.com/ecom/products/walkers-ready-salted-multipack-crisps/003354-1301-1302,Walkers Ready Salted Multipack Crisps,6x25g,£2.25,£1.50/100g,Add 2 for £3.25,Summer
519514,"Essential Chicken Thighs, Skin-on & Bone-in",G,false,144,https://ecom-su-static-prod.wtrecom.com/images/products/3/LN_519514_BP_3.jpg,https://www.waitrose.com/ecom/products/essential-chicken-thighs-skin-on-bone-in/519514-707754-707755,"Essential Chicken Thighs, Skin-on & Bone-in",1Kg,£3.25,£3.25/kg,,Summer
611725,San Leo Prosecco DOC,W,false,145,https://ecom-su-static-prod.wtrecom.com/images/products/3/LN_611725_BP_3.jpg,https://www.waitrose.com/ecom/products/san-leo-prosecco-doc/611725-86791-86792,San Leo Prosecco DOC,75cl,£9.99,£9.99/75cl,,Summer
459486,The Ice Co° Premium Ice Cubes,G,false,146,https://ecom-su-static-prod.wtrecom.com/images/products/3/LN_459486_BP_3.jpg,https://www.waitrose.com/ecom/products/the-ice-co-premium-ice-cubes/459486-771123-771124,The Ice Co° Premium Ice Cubes,2Kg,£1.45,72.5p/kg,,Summer
681764,Regina Blitz 3 Ply Towels,G,false,147,https://ecom-su-static-prod.wtrecom.com/images/products/3/LN_681764_BP_3.jpg,https://www.waitrose.com/ecom/products/regina-blitz-3-ply-towels/681764-268170-268171,Regina Blitz 3 Ply Towels,2x70 sheets,£5.25,£3.75/100 sheets,,Summer
737519,Waitrose 4 British Native Breed Beef Quarterpounders,G,true,148,https://ecom-su-static-prod.wtrecom.com/images/products/3/LN_737519_BP_3.jpg,https://www.waitrose.com/ecom/products/waitrose-4-british-native-breed-beef-quarterpounders/737519-104838-104839,Waitrose 4 British Native Breed Beef Quarterpounders,454g,£4.50,£9.92/kg,Add 3 for £12,Summer
012015,"The Ned Sauvignon Blanc Marlborough, New Zealand",W,true,149,https://ecom-su-static-prod.wtrecom.com/images/products/3/LN_012015_BP_3.jpg,https://www.waitrose.com/ecom/products/the-ned-sauvignon-blanc-marlborough-new-zealand/012015-5940-5941,"The Ned Sauvignon Blanc Marlborough, New Zealand",75cl,£11.99,£11.99/75cl,Buyers Choice,Summer
493513,No.1 White Sourdough Bread,G,false,150,https://ecom-su-static-prod.wtrecom.com/images/products/3/LN_493513_BP_3.jpg,https://www.waitrose.com/ecom/products/no1-white-sourdough-bread/493513-373129-373130,No.1 White Sourdough Bread,500g,£2.20,44p/100g,,Summer
039832,Waitrose Ciabatta Rolls,G,false,151,https://ecom-su-static-prod.wtrecom.com/images/products/3/LN_039832_BP_3.jpg,https://www.waitrose.com/ecom/products/waitrose-ciabatta-rolls/039832-19712-19713,Waitrose Ciabatta Rolls,4s,£1.50,37.5p each,,Summer
057243,Essential White Floured Baps,G,false,152,https://ecom-su-static-prod.wtrecom.com/images/products/3/LN_057243_BP_3.jpg,https://www.waitrose.com/ecom/products/essential-white-floured-baps/057243-28795-28796,Essential White Floured Baps,6s,90p,15p each,,Summer
093118,Highland Spring Mineral Water Still,G,false,153,https://ecom-su-static-prod.wtrecom.com/images/products/3/LN_093118_BP_3.jpg,https://www.waitrose.com/ecom/products/highland-spring-mineral-water-still/093118-47837-47838,Highland Spring Mineral Water Still,6x1.5litre,£4.20,4.7p/100ml,,Summer
436781,Waitrose British Roast Ham,G,true,154,https://ecom-su-static-prod.wtrecom.com/images/products/3/LN_436781_BP_3.jpg,https://www.waitrose.com/ecom/products/waitrose-british-roast-ham/436781-319540-319541,Waitrose British Roast Ham,125g,£3.25,£2.60/100g,Add 2 for £5.50,Summer
669732,Plenty The Original One,G,false,155,https://ecom-su-static-prod.wtrecom.com/images/products/3/LN_669732_BP_3.jpg,https://www.waitrose.com/ecom/products/plenty-the-original-one/669732-596437-596438,Plenty The Original One,2x100 sheets,£6.00,£3/100 sheets,,Summer
058259,Schweppes Slimline Tonic Water Bottle,G,false,156,https://ecom-su-static-prod.wtrecom.com/images/products/3/LN_058259_BP_3.jpg,https://www.waitrose.com/ecom/products/schweppes-slimline-tonic-water-bottle/058259-29271-29272,Schweppes Slimline Tonic Water Bottle,1litre,£1.80,18p/100ml,,Summer
525474,Waitrose Parma Ham 6 Slices,G,false,157,https://ecom-su-static-prod.wtrecom.com/images/products/3/LN_525474_BP_3.jpg,https://www.waitrose.com/ecom/products/waitrose-parma-ham-6-slices/525474-156519-156520,Waitrose Parma Ham 6 Slices,72g,£3.75,£5.21/100g,,Summer
888822,Duchy Organic Greek Feta Cheese Strength 3,G,false,158,https://ecom-su-static-prod.wtrecom.com/images/products/3/LN_888822_BP_3.jpg,https://www.waitrose.com/ecom/products/duchy-organic-greek-feta-cheese-strength-3/888822-268341-268342,Duchy Organic Greek Feta Cheese Strength 3,200g,£3.00,£15/kg,,Summer
040261,Waitrose Italian Grated Mozzarella Cheese Strength 1,G,false,159,https://ecom-su-static-prod.wtrecom.com/images/products/3/LN_040261_BP_3.jpg,https://www.waitrose.com/ecom/products/waitrose-italian-grated-mozzarella-cheese-strength-1/040261-19919-19920,Waitrose Italian Grated Mozzarella Cheese Strength 1,250g,£2.50,£10/kg,,Summer
069832,San Pellegrino Sparkling Natural Mineral Water,G,true,160,https://ecom-su-static-prod.wtrecom.com/images/products/3/LN_069832_BP_3.jpg,https://www.waitrose.com/ecom/products/san-pellegrino-sparkling-natural-mineral-water/069832-35400-35401,San Pellegrino Sparkling Natural Mineral Water,6x1litre,£5.50,9.2p/100ml,save £1.45. Was £6.95,Summer
005402,Lurpak Lighter Spreadable Spreadable Butter with Rapeseed Oil,G,false,161,https://ecom-su-static-prod.wtrecom.com/images/products/3/LN_005402_BP_3.jpg,https://www.waitrose.com/ecom/products/lurpak-lighter-spreadable-spreadable-butter-with-rapeseed-oil/005402-2337-2338,Lurpak Lighter Spreadable Spreadable Butter with Rapeseed Oil,400g,£3.95,£9.88/kg,,Summer
025839,Waitrose British Wiltshire Breaded Ham Slices,G,true,162,https://ecom-su-static-prod.wtrecom.com/images/products/3/LN_025839_BP_3.jpg,https://www.waitrose.com/ecom/products/waitrose-british-wiltshire-breaded-ham-slices/025839-12604-12605,Waitrose British Wiltshire Breaded Ham Slices,130g,£3.50,£2.70/100g,Add 2 for £6,Summer
019025,Heinz Baked Beans,G,true,163,https://ecom-su-static-prod.wtrecom.com/images/products/3/LN_019025_BP_3.jpg,https://www.waitrose.com/ecom/products/heinz-baked-beans/019025-9181-9182,Heinz Baked Beans,415g,£1.40,£3.38/kg,Add 2 for £2,Summer
401407,Esprit de Buganay Côtes de Provence Rosé,W,false,164,https://ecom-su-static-prod.wtrecom.com/images/products/3/LN_401407_BP_3.jpg,https://www.waitrose.com/ecom/products/esprit-de-buganay-cotes-de-provence-rose/401407-56480-56481,Esprit de Buganay Côtes de Provence Rosé,75cl,£14.99,£14.99/75cl,,Summer
607989,Terre Di Faiano Primitivo Organic Puglia,W,false,165,https://ecom-su-static-prod.wtrecom.com/images/products/3/LN_607989_BP_3.jpg,https://www.waitrose.com/ecom/products/terre-di-faiano-primitivo-organic-puglia/607989-348541-348542,Terre Di Faiano Primitivo Organic Puglia,75cl,£10.99,£10.99/75cl,,Summer
419757,No.1 Free Range Blossom Honey Roast Ham,G,false,166,https://ecom-su-static-prod.wtrecom.com/images/products/3/LN_419757_BP_3.jpg,https://www.waitrose.com/ecom/products/no1-free-range-blossom-honey-roast-ham/419757-581130-581131,No.1 Free Range Blossom Honey Roast Ham,100g,£4.00,£4/100g,,Summer
022570,Yeo Valley Organic Natural Greek Style Yogurt,G,false,167,https://ecom-su-static-prod.wtrecom.com/images/products/3/LN_022570_BP_3.jpg,https://www.waitrose.com/ecom/products/yeo-valley-organic-natural-greek-style-yogurt/022570-11019-11020,Yeo Valley Organic Natural Greek Style Yogurt,450g,£2.25,50p/100g,,Summer
617413,Steve's Leaves Pea Shoots & Baby Leaves,G,true,168,https://ecom-su-static-prod.wtrecom.com/images/products/3/LN_617413_BP_3.jpg,https://www.waitrose.com/ecom/products/steves-leaves-pea-shoots-baby-leaves/617413-87606-87607,Steve's Leaves Pea Shoots & Baby Leaves,60g,£1.28,£2.14/100g,20% Off. Was £1.60,Summer
670297,Le Bijou Rosé De Sophie Valrose Coteaux De Béziers,W,true,169,https://ecom-su-static-prod.wtrecom.com/images/products/3/LN_670297_BP_3.jpg,https://www.waitrose.com/ecom/products/le-bijou-rose-de-sophie-valrose-coteaux-de-beziers/670297-343262-343263,Le Bijou Rosé De Sophie Valrose Coteaux De Béziers,75cl,£10.99,£10.99/75cl,Buyers Choice,Summer
445805,Essential British Beef Rump Steak,G,false,170,https://ecom-su-static-prod.wtrecom.com/images/products/3/LN_445805_BP_3.jpg,https://www.waitrose.com/ecom/products/essential-british-beef-rump-steak/445805-62758-62759,Essential British Beef Rump Steak,230g,£3.75,£16.31/kg,,Summer
003232,Walkers Cheese & Onion Multipack Crisps,G,true,171,https://ecom-su-static-prod.wtrecom.com/images/products/3/LN_003232_BP_3.jpg,https://www.waitrose.com/ecom/products/walkers-cheese-onion-multipack-crisps/003232-1231-1232,Walkers Cheese & Onion Multipack Crisps,6x25g,£2.25,£1.50/100g,Add 2 for £3.25,Summer
065131,Essential Baguette,G,false,172,https://ecom-su-static-prod.wtrecom.com/images/products/3/LN_065131_BP_3.jpg,https://www.waitrose.com/ecom/products/essential-baguette/065131-33004-33005,Essential Baguette,400g,£1.20,30p/100g,,Summer
506272,No.1 2 Raspberry Panna Cotta,G,true,173,https://ecom-su-static-prod.wtrecom.com/images/products/3/LN_506272_BP_3.jpg,https://www.waitrose.com/ecom/products/no1-2-raspberry-panna-cotta/506272-71552-71553,No.1 2 Raspberry Panna Cotta,2x100g,£4.75,£2.38/100g,£12 Our Very Best Dine In: Add Main + Side + Starter or Dessert,Summer
545569,Albert Bartlett Baking Potatoes,G,false,174,https://ecom-su-static-prod.wtrecom.com/images/products/3/LN_545569_BP_3.jpg,https://www.waitrose.com/ecom/products/albert-bartlett-baking-potatoes/545569-507874-507875,Albert Bartlett Baking Potatoes,4s,£2.20,55p each,,Summer
042561,Highland Spring Still Spring Water,G,false,175,https://ecom-su-static-prod.wtrecom.com/images/products/3/LN_042561_BP_3.jpg,https://www.waitrose.com/ecom/products/highland-spring-still-spring-water/042561-21064-21065,Highland Spring Still Spring Water,12x500ml,£3.70,6.2p/100ml,,Summer
048045,Waitrose British Ox Tongue 4 Slices,G,true,176,https://ecom-su-static-prod.wtrecom.com/images/products/3/LN_048045_BP_3.jpg,https://www.waitrose.com/ecom/products/waitrose-british-ox-tongue-4-slices/048045-23815-23816,Waitrose British Ox Tongue 4 Slices,100g,£3.50,£3.50/100g,Add 2 for £6,Summer
084740,Hovis Best of Both Medium Sliced Bread,G,false,177,https://ecom-su-static-prod.wtrecom.com/images/products/3/LN_084740_BP_3.jpg,https://www.waitrose.com/ecom/products/hovis-best-of-both-medium-sliced-bread/084740-42991-42992,Hovis Best of Both Medium Sliced Bread,800g,£1.35,16.9p/100g,,Summer
091497,Essential White Finger Rolls,G,false,178,https://ecom-su-static-prod.wtrecom.com/images/products/3/LN_091497_BP_3.jpg,https://www.waitrose.com/ecom/products/essential-white-finger-rolls/091497-47124-47125,Essential White Finger Rolls,6s,90p,15p each,,Summer
416651,Waitrose Mediterranean Style Vegetable Quiche,G,true,179,https://ecom-su-static-prod.wtrecom.com/images/products/3/LN_416651_BP_3.jpg,https://www.waitrose.com/ecom/products/waitrose-mediterranean-style-vegetable-quiche/416651-586382-586383,Waitrose Mediterranean Style Vegetable Quiche,400g,£3.50,87.5p/100g,Add 2 for £5.50,Summer
699312,Waitrose West Country Black Cherry Yogurt,G,false,180,https://ecom-su-static-prod.wtrecom.com/images/products/3/LN_699312_BP_3.jpg,https://www.waitrose.com/ecom/products/waitrose-west-country-black-cherry-yogurt/699312-290448-290449,Waitrose West Country Black Cherry Yogurt,150g,£1.00,66.7p/100g,,Summer
466668,Easy to Cook Mozzarella Stuffed Pork Meatballs,G,true,181,https://ecom-su-static-prod.wtrecom.com/images/products/3/LN_466668_BP_3.jpg,https://www.waitrose.com/ecom/products/easy-to-cook-mozzarella-stuffed-pork-meatballs/466668-578517-578518,Easy to Cook Mozzarella Stuffed Pork Meatballs,565g,£5.00,£8.85/kg,Add 3 for £12,Summer
055047,Hovis Wholemeal Medium Sliced Bread,G,false,182,https://ecom-su-static-prod.wtrecom.com/images/products/3/LN_055047_BP_3.jpg,https://www.waitrose.com/ecom/products/hovis-wholemeal-medium-sliced-bread/055047-27668-27669,Hovis Wholemeal Medium Sliced Bread,800g,£1.45,18.1p/100g,,Summer
418473,Jason's Every Day White Rolls with Sourdough,G,true,183,https://ecom-su-static-prod.wtrecom.com/images/products/3/LN_418473_BP_3.jpg,https://www.waitrose.com/ecom/products/jasons-every-day-white-rolls-with-sourdough/418473-769054-769055,Jason's Every Day White Rolls with Sourdough,4s,£1.28,32p each,20% Off. Was £1.60,Summer
718427,Waitrose Prosecco,W,false,184,https://ecom-su-static-prod.wtrecom.com/images/products/3/LN_718427_BP_3.jpg,https://www.waitrose.com/ecom/products/waitrose-prosecco/718427-224720-224721,Waitrose Prosecco,75cl,£7.99,£7.99/75cl,,Summer
098343,Waitrose All Butter Cheese Twists,G,false,185,https://ecom-su-static-prod.wtrecom.com/images/products/3/LN_098343_BP_3.jpg,https://www.waitrose.com/ecom/products/waitrose-all-butter-cheese-twists/098343-50137-50138,Waitrose All Butter Cheese Twists,125g,£1.75,£1.40/100g,,Summer
003062,Hovis Soft White Medium Sliced White Bread,G,false,186,https://ecom-su-static-prod.wtrecom.com/images/products/3/LN_003062_BP_3.jpg,https://www.waitrose.com/ecom/products/hovis-soft-white-medium-sliced-white-bread/003062-1128-1129,Hovis Soft White Medium Sliced White Bread,800g,£1.45,18.1p/100g,,Summer
061370,McVitie's Digestives The Original Biscuits,G,false,187,https://ecom-su-static-prod.wtrecom.com/images/products/3/LN_061370_BP_3.jpg,https://www.waitrose.com/ecom/products/mcvities-digestives-the-original-biscuits/061370-31064-31065,McVitie's Digestives The Original Biscuits,360g,£1.80,50p/100g,,Summer
065026,Small Baguette,G,false,188,https://ecom-su-static-prod.wtrecom.com/images/products/3/LN_065026_BP_3.jpg,https://www.waitrose.com/ecom/products/small-baguette/065026-32945-32946,Small Baguette,each,80p,80p each,,Summer
889596,Waitrose Honey & Stem Ginger Yogurt Single,G,false,189,https://ecom-su-static-prod.wtrecom.com/images/products/3/LN_889596_BP_3.jpg,https://www.waitrose.com/ecom/products/waitrose-honey-stem-ginger-yogurt-single/889596-292378-292379,Waitrose Honey & Stem Ginger Yogurt Single,150g,£1.00,66.7p/100g,,Summer
848547,No.1 2 MSC Yellowfin Tuna Steaks,G,false,190,https://ecom-su-static-prod.wtrecom.com/images/products/3/LN_848547_BP_3.jpg,https://www.waitrose.com/ecom/products/no1-2-msc-yellowfin-tuna-steaks/848547-755097-755098,No.1 2 MSC Yellowfin Tuna Steaks,240g,£9.95,£41.46/kg,,Summer
637930,The Tofoo Co. Naked Tofu,G,false,191,https://ecom-su-static-prod.wtrecom.com/images/products/3/LN_637930_BP_3.jpg,https://www.waitrose.com/ecom/products/the-tofoo-co-naked-tofu/637930-583696-583697,The Tofoo Co. Naked Tofu,280g,£2.40,£8.58/kg,,Summer
435380,Tropicana Pure Smooth Orange Juice Large,G,false,192,https://ecom-su-static-prod.wtrecom.com/images/products/3/LN_435380_BP_3.jpg,https://www.waitrose.com/ecom/products/tropicana-pure-smooth-orange-juice-large/435380-752403-752404,Tropicana Pure Smooth Orange Juice Large,1.5litre,£4.20,28p/100ml,,Summer
058258,Schweppes Tonic Water Bottle,G,false,193,https://ecom-su-static-prod.wtrecom.com/images/products/3/LN_058258_BP_3.jpg,https://www.waitrose.com/ecom/products/schweppes-tonic-water-bottle/058258-29269-29270,Schweppes Tonic Water Bottle,1litre,£1.80,18p/100ml,,Summer
825121,Mutti Finely Chopped Tomatoes,G,true,194,https://ecom-su-static-prod.wtrecom.com/images/products/3/LN_825121_BP_3.jpg,https://www.waitrose.com/ecom/products/mutti-finely-chopped-tomatoes/825121-730910-730911,Mutti Finely Chopped Tomatoes,4x400g,£4.00,£2.50/kg,save £1.35. Was £5.35,Summer
438765,Fever-Tree Refreshingly Light Tonic Water,G,true,195,https://ecom-su-static-prod.wtrecom.com/images/products/3/LN_438765_BP_3.jpg,https://www.waitrose.com/ecom/products/fever-tree-refreshingly-light-tonic-water/438765-437590-437591,Fever-Tree Refreshingly Light Tonic Water,8x150ml,£5.00,41.7p/100ml,Add 2 for £8,Summer
058375,Bottlegreen Cordial Elderflower,G,false,196,https://ecom-su-static-prod.wtrecom.com/images/products/3/LN_058375_BP_3.jpg,https://www.waitrose.com/ecom/products/bottlegreen-cordial-elderflower/058375-29357-29358,Bottlegreen Cordial Elderflower,500ml,£4.45,89p/100ml,,Summer
052810,Jus-Rol Puff Pastry Sheet,G,true,197,https://ecom-su-static-prod.wtrecom.com/images/products/3/LN_052810_BP_3.jpg,https://www.waitrose.com/ecom/products/jus-rol-puff-pastry-sheet/052810-26331-26332,Jus-Rol Puff Pastry Sheet,320g,£1.25,£3.91/kg,save 50p. Was £1.75,Summer
096389,Taylors of Harrogate Lazy Sunday Coffee,G,true,198,https://ecom-su-static-prod.wtrecom.com/images/products/3/LN_096389_BP_3.jpg,https://www.waitrose.com/ecom/products/taylors-of-harrogate-lazy-sunday-coffee/096389-49314-49315,Taylors of Harrogate Lazy Sunday Coffee,200g,£4.75,£2.38/100g,Add 2 for £7,Summer
096438,Waitrose Cheese & Onion Quiche,G,true,199,https://ecom-su-static-prod.wtrecom.com/images/products/3/LN_096438_BP_3.jpg,https://www.waitrose.com/ecom/products/waitrose-cheese-onion-quiche/096438-49336-49337,Waitrose Cheese & Onion Quiche,400g,£3.50,87.5p/100g,Add 2 for £5.50,Summer
418369,No.1 Green Vegetable Medley,G,true,200,https://ecom-su-static-prod.wtrecom.com/images/products/3/LN_418369_BP_3.jpg,https://www.waitrose.com/ecom/products/no1-green-vegetable-medley/418369-790885-790886,No.1 Green Vegetable Medley,225g,£3.50,£1.56/100g,£12 Our Very Best Dine In: Add Main + Side + Starter or Dessert,Summer
002227,Essential Malted Milk Biscuits,G,false,201,https://ecom-su-static-prod.wtrecom.com/images/products/3/LN_002227_BP_3.jpg,https://www.waitrose.com/ecom/products/essential-malted-milk-biscuits/002227-682-683,Essential Malted Milk Biscuits,200g,60p,30p/100g,,Summer
611566,Waitrose Italian Milano Salami,G,false,202,https://ecom-su-static-prod.wtrecom.com/images/products/3/LN_611566_BP_3.jpg,https://www.waitrose.com/ecom/products/waitrose-italian-milano-salami/611566-486577-486578,Waitrose Italian Milano Salami,80g,£2.25,£2.82/100g,,Summer
067459,No.1 Royal Deeside Still Water,G,false,203,https://ecom-su-static-prod.wtrecom.com/images/products/3/LN_067459_BP_3.jpg,https://www.waitrose.com/ecom/products/no1-royal-deeside-still-water/067459-34233-34234,No.1 Royal Deeside Still Water,750ml,£1.50,20p/100ml,,Summer
068328,Paysan Breton Creamy French Soft Cheese with Sea Salt,G,false,204,https://ecom-su-static-prod.wtrecom.com/images/products/3/LN_068328_BP_3.jpg,https://www.waitrose.com/ecom/products/paysan-breton-creamy-french-soft-cheese-with-sea-salt/068328-34685-34686,Paysan Breton Creamy French Soft Cheese with Sea Salt,150g,£2.65,£17.67/kg,,Summer
653341,Waitrose Extra Virgin Olive Oil & Roasted Garlic Flatbread,G,true,205,https://ecom-su-static-prod.wtrecom.com/images/products/3/LN_653341_BP_3.jpg,https://www.waitrose.com/ecom/products/waitrose-extra-virgin-olive-oil-roasted-garlic-flatbread/653341-586659-586660,Waitrose Extra Virgin Olive Oil & Roasted Garlic Flatbread,155g,£1.68,£1.09/100g,25% Off. Was £2.25,Summer
821296,No.1 Potato Dauphinoise,G,true,206,https://ecom-su-static-prod.wtrecom.com/images/products/3/LN_821296_BP_3.jpg,https://www.waitrose.com/ecom/products/no1-potato-dauphinoise/821296-790959-790960,No.1 Potato Dauphinoise,420g,£3.95,94p/100g,£12 Our Very Best Dine In: Add Main + Side + Starter or Dessert,Summer
011491,Waitrose Italian Antipasto Platter,G,false,207,https://ecom-su-static-prod.wtrecom.com/images/products/3/LN_011491_BP_3.jpg,https://www.waitrose.com/ecom/products/waitrose-italian-antipasto-platter/011491-5700-5700,Waitrose Italian Antipasto Platter,105g,£4.25,£4.05/100g,,Summer
807434,Waitrose Chorizo Ring,G,false,208,https://ecom-su-static-prod.wtrecom.com/images/products/3/LN_807434_BP_3.jpg,https://www.waitrose.com/ecom/products/waitrose-chorizo-ring/807434-486727-486728,Waitrose Chorizo Ring,240g,£3.95,£1.65/100g,,Summer
779634,"Waitrose Broccoli, Spinach & Ricotta Quiche",G,true,209,https://ecom-su-static-prod.wtrecom.com/images/products/3/LN_779634_BP_3.jpg,https://www.waitrose.com/ecom/products/waitrose-broccoli-spinach-ricotta-quiche/779634-586832-586833,"Waitrose Broccoli, Spinach & Ricotta Quiche",400g,£3.50,87.5p/100g,Add 2 for £5.50,Summer
003239,Walkers Baked Crisps Quavers Cheese Multipack Crisps,G,true,210,https://ecom-su-static-prod.wtrecom.com/images/products/3/LN_003239_BP_3.jpg,https://www.waitrose.com/ecom/products/walkers-baked-crisps-quavers-cheese-multipack-crisps/003239-1233-1234,Walkers Baked Crisps Quavers Cheese Multipack Crisps,6x16g,£2.25,£2.35/100g,Add 2 for £3.25,Summer
048312,Tyrrells Sweet Chilli & Red Pepper Crisps,G,false,211,https://ecom-su-static-prod.wtrecom.com/images/products/3/LN_048312_BP_3.jpg,https://www.waitrose.com/ecom/products/tyrrells-sweet-chilli-red-pepper-crisps/048312-23945-23946,Tyrrells Sweet Chilli & Red Pepper Crisps,150g,£2.75,£1.84/100g,,Summer
521771,Lotus Biscoff Milk Chocolate Ice Cream Sticks,G,false,212,https://ecom-su-static-prod.wtrecom.com/images/products/3/LN_521771_BP_3.jpg,https://www.waitrose.com/ecom/products/lotus-biscoff-milk-chocolate-ice-cream-sticks/521771-688539-688540,Lotus Biscoff Milk Chocolate Ice Cream Sticks,3x90ml,£4.10,£1.52/100ml,,Summer
569224,No. 1 Italian Burrata Cheese,G,false,213,https://ecom-su-static-prod.wtrecom.com/images/products/3/LN_569224_BP_3.jpg,https://www.waitrose.com/ecom/products/no-1-italian-burrata-cheese/569224-706373-706374,No. 1 Italian Burrata Cheese,drained 150g,£3.40,£22.67/kg,,Summer
003148,Kettle Chips Lightly Salted,G,true,214,https://ecom-su-static-prod.wtrecom.com/images/products/3/LN_003148_BP_3.jpg,https://www.waitrose.com/ecom/products/kettle-chips-lightly-salted/003148-1172-1173,Kettle Chips Lightly Salted,130g,£1.50,£1.16/100g,save 90p. Was £2.40,Summer
017670,Waitrose Half Ciabattas,G,false,215,https://ecom-su-static-prod.wtrecom.com/images/products/3/LN_017670_BP_3.jpg,https://www.waitrose.com/ecom/products/waitrose-half-ciabattas/017670-8574-8575,Waitrose Half Ciabattas,2s,£2.15,£1.08 each,,Summer
748720,Hovis 1886 Premium Burger Buns,G,true,216,https://ecom-su-static-prod.wtrecom.com/images/products/3/LN_748720_BP_3.jpg,https://www.waitrose.com/ecom/products/hovis-1886-premium-burger-buns/748720-748346-748347,Hovis 1886 Premium Burger Buns,4s,£1.70,42.5p each,Add 2 for £3,Summer
752051,Waitrose Essential Pitted Green Olives,G,false,217,https://ecom-su-static-prod.wtrecom.com/images/products/3/LN_752051_BP_3.jpg,https://www.waitrose.com/ecom/products/waitrose-essential-pitted-green-olives/752051-202417-202418,Waitrose Essential Pitted Green Olives,120g,£2.00,£1.67/100g,,Summer
719212,No.1 Royal Deeside Sparkling Water,G,false,218,https://ecom-su-static-prod.wtrecom.com/images/products/3/LN_719212_BP_3.jpg,https://www.waitrose.com/ecom/products/no1-royal-deeside-sparkling-water/719212-102205-102206,No.1 Royal Deeside Sparkling Water,750ml,£1.50,20p/100ml,,Summer
878575,Essential 30% Reduced Fat Cypriot Halloumi Grilling Cheese,G,false,219,https://ecom-su-static-prod.wtrecom.com/images/products/3/LN_878575_BP_3.jpg,https://www.waitrose.com/ecom/products/essential-30-reduced-fat-cypriot-halloumi-grilling-cheese/878575-229643-229644,Essential 30% Reduced Fat Cypriot Halloumi Grilling Cheese,250g,£2.50,£10/kg,,Summer
463996,Fever-Tree Indian Tonic Water,G,true,220,https://ecom-su-static-prod.wtrecom.com/images/products/3/LN_463996_BP_3.jpg,https://www.waitrose.com/ecom/products/fever-tree-indian-tonic-water/463996-437608-437609,Fever-Tree Indian Tonic Water,8x150ml,£5.25,43.8p/100ml,Add 2 for £8,Summer
058425,San Pellegrino Sparkling Natural Mineral Water Glass,G,false,221,https://ecom-su-static-prod.wtrecom.com/images/products/3/LN_058425_BP_3.jpg,https://www.waitrose.com/ecom/products/san-pellegrino-sparkling-natural-mineral-water-glass/058425-29383-29384,San Pellegrino Sparkling Natural Mineral Water Glass,750ml,£1.85,24.7p/100ml,,Summer
081578,Essential White Giant Baps,G,false,222,https://ecom-su-static-prod.wtrecom.com/images/products/3/LN_081578_BP_3.jpg,https://www.waitrose.com/ecom/products/essential-white-giant-baps/081578-41501-41502,Essential White Giant Baps,4s,90p,22.5p each,,Summer
836048,Waitrose Pork Cocktail Sausages,G,true,223,https://ecom-su-static-prod.wtrecom.com/images/products/3/LN_836048_BP_3.jpg,https://www.waitrose.com/ecom/products/waitrose-pork-cocktail-sausages/836048-420539-420540,Waitrose Pork Cocktail Sausages,260g,£3.25,£1.25/100g,Add 2 for £5.50,Summer
444321,No.1 Wood-fired Spicy Calabrian Salami Sourdough Pizza,G,false,224,https://ecom-su-static-prod.wtrecom.com/images/products/3/LN_444321_BP_3.jpg,https://www.waitrose.com/ecom/products/no1-wood-fired-spicy-calabrian-salami-sourdough-pizza/444321-702493-702494,No.1 Wood-fired Spicy Calabrian Salami Sourdough Pizza,490g,£5.95,£12.15/kg,,Summer
044767,"Waitrose British Pork, Bramley Apple Sausages",G,true,225,https://ecom-su-static-prod.wtrecom.com/images/products/3/LN_044767_BP_3.jpg,https://www.waitrose.com/ecom/products/waitrose-british-pork-bramley-apple-sausages/044767-22100-22101,"Waitrose British Pork, Bramley Apple Sausages",400g,£3.95,£9.88/kg,Add 2 for £5.75,Summer
036048,"Italia Pinot Grigio Rosé Pavia, Italy",W,false,226,https://ecom-su-static-prod.wtrecom.com/images/products/3/LN_036048_BP_3.jpg,https://www.waitrose.com/ecom/products/italia-pinot-grigio-rose-pavia-italy/036048-18106-18107,"Italia Pinot Grigio Rosé Pavia, Italy",75cl,£8.99,£8.99/75cl,,Summer
791258,Levantine Table 2 Handstretched Flatbreads,G,false,227,https://ecom-su-static-prod.wtrecom.com/images/products/3/LN_791258_BP_3.jpg,https://www.waitrose.com/ecom/products/levantine-table-2-handstretched-flatbreads/791258-743616-743617,Levantine Table 2 Handstretched Flatbreads,200g,£1.60,80p/100g,,Summer
480775,Highland Spring Sparkling Water,G,false,228,https://ecom-su-static-prod.wtrecom.com/images/products/3/LN_480775_BP_3.jpg,https://www.waitrose.com/ecom/products/highland-spring-sparkling-water/480775-585479-585480,Highland Spring Sparkling Water,6x1litre,£4.20,7p/100ml,,Summer
008974,De Cecco Spaghetti,G,false,229,https://ecom-su-static-prod.wtrecom.com/images/products/3/LN_008974_BP_3.jpg,https://www.waitrose.com/ecom/products/de-cecco-spaghetti/008974-4285-4286,De Cecco Spaghetti,500g,£2.00,£4/kg,,Summer
562833,Mirabeau En Provence Classic Rosé France,W,true,230,https://ecom-su-static-prod.wtrecom.com/images/products/3/LN_562833_BP_3.jpg,https://www.waitrose.com/ecom/products/mirabeau-en-provence-classic-rose-france/562833-136381-136382,Mirabeau En Provence Classic Rosé France,75cl,£13.99,£13.99/75cl,Buyers Choice,Summer
098219,Galbani Maxi Italian Mozzarella Cheese,G,false,231,https://ecom-su-static-prod.wtrecom.com/images/products/3/LN_098219_BP_3.jpg,https://www.waitrose.com/ecom/products/galbani-maxi-italian-mozzarella-cheese/098219-50079-50080,Galbani Maxi Italian Mozzarella Cheese,drained 250g,£3.10,£12.40/kg,,Summer
497877,Diet Coke Can,G,true,232,https://ecom-su-static-prod.wtrecom.com/images/products/3/LN_497877_BP_3.jpg,https://www.waitrose.com/ecom/products/diet-coke-can/497877-724246-724247,Diet Coke Can,24x330ml,£9.00,11.4p/100ml,save £1.75. Was £10.75,Summer
812801,Essential Sliced Cheese for Burgers Strength 2,G,false,233,https://ecom-su-static-prod.wtrecom.com/images/products/3/LN_812801_BP_3.jpg,https://www.waitrose.com/ecom/products/essential-sliced-cheese-for-burgers-strength-2/812801-268240-268241,Essential Sliced Cheese for Burgers Strength 2,200g,£1.50,£7.50/kg,,Summer
764597,"Steve's Leaves Baby Watercress, Little Leaves",G,true,234,https://ecom-su-static-prod.wtrecom.com/images/products/3/LN_764597_BP_3.jpg,https://www.waitrose.com/ecom/products/steves-leaves-baby-watercress-little-leaves/764597-177358-177359,"Steve's Leaves Baby Watercress, Little Leaves",60g,£1.28,£2.14/100g,20% Off. Was £1.60,Summer
873276,No.1 2 Sicilian Lemon Tarts,G,true,235,https://ecom-su-static-prod.wtrecom.com/images/products/3/LN_873276_BP_3.jpg,https://www.waitrose.com/ecom/products/no1-2-sicilian-lemon-tarts/873276-719971-719972,No.1 2 Sicilian Lemon Tarts,2x75g,£4.50,£3/100g,£12 Our Very Best Dine In: Add Main + Side + Starter or Dessert,Summer
883778,Waitrose Fresh Beetroot Pouch,G,false,236,https://ecom-su-static-prod.wtrecom.com/images/products/3/LN_883778_BP_3.jpg,https://www.waitrose.com/ecom/products/waitrose-fresh-beetroot-pouch/883778-693581-693582,Waitrose Fresh Beetroot Pouch,330g,£1.65,£5/kg,,Summer
792362,Waitrose British Finely Sliced Honey Roast Ham,G,true,237,https://ecom-su-static-prod.wtrecom.com/images/products/3/LN_792362_BP_3.jpg,https://www.waitrose.com/ecom/products/waitrose-british-finely-sliced-honey-roast-ham/792362-311344-311345,Waitrose British Finely Sliced Honey Roast Ham,125g,£3.25,£26/kg,Add 2 for £5.50,Summer
792615,No.1 Prawn Cocktail,G,true,238,https://ecom-su-static-prod.wtrecom.com/images/products/3/LN_792615_BP_3.jpg,https://www.waitrose.com/ecom/products/no1-prawn-cocktail/792615-802278-802279,No.1 Prawn Cocktail,180g,£4.25,£23.62/kg,£12 Our Very Best Dine In: Add Main + Side + Starter or Dessert,Summer
491280,Waitrose 4 British Pork Loin Steaks,G,false,239,https://ecom-su-static-prod.wtrecom.com/images/products/3/LN_491280_BP_3.jpg,https://www.waitrose.com/ecom/products/waitrose-4-british-pork-loin-steaks/491280-753685-753686,Waitrose 4 British Pork Loin Steaks,480g,£5.40,£11.25/kg,,Summer
757582,Waitrose Mango Chunks,G,false,240,https://ecom-su-static-prod.wtrecom.com/images/products/3/LN_757582_BP_3.jpg,https://www.waitrose.com/ecom/products/waitrose-mango-chunks/757582-698126-698127,Waitrose Mango Chunks,450g,£4.50,£10/kg,,Summer
771714,Levantine Table Sweet Potato Falafels,G,false,241,https://ecom-su-static-prod.wtrecom.com/images/products/3/LN_771714_BP_3.jpg,https://www.waitrose.com/ecom/products/levantine-table-sweet-potato-falafels/771714-755673-755674,Levantine Table Sweet Potato Falafels,192g,£3.75,£1.96/100g,,Summer
528115,No.1 Free Range Wiltshire Cured Ham,G,false,242,https://ecom-su-static-prod.wtrecom.com/images/products/3/LN_528115_BP_3.jpg,https://www.waitrose.com/ecom/products/no1-free-range-wiltshire-cured-ham/528115-704971-704972,No.1 Free Range Wiltshire Cured Ham,100g,£4.00,£4/100g,,Summer
893134,Magnum Classic Vanilla Ice Cream Sticks,G,true,243,https://ecom-su-static-prod.wtrecom.com/images/products/3/LN_893134_BP_3.jpg,https://www.waitrose.com/ecom/products/magnum-classic-vanilla-ice-cream-sticks/893134-409662-409663,Magnum Classic Vanilla Ice Cream Sticks,3x100ml,£3.50,£1.17/100ml,Add 2 for £5,Summer
427220,Kelly's Clotted Cream Ice Cream,G,false,244,https://ecom-su-static-prod.wtrecom.com/images/products/3/LN_427220_BP_3.jpg,https://www.waitrose.com/ecom/products/kellys-clotted-cream-ice-cream/427220-60125-60126,Kelly's Clotted Cream Ice Cream,950ml,£4.20,44.2p/100ml,,Summer
879058,"No.1 Wood-fired King Prawn, Garlic & Chilli Sourdough Pizza",G,false,245,https://ecom-su-static-prod.wtrecom.com/images/products/3/LN_879058_BP_3.jpg,https://www.waitrose.com/ecom/products/no1-wood-fired-king-prawn-garlic-chilli-sourdough-pizza/879058-703660-703661,"No.1 Wood-fired King Prawn, Garlic & Chilli Sourdough Pizza",464g,£5.95,£12.83/kg,,Summer
058276,Schweppes Slimline Tonic Water Can,G,true,246,https://ecom-su-static-prod.wtrecom.com/images/products/3/LN_058276_BP_3.jpg,https://www.waitrose.com/ecom/products/schweppes-slimline-tonic-water-can/058276-29287-29288,Schweppes Slimline Tonic Water Can,12x150ml,£5.75,31.9p/100ml,Add 2 for £8,Summer
086594,John Hurd's Organic Watercress,G,false,247,https://ecom-su-static-prod.wtrecom.com/images/products/3/LN_086594_BP_3.jpg,https://www.waitrose.com/ecom/products/john-hurds-organic-watercress/086594-44249-44250,John Hurd's Organic Watercress,80g,£2.25,£28.13/kg,,Summer
704105,14 Fresh Fruit Kebabs,E,false,248,https://ecom-su-static-prod.wtrecom.com/images/products/3/LN_704105_BP_3.jpg,https://www.waitrose.com/ecom/products/14-fresh-fruit-kebabs/704105-817282-817283,14 Fresh Fruit Kebabs,14s,£13.00,92.9p each,,Summer
013489,Anchor Spreadable Slightly Salted Spreadable Butter with Rapeseed Oil,G,true,249,https://ecom-su-static-prod.wtrecom.com/images/products/3/LN_013489_BP_3.jpg,https://www.waitrose.com/ecom/products/anchor-spreadable-slightly-salted-spreadable-butter-with-rapeseed-oil/013489-6565-6566,Anchor Spreadable Slightly Salted Spreadable Butter with Rapeseed Oil,400g,£2.75,£6.88/kg,save 75p. Was £3.50,Summer
851786,Unearthed French Torchon Ham,G,true,250,https://ecom-su-static-prod.wtrecom.com/images/products/3/LN_851786_BP_3.jpg,https://www.waitrose.com/ecom/products/unearthed-french-torchon-ham/851786-303805-303806,Unearthed French Torchon Ham,160g,£3.15,£1.97/100g,25% Off. Was £4.20,Summer
025649,Waitrose Mixed Bean Salad,G,false,251,https://ecom-su-static-prod.wtrecom.com/images/products/3/LN_025649_BP_3.jpg,https://www.waitrose.com/ecom/products/waitrose-mixed-bean-salad/025649-12512-12513,Waitrose Mixed Bean Salad,240g,£2.50,£1.05/100g,,Summer
025030,Waitrose Chilli Beetroot,G,true,252,https://ecom-su-static-prod.wtrecom.com/images/products/3/LN_025030_BP_3.jpg,https://www.waitrose.com/ecom/products/waitrose-chilli-beetroot/025030-12120-12121,Waitrose Chilli Beetroot,180g,£1.32,73.3p/100g,20% Off. Was £1.65,Summer
003231,Walkers Salt & Vinegar Multipack Crisps,G,true,253,https://ecom-su-static-prod.wtrecom.com/images/products/3/LN_003231_BP_3.jpg,https://www.waitrose.com/ecom/products/walkers-salt-vinegar-multipack-crisps/003231-1229-1230,Walkers Salt & Vinegar Multipack Crisps,6x25g,£2.25,£1.50/100g,Add 2 for £3.25,Summer
703502,No.1 Spelt Sourdough Bread,G,false,254,https://ecom-su-static-prod.wtrecom.com/images/products/3/LN_703502_BP_3.jpg,https://www.waitrose.com/ecom/products/no1-spelt-sourdough-bread/703502-525844-525845,No.1 Spelt Sourdough Bread,500g,£2.70,54p/100g,,Summer
493922,Waitrose British Native Breed Thin Cut Rump Steak,G,true,255,https://ecom-su-static-prod.wtrecom.com/images/products/3/LN_493922_BP_3.jpg,https://www.waitrose.com/ecom/products/waitrose-british-native-breed-thin-cut-rump-steak/493922-69804-69805,Waitrose British Native Breed Thin Cut Rump Steak,200g,£4.55,£22.75/kg,Add 3 for £12,Summer
821331,Erdinger Weissbräu Alcohol Free Wheat Beer,G,false,256,https://ecom-su-static-prod.wtrecom.com/images/products/3/LN_821331_BP_3.jpg,https://www.waitrose.com/ecom/products/erdinger-weissbrau-alcohol-free-wheat-beer/821331-281019-281020,Erdinger Weissbräu Alcohol Free Wheat Beer,50cl,£1.75,£3.50/litre,,Summer
746096,Waitrose 2 MSC Albacore Tuna Steaks,G,true,257,https://ecom-su-static-prod.wtrecom.com/images/products/3/LN_746096_BP_3.jpg,https://www.waitrose.com/ecom/products/waitrose-2-msc-albacore-tuna-steaks/746096-754603-754604,Waitrose 2 MSC Albacore Tuna Steaks,200g,£6.25,£31.25/kg,Add 3 for £12,Summer
023091,Waitrose Deli Style Coleslaw,G,false,258,https://ecom-su-static-prod.wtrecom.com/images/products/3/LN_023091_BP_3.jpg,https://www.waitrose.com/ecom/products/waitrose-deli-style-coleslaw/023091-11227-11228,Waitrose Deli Style Coleslaw,500g,£2.75,55p/100g,,Summer
609928,Waitrose Pineapple,G,false,259,https://ecom-su-static-prod.wtrecom.com/images/products/3/LN_609928_BP_3.jpg,https://www.waitrose.com/ecom/products/waitrose-pineapple/609928-698050-698051,Waitrose Pineapple,275g,£2.70,£9.82/kg,,Summer
533008,Waitrose British Pastrami 10 Slices,G,true,260,https://ecom-su-static-prod.wtrecom.com/images/products/3/LN_533008_BP_3.jpg,https://www.waitrose.com/ecom/products/waitrose-british-pastrami-10-slices/533008-724867-724868,Waitrose British Pastrami 10 Slices,100g,£3.50,£3.50/100g,Add 2 for £6,Summer
894969,Essential 12 British Pork Sausages,G,false,261,https://ecom-su-static-prod.wtrecom.com/images/products/3/LN_894969_BP_3.jpg,https://www.waitrose.com/ecom/products/essential-12-british-pork-sausages/894969-409672-409673,Essential 12 British Pork Sausages,681g,£2.25,£3.31/kg,,Summer
083926,Cuvée Royale Brut NV Crémant De Limoux,W,false,262,https://ecom-su-static-prod.wtrecom.com/images/products/3/LN_083926_BP_3.jpg,https://www.waitrose.com/ecom/products/cuvee-royale-brut-nv-cremant-de-limoux/083926-42628-42629,Cuvée Royale Brut NV Crémant De Limoux,75cl,£13.99,£13.99/75cl,,Summer
582379,Waitrose 2 Scotch Eggs,G,true,263,https://ecom-su-static-prod.wtrecom.com/images/products/3/LN_582379_BP_3.jpg,https://www.waitrose.com/ecom/products/waitrose-2-scotch-eggs/582379-804672-804673,Waitrose 2 Scotch Eggs,280g,£3.50,£1.25/100g,Add 2 for £5.50,Summer
810359,No. 1 Sicilian Blood Orange Juice,G,false,264,https://ecom-su-static-prod.wtrecom.com/images/products/3/LN_810359_BP_3.jpg,https://www.waitrose.com/ecom/products/no-1-sicilian-blood-orange-juice/810359-337196-337197,No. 1 Sicilian Blood Orange Juice,1litre,£3.50,35p/100ml,,Summer
610378,No. 1 Barrel Aged Greek Feta Cheese PDO Strength 4,G,false,265,https://ecom-su-static-prod.wtrecom.com/images/products/3/LN_610378_BP_3.jpg,https://www.waitrose.com/ecom/products/no-1-barrel-aged-greek-feta-cheese-pdo-strength-4/610378-493044-493045,No. 1 Barrel Aged Greek Feta Cheese PDO Strength 4,drained 2x100g,£3.55,£17.75/kg,,Summer
615942,Peroni Nastro Azzurro Lager Multipack Bottle,G,false,266,https://ecom-su-static-prod.wtrecom.com/images/products/3/LN_615942_BP_3.jpg,https://www.waitrose.com/ecom/products/peroni-nastro-azzurro-lager-multipack-bottle/615942-87387-87388,Peroni Nastro Azzurro Lager Multipack Bottle,12x330ml,£18.00,£4.55/litre,,Summer
849274,Waitrose Greek Style Side Salad,G,false,267,https://ecom-su-static-prod.wtrecom.com/images/products/3/LN_849274_BP_3.jpg,https://www.waitrose.com/ecom/products/waitrose-greek-style-side-salad/849274-420581-420582,Waitrose Greek Style Side Salad,230g,£2.95,£1.29/100g,,Summer
089682,No.1 Madagascan Vanilla Ice Cream,G,true,268,https://ecom-su-static-prod.wtrecom.com/images/products/3/LN_089682_BP_3.jpg,https://www.waitrose.com/ecom/products/no1-madagascan-vanilla-ice-cream/089682-46236-46237,No.1 Madagascan Vanilla Ice Cream,500ml,£3.00,60p/100ml,25% Off. Was £4.40,Summer
093070,Waitrose Pesto Pasta,G,false,269,https://ecom-su-static-prod.wtrecom.com/images/products/3/LN_093070_BP_3.jpg,https://www.waitrose.com/ecom/products/waitrose-pesto-pasta/093070-47815-47816,Waitrose Pesto Pasta,180g,£2.50,£1.39/100g,,Summer
767087,Essential Dark Choc Ices,G,false,270,https://ecom-su-static-prod.wtrecom.com/images/products/3/LN_767087_BP_3.jpg,https://www.waitrose.com/ecom/products/essential-dark-choc-ices/767087-767663-767664,Essential Dark Choc Ices,6x70ml,£1.70,40.5p/100ml,,Summer
089547,Essential Medium Sliced Cheddar Cheese Strength 3,G,false,271,https://ecom-su-static-prod.wtrecom.com/images/products/3/LN_089547_BP_3.jpg,https://www.waitrose.com/ecom/products/essential-medium-sliced-cheddar-cheese-strength-3/089547-46158-46159,Essential Medium Sliced Cheddar Cheese Strength 3,250g,£2.80,£11.20/kg,,Summer
090636,Essential 2 Scotch Eggs,G,false,272,https://ecom-su-static-prod.wtrecom.com/images/products/3/LN_090636_BP_3.jpg,https://www.waitrose.com/ecom/products/essential-2-scotch-eggs/090636-46691-46692,Essential 2 Scotch Eggs,246g,£1.50,61p/100g,,Summer
566322,Waitrose Crispy Potato Slices,G,false,273,https://ecom-su-static-prod.wtrecom.com/images/products/3/LN_566322_BP_3.jpg,https://www.waitrose.com/ecom/products/waitrose-crispy-potato-slices/566322-756366-756367,Waitrose Crispy Potato Slices,350g,£2.00,£5.72/kg,,Summer
091364,Waitrose New York Vanilla Cheesecake,G,false,274,https://ecom-su-static-prod.wtrecom.com/images/products/3/LN_091364_BP_3.jpg,https://www.waitrose.com/ecom/products/waitrose-new-york-vanilla-cheesecake/091364-47077-47078,Waitrose New York Vanilla Cheesecake,540g,£5.25,97.2p/100g,,Summer
415757,Doritos Cool Original Sharing Tortilla Chips,G,false,275,https://ecom-su-static-prod.wtrecom.com/images/products/3/LN_415757_BP_3.jpg,https://www.waitrose.com/ecom/products/doritos-cool-original-sharing-tortilla-chips/415757-306728-306729,Doritos Cool Original Sharing Tortilla Chips,180g,£2.50,£1.39/100g,,Summer
422040,Yellow Tail Shiraz,W,false,276,https://ecom-su-static-prod.wtrecom.com/images/products/3/LN_422040_BP_3.jpg,https://www.waitrose.com/ecom/products/yellow-tail-shiraz/422040-222330-222331,Yellow Tail Shiraz,75cl,£7.99,£7.99/75cl,,Summer
014600,Waitrose Quiche Lorraine,G,false,277,https://ecom-su-static-prod.wtrecom.com/images/products/3/LN_014600_BP_3.jpg,https://www.waitrose.com/ecom/products/waitrose-quiche-lorraine/014600-7012-7013,Waitrose Quiche Lorraine,155g,£1.95,£1.26/100g,,Summer
899512,La Vieille Ferme Rosé,W,true,278,https://ecom-su-static-prod.wtrecom.com/images/products/3/LN_899512_BP_3.jpg,https://www.waitrose.com/ecom/products/la-vieille-ferme-rose/899512-580400-580401,La Vieille Ferme Rosé,75cl,£7.50,£7.50/75cl,save £1.00. Was £8.50,Summer
886249,No.1 Wood-fired Chargrilled Vegetable & Pesto Sourdough Pizza,G,false,279,https://ecom-su-static-prod.wtrecom.com/images/products/3/LN_886249_BP_3.jpg,https://www.waitrose.com/ecom/products/no1-wood-fired-chargrilled-vegetable-pesto-sourdough-pizza/886249-703688-703689,No.1 Wood-fired Chargrilled Vegetable & Pesto Sourdough Pizza,499g,£5.95,£11.93/kg,,Summer
033997,No. 1 Madagascan Vanilla Custard,G,false,280,https://ecom-su-static-prod.wtrecom.com/images/products/3/LN_033997_BP_3.jpg,https://www.waitrose.com/ecom/products/no-1-madagascan-vanilla-custard/033997-17025-17026,No. 1 Madagascan Vanilla Custard,500g,£3.00,60p/100g,,Summer
036920,Waitrose Low Alcohol Cider,G,false,281,https://ecom-su-static-prod.wtrecom.com/images/products/3/LN_036920_BP_3.jpg,https://www.waitrose.com/ecom/products/waitrose-low-alcohol-cider/036920-18483-18484,Waitrose Low Alcohol Cider,500ml,£1.30,£2.60/litre,,Summer
437863,Fever-Tree Light Mediterranean Tonic,G,true,282,https://ecom-su-static-prod.wtrecom.com/images/products/3/LN_437863_BP_3.jpg,https://www.waitrose.com/ecom/products/fever-tree-light-mediterranean-tonic/437863-600502-600503,Fever-Tree Light Mediterranean Tonic,8x150ml,£5.00,41.7p/100ml,Add 2 for £8,Summer
002105,Waitrose Rich Tea Finger Biscuits,G,false,283,https://ecom-su-static-prod.wtrecom.com/images/products/3/LN_002105_BP_3.jpg,https://www.waitrose.com/ecom/products/waitrose-rich-tea-finger-biscuits/002105-566-567,Waitrose Rich Tea Finger Biscuits,250g,85p,34p/100g,,Summer
507263,McCain 4 Ready Baked Jackets,G,false,284,https://ecom-su-static-prod.wtrecom.com/images/products/3/LN_507263_BP_3.jpg,https://www.waitrose.com/ecom/products/mccain-4-ready-baked-jackets/507263-373149-373150,McCain 4 Ready Baked Jackets,800g,£3.90,£4.88/kg,,Summer
814726,Waitrose Celeriac Remoulade,G,false,285,https://ecom-su-static-prod.wtrecom.com/images/products/3/LN_814726_BP_3.jpg,https://www.waitrose.com/ecom/products/waitrose-celeriac-remoulade/814726-498166-498167,Waitrose Celeriac Remoulade,220g,£2.25,£1.03/100g,,Summer
870882,Waitrose British Finely Sliced Chicken Breast,G,true,286,https://ecom-su-static-prod.wtrecom.com/images/products/3/LN_870882_BP_3.jpg,https://www.waitrose.com/ecom/products/waitrose-british-finely-sliced-chicken-breast/870882-311476-311477,Waitrose British Finely Sliced Chicken Breast,125g,£3.25,£2.60/100g,Add 2 for £5.50,Summer
471287,Tropicana Pure Smooth Orange Juice,G,true,287,https://ecom-su-static-prod.wtrecom.com/images/products/3/LN_471287_BP_3.jpg,https://www.waitrose.com/ecom/products/tropicana-pure-smooth-orange-juice/471287-565144-565145,Tropicana Pure Smooth Orange Juice,900ml,£2.10,23.3p/100ml,Save 1/3. Was £3.15,Summer
537568,No.1 Wood-fired Mushroom & Truffle Sourdough Pizza,G,false,288,https://ecom-su-static-prod.wtrecom.com/images/products/3/LN_537568_BP_3.jpg,https://www.waitrose.com/ecom/products/no1-wood-fired-mushroom-truffle-sourdough-pizza/537568-702719-702720,No.1 Wood-fired Mushroom & Truffle Sourdough Pizza,440g,£5.95,£13.53/kg,,Summer
016612,Waitrose Fairtrade Italian Style Ground Coffee,G,false,289,https://ecom-su-static-prod.wtrecom.com/images/products/3/LN_016612_BP_3.jpg,https://www.waitrose.com/ecom/products/waitrose-fairtrade-italian-style-ground-coffee/016612-7977-7978,Waitrose Fairtrade Italian Style Ground Coffee,227g,£3.00,£1.33/100g,,Summer
083835,Veuve Clicquot Yellow Label Brut Champagne,W,false,290,https://ecom-su-static-prod.wtrecom.com/images/products/3/LN_083835_BP_3.jpg,https://www.waitrose.com/ecom/products/veuve-clicquot-yellow-label-brut-champagne/083835-42570-42571,Veuve Clicquot Yellow Label Brut Champagne,75cl,£47.99,£47.99/75cl,,Summer
071710,Nestlé Rowntree's Fruit Pastilles Lollies,G,true,291,https://ecom-su-static-prod.wtrecom.com/images/products/3/LN_071710_BP_3.jpg,https://www.waitrose.com/ecom/products/nestle-rowntrees-fruit-pastilles-lollies/071710-36408-36409,Nestlé Rowntree's Fruit Pastilles Lollies,4x65ml,£2.65,£1.02/100ml,Add 2 for £4,Summer
489645,Waitrose Lemon Tart,G,false,292,https://ecom-su-static-prod.wtrecom.com/images/products/3/LN_489645_BP_3.jpg,https://www.waitrose.com/ecom/products/waitrose-lemon-tart/489645-209366-209367,Waitrose Lemon Tart,300g,£3.75,£1.25/100g,,Summer
898043,Waitrose Parmigiano Reggiano DOP Parmesan Cheese Strength 6,G,false,293,https://ecom-su-static-prod.wtrecom.com/images/products/3/LN_898043_BP_3.jpg,https://www.waitrose.com/ecom/products/waitrose-parmigiano-reggiano-dop-parmesan-cheese-strength-6/898043-688838-688839,Waitrose Parmigiano Reggiano DOP Parmesan Cheese Strength 6,250g,£5.30,£21.20/kg,,Summer
094837,De Cecco Fusilli,G,false,294,https://ecom-su-static-prod.wtrecom.com/images/products/3/LN_094837_BP_3.jpg,https://www.waitrose.com/ecom/products/de-cecco-fusilli/094837-48644-48645,De Cecco Fusilli,500g,£2.00,£4/kg,,Summer
062918,Kettle Chips Sea Salt & Balsamic Vinegar,G,true,295,https://ecom-su-static-prod.wtrecom.com/images/products/3/LN_062918_BP_3.jpg,https://www.waitrose.com/ecom/products/kettle-chips-sea-salt-balsamic-vinegar/062918-31941-31942,Kettle Chips Sea Salt & Balsamic Vinegar,130g,£1.50,£1.16/100g,save 90p. Was £2.40,Summer
728453,Duchy Organic Honey Roast Ham,G,false,296,https://ecom-su-static-prod.wtrecom.com/images/products/3/LN_728453_BP_3.jpg,https://www.waitrose.com/ecom/products/duchy-organic-honey-roast-ham/728453-103481-103482,Duchy Organic Honey Roast Ham,90g,£3.75,£4.17/100g,,Summer
381809,Essential Extra Mature Sliced Cheddar Cheese Strength 6,G,false,297,https://ecom-su-static-prod.wtrecom.com/images/products/3/LN_381809_BP_3.jpg,https://www.waitrose.com/ecom/products/essential-extra-mature-sliced-cheddar-cheese-strength-6/381809-53704-53705,Essential Extra Mature Sliced Cheddar Cheese Strength 6,250g,£2.80,£11.20/kg,,Summer
665293,No.1 Free Range Applewood Smoked Turkey,G,false,298,https://ecom-su-static-prod.wtrecom.com/images/products/3/LN_665293_BP_3.jpg,https://www.waitrose.com/ecom/products/no1-free-range-applewood-smoked-turkey/665293-575690-575691,No.1 Free Range Applewood Smoked Turkey,80g,£4.00,£5/100g,,Summer
058906,R.White's Lemonade Bottle,G,true,299,https://ecom-su-static-prod.wtrecom.com/images/products/3/LN_058906_BP_3.jpg,https://www.waitrose.com/ecom/products/rwhites-lemonade-bottle/058906-29644-29645,R.White's Lemonade Bottle,2litre,£1.40,7p/100ml,Add 2 for £2.50,Summer
041810,Le Rustique le Bon Brie Cheese,G,false,300,https://ecom-su-static-prod.wtrecom.com/images/products/3/LN_041810_BP_3.jpg,https://www.waitrose.com/ecom/products/le-rustique-le-bon-brie-cheese/041810-20718-20719,Le Rustique le Bon Brie Cheese,200g,£2.75,£13.75/kg,,Summer
881749,Mars Ice Cream,G,false,301,https://ecom-su-static-prod.wtrecom.com/images/products/3/LN_881749_BP_3.jpg,https://www.waitrose.com/ecom/products/mars-ice-cream/881749-824424-824425,Mars Ice Cream,4x40g,£2.90,,,Summer
865503,No.1 Aberdeen Angus Beef Topside,G,false,302,https://ecom-su-static-prod.wtrecom.com/images/products/3/LN_865503_BP_3.jpg,https://www.waitrose.com/ecom/products/no1-aberdeen-angus-beef-topside/865503-575906-575907,No.1 Aberdeen Angus Beef Topside,80g,£4.00,£5/100g,,Summer
843761,Waitrose 4 Valencia Orange Lollies,G,false,303,https://ecom-su-static-prod.wtrecom.com/images/products/3/LN_843761_BP_3.jpg,https://www.waitrose.com/ecom/products/waitrose-4-valencia-orange-lollies/843761-261380-261381,Waitrose 4 Valencia Orange Lollies,4x73ml,£2.75,94.2p/100ml,,Summer
067210,Lurpak Spreadable Unsalted Spreadable Butter with Rapeseed Oil,G,false,304,https://ecom-su-static-prod.wtrecom.com/images/products/3/LN_067210_BP_3.jpg,https://www.waitrose.com/ecom/products/lurpak-spreadable-unsalted-spreadable-butter-with-rapeseed-oil/067210-34070-34071,Lurpak Spreadable Unsalted Spreadable Butter with Rapeseed Oil,400g,£3.95,£9.88/kg,,Summer
434840,Essential 7 British Roast Ham Slices,G,false,305,https://ecom-su-static-prod.wtrecom.com/images/products/3/LN_434840_BP_3.jpg,https://www.waitrose.com/ecom/products/essential-7-british-roast-ham-slices/434840-724839-724840,Essential 7 British Roast Ham Slices,80g,£1.10,£1.38/100g,,Summer
816013,"Essential British Chicken Drumsticks, Skin-on & Bone-in",G,true,306,https://ecom-su-static-prod.wtrecom.com/images/products/3/LN_816013_BP_3.jpg,https://www.waitrose.com/ecom/products/essential-british-chicken-drumsticks-skin-on-bone-in/816013-767772-767773,"Essential British Chicken Drumsticks, Skin-on & Bone-in",1600g,£4.60,£2.88/kg,Add 3 for £12,Summer
832301,TruFru Strawberries White & Milk Chocolate,G,false,307,https://ecom-su-static-prod.wtrecom.com/images/products/3/LN_832301_BP_3.jpg,https://www.waitrose.com/ecom/products/trufru-strawberries-white-milk-chocolate/832301-824414-824415,TruFru Strawberries White & Milk Chocolate,227g,£5.00,£22.03/kg,,Summer
502863,Solero Red Berries Ice cream Lolly,G,true,308,https://ecom-su-static-prod.wtrecom.com/images/products/3/LN_502863_BP_3.jpg,https://www.waitrose.com/ecom/products/solero-red-berries-ice-cream-lolly/502863-721955-721956,Solero Red Berries Ice cream Lolly,270ml,£2.75,£1.02/100ml,Add 2 for £4,Summer
023278,Carte D'Or Madagascan Vanilla Ice Cream Tub Dessert,G,false,309,https://ecom-su-static-prod.wtrecom.com/images/products/3/LN_023278_BP_3.jpg,https://www.waitrose.com/ecom/products/carte-dor-madagascan-vanilla-ice-cream-tub-dessert/023278-11313-11314,Carte D'Or Madagascan Vanilla Ice Cream Tub Dessert,900ml,£3.95,43.9p/100ml,,Summer
744645,Tropicana Original Orange Juice with Bits Large,G,false,310,https://ecom-su-static-prod.wtrecom.com/images/products/3/LN_744645_BP_3.jpg,https://www.waitrose.com/ecom/products/tropicana-original-orange-juice-with-bits-large/744645-752513-752514,Tropicana Original Orange Juice with Bits Large,1.5litre,£4.20,28p/100ml,,Summer
481904,Duchy Organic Cypriot Halloumi Cheese Strength 1,G,false,311,https://ecom-su-static-prod.wtrecom.com/images/products/3/LN_481904_BP_3.jpg,https://www.waitrose.com/ecom/products/duchy-organic-cypriot-halloumi-cheese-strength-1/481904-624394-624395,Duchy Organic Cypriot Halloumi Cheese Strength 1,225g,£3.75,£16.67/kg,,Summer
502226,Waitrose Wiltshire Cured Oak Smoked Ham,G,true,312,https://ecom-su-static-prod.wtrecom.com/images/products/3/LN_502226_BP_3.jpg,https://www.waitrose.com/ecom/products/waitrose-wiltshire-cured-oak-smoked-ham/502226-319562-319563,Waitrose Wiltshire Cured Oak Smoked Ham,130g,£3.50,£2.70/100g,Add 2 for £6,Summer
462497,"Waitrose Pinot Grigio Veneto, Italy",W,false,313,https://ecom-su-static-prod.wtrecom.com/images/products/3/LN_462497_BP_3.jpg,https://www.waitrose.com/ecom/products/waitrose-pinot-grigio-veneto-italy/462497-222666-222667,"Waitrose Pinot Grigio Veneto, Italy",75cl,£7.99,£7.99/75cl,,Summer
734328,No.1 Prosciutto di Parma,G,false,314,https://ecom-su-static-prod.wtrecom.com/images/products/3/LN_734328_BP_3.jpg,https://www.waitrose.com/ecom/products/no1-prosciutto-di-parma/734328-166755-166756,No.1 Prosciutto di Parma,90g,£6.45,£7.17/100g,,Summer
811697,No.1 Dry Aged Britsh Beef 2 Steak Burgers,G,false,315,https://ecom-su-static-prod.wtrecom.com/images/products/3/LN_811697_BP_3.jpg,https://www.waitrose.com/ecom/products/no1-dry-aged-britsh-beef-2-steak-burgers/811697-691972-691973,No.1 Dry Aged Britsh Beef 2 Steak Burgers,340g,£5.50,£16.18/kg,,Summer
029142,Heinz Classic Cream of Tomato Soup,G,true,316,https://ecom-su-static-prod.wtrecom.com/images/products/3/LN_029142_BP_3.jpg,https://www.waitrose.com/ecom/products/heinz-classic-cream-of-tomato-soup/029142-14209-14210,Heinz Classic Cream of Tomato Soup,400g,£1.75,43.8p/100g,Add 3 for £4.50,Summer
818636,No.1 Beef Lasagne for 2,G,true,317,https://ecom-su-static-prod.wtrecom.com/images/products/3/LN_818636_BP_3.jpg,https://www.waitrose.com/ecom/products/no1-beef-lasagne-for-2/818636-759206-759207,No.1 Beef Lasagne for 2,800g,£9.50,£11.88/kg,£12 Our Very Best Dine In: Add Main + Side + Starter or Dessert,Summer
659339,Tanqueray London Dry Gin,G,false,318,https://ecom-su-static-prod.wtrecom.com/images/products/3/LN_659339_BP_3.jpg,https://www.waitrose.com/ecom/products/tanqueray-london-dry-gin/659339-755995-755996,Tanqueray London Dry Gin,1L,£30.00,£30/litre,,Summer
069789,Villa Maria Private Bin Sauvignon Blanc,W,false,319,https://ecom-su-static-prod.wtrecom.com/images/products/3/LN_069789_BP_3.jpg,https://www.waitrose.com/ecom/products/villa-maria-private-bin-sauvignon-blanc/069789-35379-35380,Villa Maria Private Bin Sauvignon Blanc,75cl,£10.99,£10.99/75cl,,Summer
467199,Cooks' Ingredients Meringue Nests,G,false,320,https://ecom-su-static-prod.wtrecom.com/images/products/3/LN_467199_BP_3.jpg,https://www.waitrose.com/ecom/products/cooks-ingredients-meringue-nests/467199-65835-65836,Cooks' Ingredients Meringue Nests,8s,£2.10,26.3p each,,Summer
868914,Easy To Cook Salmon en Croutes & Watercress,G,false,321,https://ecom-su-static-prod.wtrecom.com/images/products/3/LN_868914_BP_3.jpg,https://www.waitrose.com/ecom/products/easy-to-cook-salmon-en-croutes-watercress/868914-542380-542381,Easy To Cook Salmon en Croutes & Watercress,350g,£6.50,£18.58/kg,,Summer
870620,24 No.1 Mini Pork Sausage Rolls,E,false,322,https://ecom-su-static-prod.wtrecom.com/images/products/3/LN_870620_BP_3.jpg,https://www.waitrose.com/ecom/products/24-no1-mini-pork-sausage-rolls/870620-752747-752748,24 No.1 Mini Pork Sausage Rolls,24s,£15.00,62.5p each,,Summer
041215,Galbani Italian Mini Mozzarella Cheese,G,false,323,https://ecom-su-static-prod.wtrecom.com/images/products/3/LN_041215_BP_3.jpg,https://www.waitrose.com/ecom/products/galbani-italian-mini-mozzarella-cheese/041215-20382-20383,Galbani Italian Mini Mozzarella Cheese,drained 150g,£2.80,£18.67/kg,,Summer
750282,Duchy Organic Finely Sliced Roast Ham,G,false,324,https://ecom-su-static-prod.wtrecom.com/images/products/3/LN_750282_BP_3.jpg,https://www.waitrose.com/ecom/products/duchy-organic-finely-sliced-roast-ham/750282-752515-752516,Duchy Organic Finely Sliced Roast Ham,90g,£3.75,£4.17/100g,,Summer
830298,Essential Milk Choc Ices,G,false,325,https://ecom-su-static-prod.wtrecom.com/images/products/3/LN_830298_BP_3.jpg,https://www.waitrose.com/ecom/products/essential-milk-choc-ices/830298-767705-767706,Essential Milk Choc Ices,6x70ml,£1.70,40.5p/100ml,,Summer
063194,Waitrose Mashed Potato,G,false,326,https://ecom-su-static-prod.wtrecom.com/images/products/3/LN_063194_BP_3.jpg,https://www.waitrose.com/ecom/products/waitrose-mashed-potato/063194-32091-32092,Waitrose Mashed Potato,450g,£2.60,£5.78/kg,,Summer
869724,Crosta & Mollica 2 Frozen Margherita Sourdough Pizzas,G,true,327,https://ecom-su-static-prod.wtrecom.com/images/products/3/LN_869724_BP_3.jpg,https://www.waitrose.com/ecom/products/crosta-mollica-2-frozen-margherita-sourdough-pizzas/869724-753264-753265,Crosta & Mollica 2 Frozen Margherita Sourdough Pizzas,436g,£4.20,£9.64/kg,20% Off. Was £5.25,Summer
592076,Copella Cloudy Apple Juice Large,G,false,328,https://ecom-su-static-prod.wtrecom.com/images/products/3/LN_592076_BP_3.jpg,https://www.waitrose.com/ecom/products/copella-cloudy-apple-juice-large/592076-668631-668632,Copella Cloudy Apple Juice Large,1.35litre,£3.65,27p/100ml,,Summer
834832,Higgidy Smoked Bacon & Mature Cheddar Quiche,G,false,329,https://ecom-su-static-prod.wtrecom.com/images/products/3/LN_834832_BP_3.jpg,https://www.waitrose.com/ecom/products/higgidy-smoked-bacon-mature-cheddar-quiche/834832-687533-687534,Higgidy Smoked Bacon & Mature Cheddar Quiche,400g,£4.85,£1.22/100g,,Summer
562913,Waitrose Pomegranate,G,false,330,https://ecom-su-static-prod.wtrecom.com/images/products/3/LN_562913_BP_3.jpg,https://www.waitrose.com/ecom/products/waitrose-pomegranate/562913-698024-698025,Waitrose Pomegranate,350g,£3.95,£1.13/100g,,Summer
049360,No.1 Colombian Coffee Ice Cream,G,true,331,https://ecom-su-static-prod.wtrecom.com/images/products/3/LN_049360_BP_3.jpg,https://www.waitrose.com/ecom/products/no1-colombian-coffee-ice-cream/049360-24598-24599,No.1 Colombian Coffee Ice Cream,500ml,£3.00,60p/100ml,25% Off. Was £4.40,Summer
797956,Waitrose Coleslaw & Potato Salad Twin Pot,G,false,332,https://ecom-su-static-prod.wtrecom.com/images/products/3/LN_797956_BP_3.jpg,https://www.waitrose.com/ecom/products/waitrose-coleslaw-potato-salad-twin-pot/797956-581505-581505,Waitrose Coleslaw & Potato Salad Twin Pot,445g,£2.50,56.2p/100g,,Summer
097256,Twister Mini Ice Cream Lollies,G,true,333,https://ecom-su-static-prod.wtrecom.com/images/products/3/LN_097256_BP_3.jpg,https://www.waitrose.com/ecom/products/twister-mini-ice-cream-lollies/097256-426846-49656,Twister Mini Ice Cream Lollies,6x50ml,£2.70,90p/100ml,Add 2 for £4,Summer
662944,No.1 Beef Bourguignon,G,true,334,https://ecom-su-static-prod.wtrecom.com/images/products/3/LN_662944_BP_3.jpg,https://www.waitrose.com/ecom/products/no1-beef-bourguignon/662944-759120-759121,No.1 Beef Bourguignon,650g,£9.95,£15.31/kg,£12 Our Very Best Dine In: Add Main + Side + Starter or Dessert,Summer
484872,John West MSC Tuna Chunks in Spring Water,G,true,335,https://ecom-su-static-prod.wtrecom.com/images/products/3/LN_484872_BP_3.jpg,https://www.waitrose.com/ecom/products/john-west-msc-tuna-chunks-in-spring-water/484872-723695-723696,John West MSC Tuna Chunks in Spring Water,drained 4x102g,£4.00,98p/100g,save £2.00. Was £6.00,Summer
881673,St Austell Proper Job Cornwall,G,true,336,https://ecom-su-static-prod.wtrecom.com/images/products/3/LN_881673_BP_3.jpg,https://www.waitrose.com/ecom/products/st-austell-proper-job-cornwall/881673-175572-175573,St Austell Proper Job Cornwall,500ml,£2.20,£4.40/litre,Add 3 for £5.50,Summer
823397,Waitrose Fruity Coleslaw,G,false,337,https://ecom-su-static-prod.wtrecom.com/images/products/3/LN_823397_BP_3.jpg,https://www.waitrose.com/ecom/products/waitrose-fruity-coleslaw/823397-177406-177407,Waitrose Fruity Coleslaw,270g,£2.25,83.3p/100g,,Summer
440123,Graham's Dairy Gold Top Jersey Full Cream Whole Milk,G,false,338,https://ecom-su-static-prod.wtrecom.com/images/products/3/LN_440123_BP_3.jpg,https://www.waitrose.com/ecom/products/grahams-dairy-gold-top-jersey-full-cream-whole-milk/440123-61966-61967,Graham's Dairy Gold Top Jersey Full Cream Whole Milk,1litre,£1.70,£1.70/litre,,Summer
058262,Schweppes Original Soda Water Bottle,G,false,339,https://ecom-su-static-prod.wtrecom.com/images/products/3/LN_058262_BP_3.jpg,https://www.waitrose.com/ecom/products/schweppes-original-soda-water-bottle/058262-29273-29274,Schweppes Original Soda Water Bottle,1litre,£1.80,18p/100ml,,Summer
022455,De Cecco Pasta Penne Rigate,G,false,340,https://ecom-su-static-prod.wtrecom.com/images/products/3/LN_022455_BP_3.jpg,https://www.waitrose.com/ecom/products/de-cecco-pasta-penne-rigate/022455-10946-10947,De Cecco Pasta Penne Rigate,500g,£2.00,£4/kg,,Summer
871910,Duchy Organic Baked Beans in Tomato Sauce,G,false,341,https://ecom-su-static-prod.wtrecom.com/images/products/3/LN_871910_BP_3.jpg,https://www.waitrose.com/ecom/products/duchy-organic-baked-beans-in-tomato-sauce/871910-747640-747641,Duchy Organic Baked Beans in Tomato Sauce,420g,£1.00,£2.39/kg,,Summer
018784,Waitrose Mixed Olive Ciabatta,G,false,342,https://ecom-su-static-prod.wtrecom.com/images/products/3/LN_018784_BP_3.jpg,https://www.waitrose.com/ecom/products/waitrose-mixed-olive-ciabatta/018784-9085-9086,Waitrose Mixed Olive Ciabatta,Each,£2.15,£2.15 each,,Summer
814837,Waitrose Rhubarb & Custard West Country Yogurt,G,false,343,https://ecom-su-static-prod.wtrecom.com/images/products/3/LN_814837_BP_3.jpg,https://www.waitrose.com/ecom/products/waitrose-rhubarb-custard-west-country-yogurt/814837-822527-822528,Waitrose Rhubarb & Custard West Country Yogurt,150g,£1.00,66.7p/100g,,Summer
605913,Waitrose Strawberries & Cream West Country Yogurt,G,false,344,https://ecom-su-static-prod.wtrecom.com/images/products/3/LN_605913_BP_3.jpg,https://www.waitrose.com/ecom/products/waitrose-strawberries-cream-west-country-yogurt/605913-822503-822504,Waitrose Strawberries & Cream West Country Yogurt,150g,£1.00,66.7p/100g,,Summer
628183,Arla Lactofree Lactose Free Mature Cheddar Cheese,G,false,345,https://ecom-su-static-prod.wtrecom.com/images/products/3/LN_628183_BP_3.jpg,https://www.waitrose.com/ecom/products/arla-lactofree-lactose-free-mature-cheddar-cheese/628183-89148-89149,Arla Lactofree Lactose Free Mature Cheddar Cheese,200g,£2.65,£13.25/kg,,Summer
598709,Copella Apple & Elderflower Juice Large,G,false,346,https://ecom-su-static-prod.wtrecom.com/images/products/3/LN_598709_BP_3.jpg,https://www.waitrose.com/ecom/products/copella-apple-elderflower-juice-large/598709-668633-668634,Copella Apple & Elderflower Juice Large,1.35litre,£3.65,27p/100ml,,Summer
022918,San Pellegrino Lemon,G,true,347,https://ecom-su-static-prod.wtrecom.com/images/products/3/LN_022918_BP_3.jpg,https://www.waitrose.com/ecom/products/san-pellegrino-lemon/022918-11159-11160,San Pellegrino Lemon,6x330ml,£4.00,20.2p/100ml,save 95p. Was £4.95,Summer
556211,Waitrose Chicken Jerk Spiced Thigh Fillets,G,true,348,https://ecom-su-static-prod.wtrecom.com/images/products/3/LN_556211_BP_3.jpg,https://www.waitrose.com/ecom/products/waitrose-chicken-jerk-spiced-thigh-fillets/556211-767756-767757,Waitrose Chicken Jerk Spiced Thigh Fillets,400g,£4.50,£11.25/kg,Add 3 for £12,Summer
806781,No.1 Fish Pie for 2,G,true,349,https://ecom-su-static-prod.wtrecom.com/images/products/3/LN_806781_BP_3.jpg,https://www.waitrose.com/ecom/products/no1-fish-pie-for-2/806781-703370-703371,No.1 Fish Pie for 2,720g,£9.95,£13.82/kg,£12 Our Very Best Dine In: Add Main + Side + Starter or Dessert,Summer
373538,Fever-Tree Indian Light Tonic Water,G,false,350,https://ecom-su-static-prod.wtrecom.com/images/products/3/LN_373538_BP_3.jpg,https://www.waitrose.com/ecom/products/fever-tree-indian-light-tonic-water/373538-52531-52532,Fever-Tree Indian Light Tonic Water,500ml,£2.10,42p/100ml,,Summer
048707,Waitrose Smoked Salmon Pâté,G,false,351,https://ecom-su-static-prod.wtrecom.com/images/products/3/LN_048707_BP_3.jpg,https://www.waitrose.com/ecom/products/waitrose-smoked-salmon-pate/048707-24205-24206,Waitrose Smoked Salmon Pâté,115g,£2.30,£2/100g,,Summer
810992,"Higgidy Spinach, Feta & Red Pepper Quiche",G,false,352,https://ecom-su-static-prod.wtrecom.com/images/products/3/LN_810992_BP_3.jpg,https://www.waitrose.com/ecom/products/higgidy-spinach-feta-red-pepper-quiche/810992-687279-687280,"Higgidy Spinach, Feta & Red Pepper Quiche",400g,£4.85,£1.22/100g,,Summer
438868,Appletiser Can,G,true,353,https://ecom-su-static-prod.wtrecom.com/images/products/3/LN_438868_BP_3.jpg,https://www.waitrose.com/ecom/products/appletiser-can/438868-585437-585438,Appletiser Can,6x250ml,£3.00,20p/100ml,save £1.65. Was £4.65,Summer
538590,Waitrose Yogurt Dressed Charlotte Potato Salad,G,false,354,https://ecom-su-static-prod.wtrecom.com/images/products/3/LN_538590_BP_3.jpg,https://www.waitrose.com/ecom/products/waitrose-yogurt-dressed-charlotte-potato-salad/538590-497820-497821,Waitrose Yogurt Dressed Charlotte Potato Salad,270g,£2.25,83.3p/100g,,Summer
041836,Le Rustique Camembert Cheese,G,true,355,https://ecom-su-static-prod.wtrecom.com/images/products/3/LN_041836_BP_3.jpg,https://www.waitrose.com/ecom/products/le-rustique-camembert-cheese/041836-20734-20735,Le Rustique Camembert Cheese,250g,£2.40,£9.60/kg,20% Off. Was £3.00,Summer
653127,Bounty Chocolate Coconut Ice Cream,G,false,356,https://ecom-su-static-prod.wtrecom.com/images/products/3/LN_653127_BP_3.jpg,https://www.waitrose.com/ecom/products/bounty-chocolate-coconut-ice-cream/653127-812479-812480,Bounty Chocolate Coconut Ice Cream,4x50ml,£2.90,£1.45/100ml,,Summer
530761,Magnum Double Gold Caramel Billionaire Ice Cream Sticks,G,true,357,https://ecom-su-static-prod.wtrecom.com/images/products/3/LN_530761_BP_3.jpg,https://www.waitrose.com/ecom/products/magnum-double-gold-caramel-billionaire-ice-cream-sticks/530761-752941-752942,Magnum Double Gold Caramel Billionaire Ice Cream Sticks,3x85ml,£4.20,£1.65/100ml,Add 2 for £6,Summer
055337,Waitrose Plain Ciabatta,G,false,358,https://ecom-su-static-prod.wtrecom.com/images/products/3/LN_055337_BP_3.jpg,https://www.waitrose.com/ecom/products/waitrose-plain-ciabatta/055337-27777-27778,Waitrose Plain Ciabatta,each,£2.00,,,Summer
016766,Waitrose Tiramisu,G,true,359,https://ecom-su-static-prod.wtrecom.com/images/products/3/LN_016766_BP_3.jpg,https://www.waitrose.com/ecom/products/waitrose-tiramisu/016766-8067-8068,Waitrose Tiramisu,500g,£2.55,51p/100g,25% Off. Was £3.40,Summer
832507,Häagen-Dazs Salted Caramel Ice Cream,G,false,360,https://ecom-su-static-prod.wtrecom.com/images/products/3/LN_832507_BP_3.jpg,https://www.waitrose.com/ecom/products/haagen-dazs-salted-caramel-ice-cream/832507-281993-281994,Häagen-Dazs Salted Caramel Ice Cream,460ml,£5.65,£1.23/100ml,,Summer
789774,No.1 Outdoor Bred Pork Mini Sausage Rolls,G,false,361,https://ecom-su-static-prod.wtrecom.com/images/products/3/LN_789774_BP_3.jpg,https://www.waitrose.com/ecom/products/no1-outdoor-bred-pork-mini-sausage-rolls/789774-744667-744668,No.1 Outdoor Bred Pork Mini Sausage Rolls,300g,£4.75,£1.59/100g,,Summer
062207,Pimm's No.1 & Lemonade Premix Can,G,true,362,https://ecom-su-static-prod.wtrecom.com/images/products/3/LN_062207_BP_3.jpg,https://www.waitrose.com/ecom/products/pimms-no1-lemonade-premix-can/062207-31547-31548,Pimm's No.1 & Lemonade Premix Can,250ml,£2.30,£9.20/litre,Mix & Match Add 4 for 3 Cheapest Item Free,Summer
883600,Nestlé Fab Strawberry,G,true,363,https://ecom-su-static-prod.wtrecom.com/images/products/3/LN_883600_BP_3.jpg,https://www.waitrose.com/ecom/products/nestle-fab-strawberry/883600-261448-261449,Nestlé Fab Strawberry,6x58ml,£2.65,76.1p/100ml,Add 2 for £4,Summer
644059,Essential Fruit Splits,G,false,364,https://ecom-su-static-prod.wtrecom.com/images/products/3/LN_644059_BP_3.jpg,https://www.waitrose.com/ecom/products/essential-fruit-splits/644059-801953-801953,Essential Fruit Splits,6x73ml,£1.60,36.5p/100ml,,Summer
836514,Waitrose Italian Pepperoni,G,false,365,https://ecom-su-static-prod.wtrecom.com/images/products/3/LN_836514_BP_3.jpg,https://www.waitrose.com/ecom/products/waitrose-italian-pepperoni/836514-486751-486752,Waitrose Italian Pepperoni,90g,£3.70,£4.12/100g,,Summer
657062,Waitrose Spanish Chorizo de Navarra,G,true,366,https://ecom-su-static-prod.wtrecom.com/images/products/3/LN_657062_BP_3.jpg,https://www.waitrose.com/ecom/products/waitrose-spanish-chorizo-de-navarra/657062-486629-486630,Waitrose Spanish Chorizo de Navarra,100g,£3.50,£3.50/100g,Add 2 for £5.50,Summer
863394,Nestlé Pure Life Still Spring Water,G,false,367,https://ecom-su-static-prod.wtrecom.com/images/products/3/LN_863394_BP_3.jpg,https://www.waitrose.com/ecom/products/nestle-pure-life-still-spring-water/863394-724172-724173,Nestlé Pure Life Still Spring Water,12x500ml,£2.65,44.2p/litre,,Summer
845450,Waitrose Mini Sticks,G,false,368,https://ecom-su-static-prod.wtrecom.com/images/products/3/LN_845450_BP_3.jpg,https://www.waitrose.com/ecom/products/waitrose-mini-sticks/845450-802149-802149,Waitrose Mini Sticks,8x50ml,£3.20,80p/100ml,,Summer
062202,Waitrose London Dry Gin,G,false,369,https://ecom-su-static-prod.wtrecom.com/images/products/3/LN_062202_BP_3.jpg,https://www.waitrose.com/ecom/products/waitrose-london-dry-gin/062202-31541-31542,Waitrose London Dry Gin,1L,£19.00,£19/litre,,Summer
049050,Häagen-Dazs Vanilla Ice Cream,G,false,370,https://ecom-su-static-prod.wtrecom.com/images/products/3/LN_049050_BP_3.jpg,https://www.waitrose.com/ecom/products/haagen-dazs-vanilla-ice-cream/049050-24442-24443,Häagen-Dazs Vanilla Ice Cream,460ml,£5.65,£1.23/100ml,,Summer
792063,The Doctors Sauvignon Blanc,W,true,371,https://ecom-su-static-prod.wtrecom.com/images/products/3/LN_792063_BP_3.jpg,https://www.waitrose.com/ecom/products/the-doctors-sauvignon-blanc/792063-213556-213557,The Doctors Sauvignon Blanc,75cl,£9.99,£9.99/75cl,Buyers Choice,Summer
083834,Bollinger Special Cuvée Brut NV,W,true,372,https://ecom-su-static-prod.wtrecom.com/images/products/3/LN_083834_BP_3.jpg,https://www.waitrose.com/ecom/products/bollinger-special-cuvee-brut-nv/083834-42568-42569,Bollinger Special Cuvée Brut NV,75cl,£42.99,£42.99/75cl,save £15.00. Was £57.99,Summer
448278,Hovis 1886 Premium Hot Dog Rolls,G,true,373,https://ecom-su-static-prod.wtrecom.com/images/products/3/LN_448278_BP_3.jpg,https://www.waitrose.com/ecom/products/hovis-1886-premium-hot-dog-rolls/448278-779901-779902,Hovis 1886 Premium Hot Dog Rolls,4s,£1.70,42.5p each,Add 2 for £3,Summer
828272,Waitrose Italian Napoli Salami,G,false,374,https://ecom-su-static-prod.wtrecom.com/images/products/3/LN_828272_BP_3.jpg,https://www.waitrose.com/ecom/products/waitrose-italian-napoli-salami/828272-156629-156630,Waitrose Italian Napoli Salami,70g,£3.00,£4.29/100g,,Summer
831973,Calippo Mini Orange & Lemon-Lime Ice Cream Lollies,G,true,375,https://ecom-su-static-prod.wtrecom.com/images/products/3/LN_831973_BP_3.jpg,https://www.waitrose.com/ecom/products/calippo-mini-orange-lemon-lime-ice-cream-lollies/831973-688722-688723,Calippo Mini Orange & Lemon-Lime Ice Cream Lollies,5x80ml,£2.75,68.8p/100ml,Add 2 for £4,Summer
688058,Heineken 0.0% Alcohol Free Lager Beer Can 6PK,G,false,376,https://ecom-su-static-prod.wtrecom.com/images/products/3/LN_688058_BP_3.jpg,https://www.waitrose.com/ecom/products/heineken-00-alcohol-free-lager-beer-can-6pk/688058-662866-662867,Heineken 0.0% Alcohol Free Lager Beer Can 6PK,6x330ml,£5.50,27.8p/100ml,,Summer
007739,Mackie's Traditional Ice Cream,G,true,377,https://ecom-su-static-prod.wtrecom.com/images/products/3/LN_007739_BP_3.jpg,https://www.waitrose.com/ecom/products/mackies-traditional-ice-cream/007739-3626-3627,Mackie's Traditional Ice Cream,1litre,£2.30,23p/100ml,save £1.05. Was £3.35,Summer
853146,San Miguel Lager Cans,G,false,378,https://ecom-su-static-prod.wtrecom.com/images/products/3/LN_853146_BP_3.jpg,https://www.waitrose.com/ecom/products/san-miguel-lager-cans/853146-692682-692683,San Miguel Lager Cans,10x440ml,£13.00,£2.96/litre,,Summer
736949,Assorted Fruit Platter,E,false,379,https://ecom-su-static-prod.wtrecom.com/images/products/3/LN_736949_BP_3.jpg,https://www.waitrose.com/ecom/products/assorted-fruit-platter/736949-586760-586761,Assorted Fruit Platter,each,£13.00,,,Summer
822298,Doritos Tangy Cheese Sharing Tortilla Chips,G,false,380,https://ecom-su-static-prod.wtrecom.com/images/products/3/LN_822298_BP_3.jpg,https://www.waitrose.com/ecom/products/doritos-tangy-cheese-sharing-tortilla-chips/822298-307234-307235,Doritos Tangy Cheese Sharing Tortilla Chips,180g,£2.50,£1.39/100g,,Summer
677648,Waitrose Fresh French Dressing,G,false,381,https://ecom-su-static-prod.wtrecom.com/images/products/3/LN_677648_BP_3.jpg,https://www.waitrose.com/ecom/products/waitrose-fresh-french-dressing/677648-420375-420376,Waitrose Fresh French Dressing,150ml,£1.30,86.7p/100ml,,Summer
722160,Magnum Double Raspberry Ice Cream Stick,G,true,382,https://ecom-su-static-prod.wtrecom.com/images/products/3/LN_722160_BP_3.jpg,https://www.waitrose.com/ecom/products/magnum-double-raspberry-ice-cream-stick/722160-688655-688656,Magnum Double Raspberry Ice Cream Stick,3x85ml,£4.20,£1.65/100ml,Add 2 for £6,Summer
446259,"Waitrose Levantine Spinach, Feta Parcels",G,false,383,https://ecom-su-static-prod.wtrecom.com/images/products/3/LN_446259_BP_3.jpg,https://www.waitrose.com/ecom/products/waitrose-levantine-spinach-feta-parcels/446259-62829-62830,"Waitrose Levantine Spinach, Feta Parcels",136g,£3.90,£2.87/100g,,Summer
727515,Waitrose Frozen Beef Lasagne For 2,G,false,384,https://ecom-su-static-prod.wtrecom.com/images/products/3/LN_727515_BP_3.jpg,https://www.waitrose.com/ecom/products/waitrose-frozen-beef-lasagne-for-2/727515-761808-761809,Waitrose Frozen Beef Lasagne For 2,700g,£5.85,£8.36/kg,,Summer
841430,Waitrose Watermelon Fingers,G,false,385,https://ecom-su-static-prod.wtrecom.com/images/products/3/LN_841430_BP_3.jpg,https://www.waitrose.com/ecom/products/waitrose-watermelon-fingers/841430-756171-756172,Waitrose Watermelon Fingers,600g,£4.95,82.5p/100g,,Summer
898497,Waitrose Waffle Ice Cream Cones,G,false,386,https://ecom-su-static-prod.wtrecom.com/images/products/3/LN_898497_BP_3.jpg,https://www.waitrose.com/ecom/products/waitrose-waffle-ice-cream-cones/898497-694096-694097,Waitrose Waffle Ice Cream Cones,10s,£1.55,15.5p each,,Summer
437810,Anchor Spreadable Butter with Rapeseed Oil,G,false,387,https://ecom-su-static-prod.wtrecom.com/images/products/3/LN_437810_BP_3.jpg,https://www.waitrose.com/ecom/products/anchor-spreadable-butter-with-rapeseed-oil/437810-747878-747879,Anchor Spreadable Butter with Rapeseed Oil,750g,£6.25,£8.34/kg,,Summer
048712,Waitrose Smoked Mackerel Pâté,G,false,388,https://ecom-su-static-prod.wtrecom.com/images/products/3/LN_048712_BP_3.jpg,https://www.waitrose.com/ecom/products/waitrose-smoked-mackerel-pate/048712-24211-24212,Waitrose Smoked Mackerel Pâté,115g,£2.30,£2/100g,,Summer
027015,Taylors of Harrogate Yorkshire 80 Tea Bags,G,false,389,https://ecom-su-static-prod.wtrecom.com/images/products/3/LN_027015_BP_3.jpg,https://www.waitrose.com/ecom/products/taylors-of-harrogate-yorkshire-80-tea-bags/027015-13133-13134,Taylors of Harrogate Yorkshire 80 Tea Bags,250g,£3.45,£1.38/100g,,Summer
749054,Corona Extra,G,false,390,https://ecom-su-static-prod.wtrecom.com/images/products/3/LN_749054_BP_3.jpg,https://www.waitrose.com/ecom/products/corona-extra/749054-106536-106537,Corona Extra,12x330ml,£16.50,£4.17/litre,,Summer
002959,Evian Still Mineral Water,G,false,391,https://ecom-su-static-prod.wtrecom.com/images/products/3/LN_002959_BP_3.jpg,https://www.waitrose.com/ecom/products/evian-still-mineral-water/002959-1086-1087,Evian Still Mineral Water,12x33cl,£5.00,12.6p/100ml,,Summer
676626,No.1 Wood-fired Double Mozzarella Margherita Sourdough Pizza,G,false,392,https://ecom-su-static-prod.wtrecom.com/images/products/3/LN_676626_BP_3.jpg,https://www.waitrose.com/ecom/products/no1-wood-fired-double-mozzarella-margherita-sourdough-pizza/676626-813884-813885,No.1 Wood-fired Double Mozzarella Margherita Sourdough Pizza,465g,£5.95,£12.80/kg,,Summer
028267,Waitrose Deli Style Cheese Coleslaw,G,false,393,https://ecom-su-static-prod.wtrecom.com/images/products/3/LN_028267_BP_3.jpg,https://www.waitrose.com/ecom/products/waitrose-deli-style-cheese-coleslaw/028267-13749-13750,Waitrose Deli Style Cheese Coleslaw,300g,£2.25,75p/100g,,Summer
428028,Manomasa Chipotle & Lime,G,false,394,https://ecom-su-static-prod.wtrecom.com/images/products/3/LN_428028_BP_3.jpg,https://www.waitrose.com/ecom/products/manomasa-chipotle-lime/428028-786024-786025,Manomasa Chipotle & Lime,140g,£2.30,£1.65/100g,,Summer
442067,Essential Napkins 33cm x 33cm,G,false,395,https://ecom-su-static-prod.wtrecom.com/images/products/3/LN_442067_BP_3.jpg,https://www.waitrose.com/ecom/products/essential-napkins-33cm-x-33cm/442067-217700-217701,Essential Napkins 33cm x 33cm,50s,£2.00,4p each,,Summer
892880,Deli Style Coleslaw,E,false,396,https://ecom-su-static-prod.wtrecom.com/images/products/3/LN_892880_BP_3.jpg,https://www.waitrose.com/ecom/products/deli-style-coleslaw/892880-296039-296040,Deli Style Coleslaw,Typical weight 800g,£6.00,75p/100g,,Summer
398104,Crosta & Mollica Pane Pugliese,G,false,397,https://ecom-su-static-prod.wtrecom.com/images/products/3/LN_398104_BP_3.jpg,https://www.waitrose.com/ecom/products/crosta-mollica-pane-pugliese/398104-131221-131222,Crosta & Mollica Pane Pugliese,400g,£2.40,60p/100g,,Summer
550068,Waitrose Fresh Caesar Dressing,G,false,398,https://ecom-su-static-prod.wtrecom.com/images/products/3/LN_550068_BP_3.jpg,https://www.waitrose.com/ecom/products/waitrose-fresh-caesar-dressing/550068-420219-420220,Waitrose Fresh Caesar Dressing,150ml,£1.30,86.7p/100ml,,Summer
600079,Waitrose Beetroot & Feta Salad,G,false,399,https://ecom-su-static-prod.wtrecom.com/images/products/3/LN_600079_BP_3.jpg,https://www.waitrose.com/ecom/products/waitrose-beetroot-feta-salad/600079-791340-791341,Waitrose Beetroot & Feta Salad,180g,£2.50,£1.39/100g,,Summer
648738,Levantine Table Smoky Aubergine Baba Ganoush,G,false,400,https://ecom-su-static-prod.wtrecom.com/images/products/3/LN_648738_BP_3.jpg,https://www.waitrose.com/ecom/products/levantine-table-smoky-aubergine-baba-ganoush/648738-755653-755654,Levantine Table Smoky Aubergine Baba Ganoush,180g,£2.85,£1.59/100g,,Summer
475970,Steve's Leaves Sweet Beets & Little Leaves,G,true,401,https://ecom-su-static-prod.wtrecom.com/images/products/3/LN_475970_BP_3.jpg,https://www.waitrose.com/ecom/products/steves-leaves-sweet-beets-little-leaves/475970-730066-730067,Steve's Leaves Sweet Beets & Little Leaves,70g,£1.28,£1.83/100g,20% Off. Was £1.60,Summer
557579,Duchy Organic 12 British Pork Chipolatas,G,true,402,https://ecom-su-static-prod.wtrecom.com/images/products/3/LN_557579_BP_3.jpg,https://www.waitrose.com/ecom/products/duchy-organic-12-british-pork-chipolatas/557579-78862-78863,Duchy Organic 12 British Pork Chipolatas,340g,£3.93,£11.56/kg,25% Off. Was £5.25,Summer
714403,Stonebaked Baguette,G,false,403,https://ecom-su-static-prod.wtrecom.com/images/products/3/LN_714403_BP_3.jpg,https://www.waitrose.com/ecom/products/stonebaked-baguette/714403-382108-382109,Stonebaked Baguette,400g,£1.60,40p/100g,,Summer
049009,Essential Vanilla Soft Scoop Ice Cream,G,false,404,https://ecom-su-static-prod.wtrecom.com/images/products/3/LN_049009_BP_3.jpg,https://www.waitrose.com/ecom/products/essential-vanilla-soft-scoop-ice-cream/049009-24420-24421,Essential Vanilla Soft Scoop Ice Cream,2litre,£2.20,11p/100ml,,Summer
069371,San Pellegrino Sparkling Natural Mineral Water,G,true,405,https://ecom-su-static-prod.wtrecom.com/images/products/3/LN_069371_BP_3.jpg,https://www.waitrose.com/ecom/products/san-pellegrino-sparkling-natural-mineral-water/069371-35181-35182,San Pellegrino Sparkling Natural Mineral Water,1litre,£1.00,10p/100ml,save 70p. Was £1.70,Summer
782166,Waitrose Watermelon,G,false,406,https://ecom-su-static-prod.wtrecom.com/images/products/3/LN_782166_BP_3.jpg,https://www.waitrose.com/ecom/products/waitrose-watermelon/782166-698138-698139,Waitrose Watermelon,200g,£2.25,£1.13/100g,,Summer
877498,Beyond Meat Beyond Burger,G,false,407,https://ecom-su-static-prod.wtrecom.com/images/products/3/LN_877498_BP_3.jpg,https://www.waitrose.com/ecom/products/beyond-meat-beyond-burger/877498-752575-752576,Beyond Meat Beyond Burger,226g,£4.75,£21.02/kg,,Summer
735273,No.1 Free Range Lincolnshire Pork Sausages 6s,G,false,408,https://ecom-su-static-prod.wtrecom.com/images/products/3/LN_735273_BP_3.jpg,https://www.waitrose.com/ecom/products/no1-free-range-lincolnshire-pork-sausages-6s/735273-149491-149492,No.1 Free Range Lincolnshire Pork Sausages 6s,400g,£4.50,£11.25/kg,,Summer
890879,McGuigan Family Release Shiraz,W,false,409,https://ecom-su-static-prod.wtrecom.com/images/products/3/LN_890879_BP_3.jpg,https://www.waitrose.com/ecom/products/mcguigan-family-release-shiraz/890879-492248-492249,McGuigan Family Release Shiraz,75cl,£9.99,£9.99/75cl,,Summer
744398,Duchy Organic 6 British Pork Sausages,G,false,410,https://ecom-su-static-prod.wtrecom.com/images/products/3/LN_744398_BP_3.jpg,https://www.waitrose.com/ecom/products/duchy-organic-6-british-pork-sausages/744398-105820-105821,Duchy Organic 6 British Pork Sausages,400g,£5.25,£13.13/kg,,Summer
872632,Magnum Intense Dark Chocolate Ice Cream Sticks,G,true,411,https://ecom-su-static-prod.wtrecom.com/images/products/3/LN_872632_BP_3.jpg,https://www.waitrose.com/ecom/products/magnum-intense-dark-chocolate-ice-cream-sticks/872632-802204-802205,Magnum Intense Dark Chocolate Ice Cream Sticks,3x100ml,£4.20,£1.40/100ml,Add 2 for £6,Summer
428911,No. 1 Parmigiano Reggiano DOP Parmesan Cheese,G,false,412,https://ecom-su-static-prod.wtrecom.com/images/products/3/LN_428911_BP_3.jpg,https://www.waitrose.com/ecom/products/no-1-parmigiano-reggiano-dop-parmesan-cheese/428911-636273-636274,No. 1 Parmigiano Reggiano DOP Parmesan Cheese,200g,£4.25,£21.25/kg,,Summer
720491,Waitrose Berry Medley,G,false,413,https://ecom-su-static-prod.wtrecom.com/images/products/3/LN_720491_BP_3.jpg,https://www.waitrose.com/ecom/products/waitrose-berry-medley/720491-698098-698099,Waitrose Berry Medley,230g,£2.95,£1.29/100g,,Summer
878235,Deliciously Ella Gluten Free & Vegan Oat Bars Peanut Butter,G,false,414,https://ecom-su-static-prod.wtrecom.com/images/products/3/LN_878235_BP_3.jpg,https://www.waitrose.com/ecom/products/deliciously-ella-gluten-free-vegan-oat-bars-peanut-butter/878235-722684-722685,Deliciously Ella Gluten Free & Vegan Oat Bars Peanut Butter,3x50g,£2.80,£1.87/100g,,Summer
019692,Essential British Sliced Honey Roast Ham,G,false,415,https://ecom-su-static-prod.wtrecom.com/images/products/3/LN_019692_BP_3.jpg,https://www.waitrose.com/ecom/products/essential-british-sliced-honey-roast-ham/019692-9563-9564,Essential British Sliced Honey Roast Ham,260g,£3.45,£1.33/100g,,Summer
701356,Waitrose British Salt Beef 6 Slices,G,true,416,https://ecom-su-static-prod.wtrecom.com/images/products/3/LN_701356_BP_3.jpg,https://www.waitrose.com/ecom/products/waitrose-british-salt-beef-6-slices/701356-319626-319627,Waitrose British Salt Beef 6 Slices,100g,£3.50,£3.50/100g,Add 2 for £6,Summer
772804,San Pellegrino Blood Orange,G,true,417,https://ecom-su-static-prod.wtrecom.com/images/products/3/LN_772804_BP_3.jpg,https://www.waitrose.com/ecom/products/san-pellegrino-blood-orange/772804-284583-284584,San Pellegrino Blood Orange,6x330ml,£4.00,20.2p/100ml,save 95p. Was £4.95,Summer
850874,Mutti Passata Classic,G,true,418,https://ecom-su-static-prod.wtrecom.com/images/products/3/LN_850874_BP_3.jpg,https://www.waitrose.com/ecom/products/mutti-passata-classic/850874-806844-806845,Mutti Passata Classic,400g,£1.50,£3.75/kg,save 60p. Was £2.10,Summer
051816,President Emmental Cheese,G,false,419,https://ecom-su-static-prod.wtrecom.com/images/products/3/LN_051816_BP_3.jpg,https://www.waitrose.com/ecom/products/president-emmental-cheese/051816-25790-25791,President Emmental Cheese,200g,£2.35,£11.75/kg,,Summer
853483,Tropicana Original Orange Juice with Bits,G,true,420,https://ecom-su-static-prod.wtrecom.com/images/products/3/LN_853483_BP_3.jpg,https://www.waitrose.com/ecom/products/tropicana-original-orange-juice-with-bits/853483-565196-565197,Tropicana Original Orange Juice with Bits,900ml,£2.10,£2.34/litre,Save 1/3. Was £3.15,Summer
407344,Magnum White Chocolate Ice Cream Stick,G,true,421,https://ecom-su-static-prod.wtrecom.com/images/products/3/LN_407344_BP_3.jpg,https://www.waitrose.com/ecom/products/magnum-white-chocolate-ice-cream-stick/407344-409138-409139,Magnum White Chocolate Ice Cream Stick,3x100ml,£3.50,£1.17/100ml,Add 2 for £5,Summer
049053,Häagen-Dazs Belgian Chocolate Ice Cream,G,false,422,https://ecom-su-static-prod.wtrecom.com/images/products/3/LN_049053_BP_3.jpg,https://www.waitrose.com/ecom/products/haagen-dazs-belgian-chocolate-ice-cream/049053-24444-24445,Häagen-Dazs Belgian Chocolate Ice Cream,460ml,£5.65,£1.23/100ml,,Summer
062019,The Famous Grouse Blended Scotch Whisky,G,true,423,https://ecom-su-static-prod.wtrecom.com/images/products/3/LN_062019_BP_3.jpg,https://www.waitrose.com/ecom/products/the-famous-grouse-blended-scotch-whisky/062019-31419-31420,The Famous Grouse Blended Scotch Whisky,70cl,£15.00,£21.43/litre,save £3.00. Was £18.00,Summer
606479,Levantine Table 2 Roasted Garlic Flatbreads,G,false,424,https://ecom-su-static-prod.wtrecom.com/images/products/3/LN_606479_BP_3.jpg,https://www.waitrose.com/ecom/products/levantine-table-2-roasted-garlic-flatbreads/606479-743612-743613,Levantine Table 2 Roasted Garlic Flatbreads,200g,£1.60,80p/100g,,Summer
524931,No.1 Free Range 6 Cumberland Pork Sausages,G,false,425,https://ecom-su-static-prod.wtrecom.com/images/products/3/LN_524931_BP_3.jpg,https://www.waitrose.com/ecom/products/no1-free-range-6-cumberland-pork-sausages/524931-148531-148532,No.1 Free Range 6 Cumberland Pork Sausages,400g,£4.50,£11.25/kg,,Summer
753235,Walkers Classic Variety Multipack Crisps,G,false,426,https://ecom-su-static-prod.wtrecom.com/images/products/3/LN_753235_BP_3.jpg,https://www.waitrose.com/ecom/products/walkers-classic-variety-multipack-crisps/753235-107108-107108,Walkers Classic Variety Multipack Crisps,12x25g,£3.15,£1.05/100g,,Summer
048701,Waitrose Tuna Pâté,G,false,427,https://ecom-su-static-prod.wtrecom.com/images/products/3/LN_048701_BP_3.jpg,https://www.waitrose.com/ecom/products/waitrose-tuna-pate/048701-24196-24197,Waitrose Tuna Pâté,115g,£2.30,£2/100g,,Summer
059686,Essential Mature Sliced Cheddar Cheese Strength 4,G,false,428,https://ecom-su-static-prod.wtrecom.com/images/products/3/LN_059686_BP_3.jpg,https://www.waitrose.com/ecom/products/essential-mature-sliced-cheddar-cheese-strength-4/059686-30104-30105,Essential Mature Sliced Cheddar Cheese Strength 4,250g,£2.80,£11.20/kg,,Summer
681536,Waitrose 4 Multigrain Rolls,G,false,429,https://ecom-su-static-prod.wtrecom.com/images/products/3/LN_681536_BP_3.jpg,https://www.waitrose.com/ecom/products/waitrose-4-multigrain-rolls/681536-778968-778969,Waitrose 4 Multigrain Rolls,4s,£1.20,30p each,,Summer
064449,Waitrose Gold 80 Tea Bags,G,false,430,https://ecom-su-static-prod.wtrecom.com/images/products/3/LN_064449_BP_3.jpg,https://www.waitrose.com/ecom/products/waitrose-gold-80-tea-bags/064449-32714-32715,Waitrose Gold 80 Tea Bags,250g,£2.50,£1/100g,,Summer
058901,Waitrose Lemonade with Lemon Juice,G,false,431,https://ecom-su-static-prod.wtrecom.com/images/products/3/LN_058901_BP_3.jpg,https://www.waitrose.com/ecom/products/waitrose-lemonade-with-lemon-juice/058901-29636-29637,Waitrose Lemonade with Lemon Juice,1litre,70p,7p/100ml,,Summer
402597,Fever-Tree Indian Tonic Water,G,false,432,https://ecom-su-static-prod.wtrecom.com/images/products/3/LN_402597_BP_3.jpg,https://www.waitrose.com/ecom/products/fever-tree-indian-tonic-water/402597-56654-56655,Fever-Tree Indian Tonic Water,500ml,£2.20,44p/100ml,,Summer
076442,Appletiser Bottle,G,false,433,https://ecom-su-static-prod.wtrecom.com/images/products/3/LN_076442_BP_3.jpg,https://www.waitrose.com/ecom/products/appletiser-bottle/076442-38872-38873,Appletiser Bottle,750ml,£3.70,49.3p/100ml,,Summer
866513,Waitrose Melon Trio,G,false,434,https://ecom-su-static-prod.wtrecom.com/images/products/3/LN_866513_BP_3.jpg,https://www.waitrose.com/ecom/products/waitrose-melon-trio/866513-698198-698199,Waitrose Melon Trio,220g,£2.50,£1.14/100g,,Summer
729281,La Española Extra Virgin Olive Oil,G,true,435,https://ecom-su-static-prod.wtrecom.com/images/products/3/LN_729281_BP_3.jpg,https://www.waitrose.com/ecom/products/la-espanola-extra-virgin-olive-oil/729281-496534-496535,La Española Extra Virgin Olive Oil,1litre,£11.50,£1.15/100ml,save £2.00. Was £13.50,Summer
776382,GoVeggie: Vegetarian Aubergine & Feta Burgers,G,false,436,https://ecom-su-static-prod.wtrecom.com/images/products/3/LN_776382_BP_3.jpg,https://www.waitrose.com/ecom/products/goveggie-vegetarian-aubergine-feta-burgers/776382-382222-382223,GoVeggie: Vegetarian Aubergine & Feta Burgers,210g,£2.60,£12.39/kg,,Summer
540535,Nescafé Azera Americano Instant Coffee,G,false,437,https://ecom-su-static-prod.wtrecom.com/images/products/3/LN_540535_BP_3.jpg,https://www.waitrose.com/ecom/products/nescafe-azera-americano-instant-coffee/540535-752947-752948,Nescafé Azera Americano Instant Coffee,140g,£7.50,£5.36/100g,,Summer
016018,Kettle Chips Sweet Chilli,G,true,438,https://ecom-su-static-prod.wtrecom.com/images/products/3/LN_016018_BP_3.jpg,https://www.waitrose.com/ecom/products/kettle-chips-sweet-chilli/016018-7668-7669,Kettle Chips Sweet Chilli,130g,£1.50,£1.16/100g,save 90p. Was £2.40,Summer
406516,No.1 Santo Domingo Chocolate Ice Cream,G,true,439,https://ecom-su-static-prod.wtrecom.com/images/products/3/LN_406516_BP_3.jpg,https://www.waitrose.com/ecom/products/no1-santo-domingo-chocolate-ice-cream/406516-336017-336018,No.1 Santo Domingo Chocolate Ice Cream,480ml,£3.00,62.5p/100ml,25% Off. Was £4.40,Summer
081118,Swedish Glace Dairy Free Vegan Vanilla Ice Cream Tub,G,false,440,https://ecom-su-static-prod.wtrecom.com/images/products/3/LN_081118_BP_3.jpg,https://www.waitrose.com/ecom/products/swedish-glace-dairy-free-vegan-vanilla-ice-cream-tub/081118-41277-41278,Swedish Glace Dairy Free Vegan Vanilla Ice Cream Tub,750ml,£3.15,42p/100ml,,Summer
427650,Waitrose Steak Pie,G,false,441,https://ecom-su-static-prod.wtrecom.com/images/products/3/LN_427650_BP_3.jpg,https://www.waitrose.com/ecom/products/waitrose-steak-pie/427650-810878-810879,Waitrose Steak Pie,550g,£4.75,86.4p/100g,,Summer
466894,Waitrose 4 Mediterranean Sea Bass Fillets,G,false,442,https://ecom-su-static-prod.wtrecom.com/images/products/3/LN_466894_BP_3.jpg,https://www.waitrose.com/ecom/products/waitrose-4-mediterranean-sea-bass-fillets/466894-702557-702558,Waitrose 4 Mediterranean Sea Bass Fillets,360g,£9.50,£26.39/kg,,Summer
413020,Waitrose Pineapple,G,false,443,https://ecom-su-static-prod.wtrecom.com/images/products/3/LN_413020_BP_3.jpg,https://www.waitrose.com/ecom/products/waitrose-pineapple/413020-697952-697953,Waitrose Pineapple,500g,£3.75,£7.50/kg,,Summer
484592,Levantine Table Tabbouleh Salad,G,false,444,https://ecom-su-static-prod.wtrecom.com/images/products/3/LN_484592_BP_3.jpg,https://www.waitrose.com/ecom/products/levantine-table-tabbouleh-salad/484592-756346-756347,Levantine Table Tabbouleh Salad,185g,£2.50,£1.36/100g,,Summer
099351,Waitrose British Oak Smoked Ham 4 Slices,G,true,445,https://ecom-su-static-prod.wtrecom.com/images/products/3/LN_099351_BP_3.jpg,https://www.waitrose.com/ecom/products/waitrose-british-oak-smoked-ham-4-slices/099351-50680-50681,Waitrose British Oak Smoked Ham 4 Slices,130g,£3.50,£2.70/100g,Add 2 for £6,Summer
409892,TruFru Raspberries White & Dark Chocolate,G,false,446,https://ecom-su-static-prod.wtrecom.com/images/products/3/LN_409892_BP_3.jpg,https://www.waitrose.com/ecom/products/trufru-raspberries-white-dark-chocolate/409892-824333-824334,TruFru Raspberries White & Dark Chocolate,227g,£5.00,£22.03/kg,,Summer
849883,Doritos Chilli Heatwave Sharing Tortilla Chips,G,false,447,https://ecom-su-static-prod.wtrecom.com/images/products/3/LN_849883_BP_3.jpg,https://www.waitrose.com/ecom/products/doritos-chilli-heatwave-sharing-tortilla-chips/849883-307338-307339,Doritos Chilli Heatwave Sharing Tortilla Chips,180g,£2.50,£1.39/100g,,Summer
058108,San Pellegrino Orange,G,true,448,https://ecom-su-static-prod.wtrecom.com/images/products/3/LN_058108_BP_3.jpg,https://www.waitrose.com/ecom/products/san-pellegrino-orange/058108-29198-29199,San Pellegrino Orange,6x330ml,£4.00,20.2p/100ml,save 95p. Was £4.95,Summer
583738,Muller Rice Original Low Fat Pudding,G,false,449,https://ecom-su-static-prod.wtrecom.com/images/products/3/LN_583738_BP_3.jpg,https://www.waitrose.com/ecom/products/muller-rice-original-low-fat-pudding/583738-82737-82738,Muller Rice Original Low Fat Pudding,170g,95p,55.9p/100g,,Summer
812415,Claudi & Fin Greek Style Frozen Yoghurt Lollies 8 Minis,G,false,450,https://ecom-su-static-prod.wtrecom.com/images/products/3/LN_812415_BP_3.jpg,https://www.waitrose.com/ecom/products/claudi-fin-greek-style-frozen-yoghurt-lollies-8-minis/812415-575810-575810,Claudi & Fin Greek Style Frozen Yoghurt Lollies 8 Minis,8x30ml,£3.50,£1.46/100ml,,Summer
728814,Waitrose Diced Msc Yellowfin Tuna,G,true,451,https://ecom-su-static-prod.wtrecom.com/images/products/3/LN_728814_BP_3.jpg,https://www.waitrose.com/ecom/products/waitrose-diced-msc-yellowfin-tuna/728814-754521-754522,Waitrose Diced Msc Yellowfin Tuna,200g,£5.25,£26.25/kg,Add 3 for £12,Summer
807420,Waitrose Davidstow Cornish Mature Sliced Cheddar Cheese Strength 5,G,false,452,https://ecom-su-static-prod.wtrecom.com/images/products/3/LN_807420_BP_3.jpg,https://www.waitrose.com/ecom/products/waitrose-davidstow-cornish-mature-sliced-cheddar-cheese-strength-5/807420-791879-791880,Waitrose Davidstow Cornish Mature Sliced Cheddar Cheese Strength 5,160g,£2.50,£15.63/kg,,Summer
726352,Cawston Press Kids' Blend Apple & Pear,G,false,453,https://ecom-su-static-prod.wtrecom.com/images/products/3/LN_726352_BP_3.jpg,https://www.waitrose.com/ecom/products/cawston-press-kids-blend-apple-pear/726352-200385-200386,Cawston Press Kids' Blend Apple & Pear,3x200ml,£2.35,39.2p/100ml,,Summer
085164,San Pellegrino Sparkling Natural Mineral Water Glass,G,false,454,https://ecom-su-static-prod.wtrecom.com/images/products/3/LN_085164_BP_3.jpg,https://www.waitrose.com/ecom/products/san-pellegrino-sparkling-natural-mineral-water-glass/085164-43252-43253,San Pellegrino Sparkling Natural Mineral Water Glass,6x250ml,£4.00,26.7p/100ml,,Summer
409360,Waitrose British Sliced Wilts Cured Ham,G,true,455,https://ecom-su-static-prod.wtrecom.com/images/products/3/LN_409360_BP_3.jpg,https://www.waitrose.com/ecom/products/waitrose-british-sliced-wilts-cured-ham/409360-319530-319531,Waitrose British Sliced Wilts Cured Ham,130g,£3.50,£2.70/100g,Add 2 for £6,Summer
031654,Waitrose Cheese & Onion Quiche,G,false,456,https://ecom-su-static-prod.wtrecom.com/images/products/3/LN_031654_BP_3.jpg,https://www.waitrose.com/ecom/products/waitrose-cheese-onion-quiche/031654-15429-15430,Waitrose Cheese & Onion Quiche,155g,£1.95,£1.26/100g,,Summer
721333,Waitrose British Pork Baby Back Ribs,G,false,457,https://ecom-su-static-prod.wtrecom.com/images/products/3/LN_721333_BP_3.jpg,https://www.waitrose.com/ecom/products/waitrose-british-pork-baby-back-ribs/721333-805649-805650,Waitrose British Pork Baby Back Ribs,Typical weight 450g,£4.05 each est.,90p/100g,,Summer
424550,Nuii Caramel & Macadamia,G,true,458,https://ecom-su-static-prod.wtrecom.com/images/products/3/LN_424550_BP_3.jpg,https://www.waitrose.com/ecom/products/nuii-caramel-macadamia/424550-801742-801743,Nuii Caramel & Macadamia,3x90ml,£4.20,£1.56/100ml,Add 2 for £5,Summer
867418,Waitrose Bramley Apple Pie,G,false,459,https://ecom-su-static-prod.wtrecom.com/images/products/3/LN_867418_BP_3.jpg,https://www.waitrose.com/ecom/products/waitrose-bramley-apple-pie/867418-620215-620216,Waitrose Bramley Apple Pie,550g,£3.95,71.8p/100g,,Summer
581888,Peppadew Roasted Red Peppers,G,false,460,https://ecom-su-static-prod.wtrecom.com/images/products/3/LN_581888_BP_3.jpg,https://www.waitrose.com/ecom/products/peppadew-roasted-red-peppers/581888-420247-420248,Peppadew Roasted Red Peppers,drained 350g,£4.35,£12.43/kg,,Summer
630244,Waitrose 2 British Venison Burgers,G,true,461,https://ecom-su-static-prod.wtrecom.com/images/products/3/LN_630244_BP_3.jpg,https://www.waitrose.com/ecom/products/waitrose-2-british-venison-burgers/630244-175166-175167,Waitrose 2 British Venison Burgers,227g,£3.22,£14.19/kg,25% Off. Was £4.30,Summer
853454,Levantine Table Houmous with Chickpeas & Spicy Zhoug,G,false,462,https://ecom-su-static-prod.wtrecom.com/images/products/3/LN_853454_BP_3.jpg,https://www.waitrose.com/ecom/products/levantine-table-houmous-with-chickpeas-spicy-zhoug/853454-755695-755696,Levantine Table Houmous with Chickpeas & Spicy Zhoug,200g,£2.85,£1.43/100g,,Summer
860982,No.1 Lamb Moussaka,G,true,463,https://ecom-su-static-prod.wtrecom.com/images/products/3/LN_860982_BP_3.jpg,https://www.waitrose.com/ecom/products/no1-lamb-moussaka/860982-757065-757066,No.1 Lamb Moussaka,750g,£9.95,£13.27/kg,£12 Our Very Best Dine In: Add Main + Side + Starter or Dessert,Summer
755839,Waitrose Mango Fingers,G,false,464,https://ecom-su-static-prod.wtrecom.com/images/products/3/LN_755839_BP_3.jpg,https://www.waitrose.com/ecom/products/waitrose-mango-fingers/755839-772480-772481,Waitrose Mango Fingers,600g,£4.70,£7.84/kg,,Summer
455533,DA-SH Water Raspberry Infused Sparkling Water,G,true,465,https://ecom-su-static-prod.wtrecom.com/images/products/3/LN_455533_BP_3.jpg,https://www.waitrose.com/ecom/products/da-sh-water-raspberry-infused-sparkling-water/455533-697860-697861,DA-SH Water Raspberry Infused Sparkling Water,4x330ml,£4.70,35.6p/100ml,Add 2 for £5.50,Summer
064630,Essential Salad Cream,G,false,466,https://ecom-su-static-prod.wtrecom.com/images/products/3/LN_064630_BP_3.jpg,https://www.waitrose.com/ecom/products/essential-salad-cream/064630-32802-32803,Essential Salad Cream,450g,£1.35,30p/100g,,Summer
414649,Cauldron Falafels,G,false,467,https://ecom-su-static-prod.wtrecom.com/images/products/3/LN_414649_BP_3.jpg,https://www.waitrose.com/ecom/products/cauldron-falafels/414649-58340-58341,Cauldron Falafels,200g,£2.65,£13.25/kg,,Summer
765215,Waitrose 12 Belgian Chocolate Profiteroles,G,false,468,https://ecom-su-static-prod.wtrecom.com/images/products/3/LN_765215_BP_3.jpg,https://www.waitrose.com/ecom/products/waitrose-12-belgian-chocolate-profiteroles/765215-373537-373538,Waitrose 12 Belgian Chocolate Profiteroles,230g,£3.50,£1.53/100g,,Summer
817933,Crosta & Mollica Piadina Flatbreads,G,false,469,https://ecom-su-static-prod.wtrecom.com/images/products/3/LN_817933_BP_3.jpg,https://www.waitrose.com/ecom/products/crosta-mollica-piadina-flatbreads/817933-198092-198093,Crosta & Mollica Piadina Flatbreads,3s,£2.00,,,Summer
447089,Deliciously Ella Gluten Free & Vegan Cacao & Almond Bars,G,false,470,https://ecom-su-static-prod.wtrecom.com/images/products/3/LN_447089_BP_3.jpg,https://www.waitrose.com/ecom/products/deliciously-ella-gluten-free-vegan-cacao-almond-bars/447089-666638-666639,Deliciously Ella Gluten Free & Vegan Cacao & Almond Bars,3x50g,£2.80,£1.87/100g,,Summer
624598,Waitrose Chicken & Leek Pie,G,false,471,https://ecom-su-static-prod.wtrecom.com/images/products/3/LN_624598_BP_3.jpg,https://www.waitrose.com/ecom/products/waitrose-chicken-leek-pie/624598-232821-232822,Waitrose Chicken & Leek Pie,550g,£4.75,86.4p/100g,,Summer
806610,No.1 Wood-fired Prosciutto Cotto Mozzarella & Mushroom Sourdough Pizza,G,false,472,https://ecom-su-static-prod.wtrecom.com/images/products/3/LN_806610_BP_3.jpg,https://www.waitrose.com/ecom/products/no1-wood-fired-prosciutto-cotto-mozzarella-mushroom-sourdough-pizza/806610-813904-813905,No.1 Wood-fired Prosciutto Cotto Mozzarella & Mushroom Sourdough Pizza,490g,£5.95,£12.15/kg,,Summer
830790,Waitrose Mango And Coconut Chicken Breast Strips,G,true,473,https://ecom-su-static-prod.wtrecom.com/images/products/3/LN_830790_BP_3.jpg,https://www.waitrose.com/ecom/products/waitrose-mango-and-coconut-chicken-breast-strips/830790-620131-620132,Waitrose Mango And Coconut Chicken Breast Strips,300g,£4.50,£15/kg,£8 Chicken Dinner Meal Deal: Add 1 Main & 2 Extras,Summer
642977,24 No.1 Four Cheese & Caramelised Onion Mini Rolls,E,false,474,https://ecom-su-static-prod.wtrecom.com/images/products/3/LN_642977_BP_3.jpg,https://www.waitrose.com/ecom/products/24-no1-four-cheese-caramelised-onion-mini-rolls/642977-752741-752742,24 No.1 Four Cheese & Caramelised Onion Mini Rolls,24s,£15.00,62.5p each,,Summer
053667,Müller Rice Apple Low Fat Pudding,G,false,475,https://ecom-su-static-prod.wtrecom.com/images/products/3/LN_053667_BP_3.jpg,https://www.waitrose.com/ecom/products/muller-rice-apple-low-fat-pudding/053667-26889-26890,Müller Rice Apple Low Fat Pudding,170g,95p,55.9p/100g,,Summer
707570,Rowntree's Watermelon,G,true,476,https://ecom-su-static-prod.wtrecom.com/images/products/3/LN_707570_BP_3.jpg,https://www.waitrose.com/ecom/products/rowntrees-watermelon/707570-657003-657004,Rowntree's Watermelon,4x73ml,£2.60,89p/100ml,Add 2 for £4,Summer
834154,Essential Frozen Cheese & Tomato Pizza,G,false,477,https://ecom-su-static-prod.wtrecom.com/images/products/3/LN_834154_BP_3.jpg,https://www.waitrose.com/ecom/products/essential-frozen-cheese-tomato-pizza/834154-380404-380405,Essential Frozen Cheese & Tomato Pizza,230g,£1.40,£6.09/kg,,Summer
815491,Viennetta Vanilla Ice Cream Dessert,G,false,478,https://ecom-su-static-prod.wtrecom.com/images/products/3/LN_815491_BP_3.jpg,https://www.waitrose.com/ecom/products/viennetta-vanilla-ice-cream-dessert/815491-786342-786343,Viennetta Vanilla Ice Cream Dessert,650ml,£2.10,32.3p/100ml,,Summer
765106,Charlie Bigham's Steak & Ale Full Pastry Pie,G,true,479,https://ecom-su-static-prod.wtrecom.com/images/products/3/LN_765106_BP_3.jpg,https://www.waitrose.com/ecom/products/charlie-bighams-steak-ale-full-pastry-pie/765106-707126-707127,Charlie Bigham's Steak & Ale Full Pastry Pie,270g,£5.00,£1.86/100g,Add 2 for £9,Summer
569328,LEAP Smoked Sockeye Salmon,G,false,480,https://ecom-su-static-prod.wtrecom.com/images/products/3/LN_569328_BP_3.jpg,https://www.waitrose.com/ecom/products/leap-smoked-sockeye-salmon/569328-502709-502710,LEAP Smoked Sockeye Salmon,100g,£8.50,£8.50/100g,,Summer
565812,No. 1 Spanish Manchego Cheese Curado DOP Strength 3,G,false,481,https://ecom-su-static-prod.wtrecom.com/images/products/3/LN_565812_BP_3.jpg,https://www.waitrose.com/ecom/products/no-1-spanish-manchego-cheese-curado-dop-strength-3/565812-629532-629533,No. 1 Spanish Manchego Cheese Curado DOP Strength 3,Typical weight 0.2kg,£5.70 each est.,£28.50/kg,,Summer
444925,No.1 2 Outdoor Bred Pork Sausage Rolls,G,false,482,https://ecom-su-static-prod.wtrecom.com/images/products/3/LN_444925_BP_3.jpg,https://www.waitrose.com/ecom/products/no1-2-outdoor-bred-pork-sausage-rolls/444925-502585-502586,No.1 2 Outdoor Bred Pork Sausage Rolls,160g,£3.30,£2.07/100g,,Summer
415796,Estrella Damm,G,false,483,https://ecom-su-static-prod.wtrecom.com/images/products/3/LN_415796_BP_3.jpg,https://www.waitrose.com/ecom/products/estrella-damm/415796-692532-692533,Estrella Damm,12x330ml,£16.50,£4.17/litre,,Summer
002152,McVitie's Rich Tea Classic Biscuits,G,false,484,https://ecom-su-static-prod.wtrecom.com/images/products/3/LN_002152_BP_3.jpg,https://www.waitrose.com/ecom/products/mcvities-rich-tea-classic-biscuits/002152-614-615,McVitie's Rich Tea Classic Biscuits,300g,£1.90,63.3p/100g,,Summer
799709,Forte Alto Pinot Grigio,W,true,485,https://ecom-su-static-prod.wtrecom.com/images/products/3/LN_799709_BP_3.jpg,https://www.waitrose.com/ecom/products/forte-alto-pinot-grigio/799709-113776-113777,Forte Alto Pinot Grigio,75cl,£7.99,£7.99/75cl,save £2.00. Was £9.99,Summer
032705,Campo Viejo Rioja Tempranillo Red Wine,W,false,486,https://ecom-su-static-prod.wtrecom.com/images/products/3/LN_032705_BP_3.jpg,https://www.waitrose.com/ecom/products/campo-viejo-rioja-tempranillo-red-wine/032705-15995-15996,Campo Viejo Rioja Tempranillo Red Wine,75cl,£8.79,£8.79/75cl,,Summer
812817,Waitrose Spanish Tapas Platter,G,false,487,https://ecom-su-static-prod.wtrecom.com/images/products/3/LN_812817_BP_3.jpg,https://www.waitrose.com/ecom/products/waitrose-spanish-tapas-platter/812817-156616-156616,Waitrose Spanish Tapas Platter,105g,£4.25,£4.05/100g,,Summer
083589,Hartley's Jelly Raspberry,G,false,488,https://ecom-su-static-prod.wtrecom.com/images/products/3/LN_083589_BP_3.jpg,https://www.waitrose.com/ecom/products/hartleys-jelly-raspberry/083589-42435-42436,Hartley's Jelly Raspberry,135g,£1.00,74.1p/100g,,Summer
823068,Whispering Angel,W,true,489,https://ecom-su-static-prod.wtrecom.com/images/products/3/LN_823068_BP_3.jpg,https://www.waitrose.com/ecom/products/whispering-angel/823068-413581-413582,Whispering Angel,75cl,£17.99,£17.99/75cl,save £3.51. Was £21.99,Summer
561448,Magnum Mini Classic Almond White Chocolate,G,false,490,https://ecom-su-static-prod.wtrecom.com/images/products/3/LN_561448_BP_3.jpg,https://www.waitrose.com/ecom/products/magnum-mini-classic-almond-white-chocolate/561448-823400-823401,Magnum Mini Classic Almond White Chocolate,6x55ml,£4.75,£1.44/100ml,,Summer
764289,Levantine Table Stuffed Vine Leaves,G,false,491,https://ecom-su-static-prod.wtrecom.com/images/products/3/LN_764289_BP_3.jpg,https://www.waitrose.com/ecom/products/levantine-table-stuffed-vine-leaves/764289-755669-755670,Levantine Table Stuffed Vine Leaves,200g,£3.50,£1.75/100g,,Summer
864394,Parmentier Sardines in Extra Virgin Olive Oil,G,false,492,https://ecom-su-static-prod.wtrecom.com/images/products/3/LN_864394_BP_3.jpg,https://www.waitrose.com/ecom/products/parmentier-sardines-in-extra-virgin-olive-oil/864394-288160-288161,Parmentier Sardines in Extra Virgin Olive Oil,drained 95g,£2.00,£2.11/100g,,Summer
093623,Jus-Rol Shortcrust Puff Pastry Sheet,G,true,493,https://ecom-su-static-prod.wtrecom.com/images/products/3/LN_093623_BP_3.jpg,https://www.waitrose.com/ecom/products/jus-rol-shortcrust-puff-pastry-sheet/093623-48084-48085,Jus-Rol Shortcrust Puff Pastry Sheet,320g,£1.25,£3.91/kg,save 50p. Was £1.75,Summer
419866,J2O Orange & Passion Fruit Juice Cans,G,true,494,https://ecom-su-static-prod.wtrecom.com/images/products/3/LN_419866_BP_3.jpg,https://www.waitrose.com/ecom/products/j2o-orange-passion-fruit-juice-cans/419866-803144-803145,J2O Orange & Passion Fruit Juice Cans,4x250ml,£3.90,39p/100ml,Add 2 for £4.40,Summer
464323,Snickers Ice Cream,G,false,495,https://ecom-su-static-prod.wtrecom.com/images/products/3/LN_464323_BP_3.jpg,https://www.waitrose.com/ecom/products/snickers-ice-cream/464323-824345-824346,Snickers Ice Cream,4x45.6g,£2.90,,,Summer
091026,Bombay Sapphire London Dry Gin,G,false,496,https://ecom-su-static-prod.wtrecom.com/images/products/3/LN_091026_BP_3.jpg,https://www.waitrose.com/ecom/products/bombay-sapphire-london-dry-gin/091026-46869-46870,Bombay Sapphire London Dry Gin,70cl,£24.25,£34.65/litre,,Summer
806916,Cornetto Mint Ice Cream Cones,G,true,497,https://ecom-su-static-prod.wtrecom.com/images/products/3/LN_806916_BP_3.jpg,https://www.waitrose.com/ecom/products/cornetto-mint-ice-cream-cones/806916-802108-802109,Cornetto Mint Ice Cream Cones,6x90ml,£3.95,73.1p/100ml,Add 2 for £5,Summer
802593,No.1 Sicilian Lemon Tart,G,true,498,https://ecom-su-static-prod.wtrecom.com/images/products/3/LN_802593_BP_3.jpg,https://www.waitrose.com/ecom/products/no1-sicilian-lemon-tart/802593-498148-498149,No.1 Sicilian Lemon Tart,530g,£4.87,91.9p/100g,25% Off. Was £6.50,Summer
060738,Waitrose Chicken Caesar Salad,G,false,499,https://ecom-su-static-prod.wtrecom.com/images/products/3/LN_060738_BP_3.jpg,https://www.waitrose.com/ecom/products/waitrose-chicken-caesar-salad/060738-30700-30701,Waitrose Chicken Caesar Salad,225g,£4.15,£1.85/100g,,Summer
737613,Easy to Cook Beef Grills,G,true,500,https://ecom-su-static-prod.wtrecom.com/images/products/3/LN_737613_BP_3.jpg,https://www.waitrose.com/ecom/products/easy-to-cook-beef-grills/737613-740843-740844,Easy to Cook Beef Grills,390g,£5.00,£1.29/100g,Add 3 for £12,Summer
746882,Little Jude's Milk Lollies,G,true,501,https://ecom-su-static-prod.wtrecom.com/images/products/3/LN_746882_BP_3.jpg,https://www.waitrose.com/ecom/products/little-judes-milk-lollies/746882-657011-657011,Little Jude's Milk Lollies,8x35ml,£2.75,98.2p/100ml,save 35p. Was £3.10,Summer
475874,Peroni Nastro Azzurro 0.0% Alcohol Free Lager Bottle,G,true,502,https://ecom-su-static-prod.wtrecom.com/images/products/3/LN_475874_BP_3.jpg,https://www.waitrose.com/ecom/products/peroni-nastro-azzurro-00-alcohol-free-lager-bottle/475874-692558-692559,Peroni Nastro Azzurro 0.0% Alcohol Free Lager Bottle,4x330ml,£4.50,£3.41/litre,save 75p. Was £5.25,Summer
505928,Plenty The Original One,G,true,503,https://ecom-su-static-prod.wtrecom.com/images/products/3/LN_505928_BP_3.jpg,https://www.waitrose.com/ecom/products/plenty-the-original-one/505928-596431-596432,Plenty The Original One,100 sheets,£2.00,£2/100 sheets,save £1.10. Was £3.10,Summer
857809,Levantine Table Spinach Falafels,G,false,504,https://ecom-su-static-prod.wtrecom.com/images/products/3/LN_857809_BP_3.jpg,https://www.waitrose.com/ecom/products/levantine-table-spinach-falafels/857809-755697-755698,Levantine Table Spinach Falafels,190g,£3.75,£1.98/100g,,Summer
524052,Duchy Organic Vanilla Ice Cream,G,true,505,https://ecom-su-static-prod.wtrecom.com/images/products/3/LN_524052_BP_3.jpg,https://www.waitrose.com/ecom/products/duchy-organic-vanilla-ice-cream/524052-752937-752938,Duchy Organic Vanilla Ice Cream,480ml,£3.00,62.5p/100ml,save 50p. Was £3.50,Summer
874187,Little Moons Passionfruit & Mango Mochi,G,false,506,https://ecom-su-static-prod.wtrecom.com/images/products/3/LN_874187_BP_3.jpg,https://www.waitrose.com/ecom/products/little-moons-passionfruit-mango-mochi/874187-725996-725997,Little Moons Passionfruit & Mango Mochi,6x32g,£5.00,£2.61/100g,,Summer
025211,Bottlegreen Sparkling Pressé Elderflower,G,true,507,https://ecom-su-static-prod.wtrecom.com/images/products/3/LN_025211_BP_3.jpg,https://www.waitrose.com/ecom/products/bottlegreen-sparkling-presse-elderflower/025211-12246-12247,Bottlegreen Sparkling Pressé Elderflower,750ml,£3.15,42p/100ml,Add 2 for £4.50,Summer
894497,Linda McCartney's Vegan Red Onion & Rosemary Sausages,G,false,508,https://ecom-su-static-prod.wtrecom.com/images/products/3/LN_894497_BP_3.jpg,https://www.waitrose.com/ecom/products/linda-mccartneys-vegan-red-onion-rosemary-sausages/894497-344750-344751,Linda McCartney's Vegan Red Onion & Rosemary Sausages,270g,£2.60,£9.63/kg,,Summer
505945,Oreo Ice Cream Mini Sandwich,G,true,509,https://ecom-su-static-prod.wtrecom.com/images/products/3/LN_505945_BP_3.jpg,https://www.waitrose.com/ecom/products/oreo-ice-cream-mini-sandwich/505945-824357-824358,Oreo Ice Cream Mini Sandwich,6x55ml,£3.50,£1.07/100ml,Add 2 for £5,Summer
767502,Essential British Beef Frying Steak,G,false,510,https://ecom-su-static-prod.wtrecom.com/images/products/3/LN_767502_BP_3.jpg,https://www.waitrose.com/ecom/products/essential-british-beef-frying-steak/767502-109153-109154,Essential British Beef Frying Steak,300g,£3.75,£12.50/kg,,Summer
864766,Bonne Maman Blackcurrant Mousse,G,true,511,https://ecom-su-static-prod.wtrecom.com/images/products/3/LN_864766_BP_3.jpg,https://www.waitrose.com/ecom/products/bonne-maman-blackcurrant-mousse/864766-703601-703602,Bonne Maman Blackcurrant Mousse,2x70g,£1.50,£1.08/100g,save 80p. Was £2.30,Summer
813298,Unearthed Spanish Spinach Omelette,G,true,512,https://ecom-su-static-prod.wtrecom.com/images/products/3/LN_813298_BP_3.jpg,https://www.waitrose.com/ecom/products/unearthed-spanish-spinach-omelette/813298-324866-324867,Unearthed Spanish Spinach Omelette,250g,£2.40,96p/100g,25% Off. Was £3.20,Summer
827906,Schweppes Slimline Elderflower Tonic Water Bottle,G,false,513,https://ecom-su-static-prod.wtrecom.com/images/products/3/LN_827906_BP_3.jpg,https://www.waitrose.com/ecom/products/schweppes-slimline-elderflower-tonic-water-bottle/827906-343550-343551,Schweppes Slimline Elderflower Tonic Water Bottle,1litre,£1.80,18p/100ml,,Summer
584241,Essential Strawberry Trifle,G,false,514,https://ecom-su-static-prod.wtrecom.com/images/products/3/LN_584241_BP_3.jpg,https://www.waitrose.com/ecom/products/essential-strawberry-trifle/584241-414699-414700,Essential Strawberry Trifle,600g,£3.25,54.2p/100g,,Summer
454154,Bonne Maman Strawberry Mousse,G,false,515,https://ecom-su-static-prod.wtrecom.com/images/products/3/LN_454154_BP_3.jpg,https://www.waitrose.com/ecom/products/bonne-maman-strawberry-mousse/454154-549843-549844,Bonne Maman Strawberry Mousse,4x70g,£3.75,£1.34/100g,,Summer
048710,Waitrose Crab Pâté,G,false,516,https://ecom-su-static-prod.wtrecom.com/images/products/3/LN_048710_BP_3.jpg,https://www.waitrose.com/ecom/products/waitrose-crab-pate/048710-24209-24210,Waitrose Crab Pâté,115g,£2.30,£2/100g,,Summer
427846,Mrs Elswood Pickled Burger Gherkins,G,false,517,https://ecom-su-static-prod.wtrecom.com/images/products/3/LN_427846_BP_3.jpg,https://www.waitrose.com/ecom/products/mrs-elswood-pickled-burger-gherkins/427846-726969-726970,Mrs Elswood Pickled Burger Gherkins,drained 360g,£2.65,73.6p/100g,,Summer
883794,Moving Mountains 2 Plant-Based 1/4lb Burgers,G,true,518,https://ecom-su-static-prod.wtrecom.com/images/products/3/LN_883794_BP_3.jpg,https://www.waitrose.com/ecom/products/moving-mountains-2-plant-based-1-4lb-burgers/883794-731188-731189,Moving Mountains 2 Plant-Based 1/4lb Burgers,227g,£3.50,£15.42/kg,Add 2 for £5,Summer
623047,Lotus Biscoff Milk Chocolate Ice Cream Sticks,G,true,519,https://ecom-su-static-prod.wtrecom.com/images/products/3/LN_623047_BP_3.jpg,https://www.waitrose.com/ecom/products/lotus-biscoff-milk-chocolate-ice-cream-sticks/623047-752993-752994,Lotus Biscoff Milk Chocolate Ice Cream Sticks,6x60ml,£2.40,66.7p/100ml,Half Price. Was £4.85,Summer
804872,Cauldron 6 Lincolnshire Vegetarian Sausages,G,false,520,https://ecom-su-static-prod.wtrecom.com/images/products/3/LN_804872_BP_3.jpg,https://www.waitrose.com/ecom/products/cauldron-6-lincolnshire-vegetarian-sausages/804872-804352-804353,Cauldron 6 Lincolnshire Vegetarian Sausages,276g,£2.90,£10.51/kg,,Summer
639203,Kelly's Cornish Parlour Honeycomb Crunch,G,false,521,https://ecom-su-static-prod.wtrecom.com/images/products/3/LN_639203_BP_3.jpg,https://www.waitrose.com/ecom/products/kellys-cornish-parlour-honeycomb-crunch/639203-493076-493077,Kelly's Cornish Parlour Honeycomb Crunch,950ml,£4.20,44.2p/100ml,,Summer
083122,Cave de Lugny Chardonnay Mâcon-Villages,W,true,522,https://ecom-su-static-prod.wtrecom.com/images/products/3/LN_083122_BP_3.jpg,https://www.waitrose.com/ecom/products/cave-de-lugny-chardonnay-macon-villages/083122-42239-42240,Cave de Lugny Chardonnay Mâcon-Villages,75cl,£11.99,£11.99/75cl,save £2.00. Was £13.99,Summer
480724,"No.1 Wood-fired Fennel Sausage, 'Nduja & Red Pepper Sourdough Pizza",G,false,523,https://ecom-su-static-prod.wtrecom.com/images/products/3/LN_480724_BP_3.jpg,https://www.waitrose.com/ecom/products/no1-wood-fired-fennel-sausage-nduja-red-pepper-sourdough-pizza/480724-793218-793219,"No.1 Wood-fired Fennel Sausage, 'Nduja & Red Pepper Sourdough Pizza",500g,£5.95,£11.90/kg,,Summer
609459,DA-SH Water Lime Sparkling,G,true,524,https://ecom-su-static-prod.wtrecom.com/images/products/3/LN_609459_BP_3.jpg,https://www.waitrose.com/ecom/products/da-sh-water-lime-sparkling/609459-806289-806290,DA-SH Water Lime Sparkling,4x330ml,£4.70,35.6p/100ml,Add 2 for £5.50,Summer
528092,"Magnum Double Sunlover Coconut, Mango and Passionfruit Ice Cream Sticks",G,true,525,https://ecom-su-static-prod.wtrecom.com/images/products/3/LN_528092_BP_3.jpg,https://www.waitrose.com/ecom/products/magnum-double-sunlover-coconut-mango-and-passionfruit-ice-cream-sticks/528092-801820-801821,"Magnum Double Sunlover Coconut, Mango and Passionfruit Ice Cream Sticks",3x85ml,£4.20,£1.65/100ml,Add 2 for £6,Summer
499140,Tyrrell's Posh Prawn Cocktail,G,false,526,https://ecom-su-static-prod.wtrecom.com/images/products/3/LN_499140_BP_3.jpg,https://www.waitrose.com/ecom/products/tyrrells-posh-prawn-cocktail/499140-662568-662569,Tyrrell's Posh Prawn Cocktail,150g,£2.75,£1.84/100g,,Summer
459513,Bottlegreen Cordial Plump Summer Raspberry,G,false,527,https://ecom-su-static-prod.wtrecom.com/images/products/3/LN_459513_BP_3.jpg,https://www.waitrose.com/ecom/products/bottlegreen-cordial-plump-summer-raspberry/459513-585459-585460,Bottlegreen Cordial Plump Summer Raspberry,500ml,£4.45,89p/100ml,,Summer
034822,Waitrose Roasted Garlic Flatbread,G,true,528,https://ecom-su-static-prod.wtrecom.com/images/products/3/LN_034822_BP_3.jpg,https://www.waitrose.com/ecom/products/waitrose-roasted-garlic-flatbread/034822-17563-17564,Waitrose Roasted Garlic Flatbread,240g,£2.25,93.8p/100g,25% Off. Was £3.00,Summer
081107,Kettle Chips Mature Cheddar & Red Onion,G,true,529,https://ecom-su-static-prod.wtrecom.com/images/products/3/LN_081107_BP_3.jpg,https://www.waitrose.com/ecom/products/kettle-chips-mature-cheddar-red-onion/081107-41271-41272,Kettle Chips Mature Cheddar & Red Onion,130g,£1.50,£1.16/100g,save 90p. Was £2.40,Summer
065007,Flute,G,false,530,https://ecom-su-static-prod.wtrecom.com/images/products/3/LN_065007_BP_3.jpg,https://www.waitrose.com/ecom/products/flute/065007-32933-32934,Flute,400g,£1.60,40p/100g,,Summer
618600,Cooks' Ingredients Mini Eton Mess Meringues,G,true,531,https://ecom-su-static-prod.wtrecom.com/images/products/3/LN_618600_BP_3.jpg,https://www.waitrose.com/ecom/products/cooks-ingredients-mini-eton-mess-meringues/618600-756384-756385,Cooks' Ingredients Mini Eton Mess Meringues,12s,£1.55,12.9p each,25% Off. Was £2.10,Summer
609340,Plenty The Extra Big One Kitchen Towels,G,false,532,https://ecom-su-static-prod.wtrecom.com/images/products/3/LN_609340_BP_3.jpg,https://www.waitrose.com/ecom/products/plenty-the-extra-big-one-kitchen-towels/609340-725406-725407,Plenty The Extra Big One Kitchen Towels,3x70 sheets,£7.90,£3.77/100 sheets,,Summer
665253,No. 1 Halloumi Cheese with Mint Strength 2,G,false,533,https://ecom-su-static-prod.wtrecom.com/images/products/3/LN_665253_BP_3.jpg,https://www.waitrose.com/ecom/products/no-1-halloumi-cheese-with-mint-strength-2/665253-382019-382020,No. 1 Halloumi Cheese with Mint Strength 2,250g,£4.00,£16/kg,,Summer
062412,Waitrose Vodka,G,false,534,https://ecom-su-static-prod.wtrecom.com/images/products/3/LN_062412_BP_3.jpg,https://www.waitrose.com/ecom/products/waitrose-vodka/062412-31697-31698,Waitrose Vodka,1L,£19.00,£19/litre,,Summer
021315,No. 1 Still Lemonade with Fresh Lemon Fruit Juice,G,false,535,https://ecom-su-static-prod.wtrecom.com/images/products/3/LN_021315_BP_3.jpg,https://www.waitrose.com/ecom/products/no-1-still-lemonade-with-fresh-lemon-fruit-juice/021315-10387-10388,No. 1 Still Lemonade with Fresh Lemon Fruit Juice,1litre,£3.40,34p/100ml,,Summer
790653,Waitrose Vanilla Dairy Ice Cream,G,false,536,https://ecom-su-static-prod.wtrecom.com/images/products/3/LN_790653_BP_3.jpg,https://www.waitrose.com/ecom/products/waitrose-vanilla-dairy-ice-cream/790653-112493-112494,Waitrose Vanilla Dairy Ice Cream,1litre,£3.50,35p/100ml,,Summer
077391,R.White's Diet Lemonade Bottle,G,true,537,https://ecom-su-static-prod.wtrecom.com/images/products/3/LN_077391_BP_3.jpg,https://www.waitrose.com/ecom/products/rwhites-diet-lemonade-bottle/077391-39346-39347,R.White's Diet Lemonade Bottle,2litre,£1.40,7p/100ml,Add 2 for £2.50,Summer
789625,Waitrose Tomato & Mozzarella Salad,G,true,538,https://ecom-su-static-prod.wtrecom.com/images/products/3/LN_789625_BP_3.jpg,https://www.waitrose.com/ecom/products/waitrose-tomato-mozzarella-salad/789625-498126-498127,Waitrose Tomato & Mozzarella Salad,185g,£2.95,£1.60/100g,£8 Chicken Dinner Meal Deal: Add 1 Main & 2 Extras,Summer
709229,Waitrose Garlic & Parsley Ciabatta Breadsticks,G,false,539,https://ecom-su-static-prod.wtrecom.com/images/products/3/LN_709229_BP_3.jpg,https://www.waitrose.com/ecom/products/waitrose-garlic-parsley-ciabatta-breadsticks/709229-741298-741299,Waitrose Garlic & Parsley Ciabatta Breadsticks,135g,£2.50,£1.86/100g,,Summer
820717,Waitrose Mango & Passionfruit Smoothie Large,G,false,540,https://ecom-su-static-prod.wtrecom.com/images/products/3/LN_820717_BP_3.jpg,https://www.waitrose.com/ecom/products/waitrose-mango-passionfruit-smoothie-large/820717-762166-762167,Waitrose Mango & Passionfruit Smoothie Large,750ml,£2.00,26.7p/100ml,,Summer
690617,Linda McCartney's 2 Vegan 1/4lb Burgers,G,false,541,https://ecom-su-static-prod.wtrecom.com/images/products/3/LN_690617_BP_3.jpg,https://www.waitrose.com/ecom/products/linda-mccartneys-2-vegan-1-4lb-burgers/690617-493130-493131,Linda McCartney's 2 Vegan 1/4lb Burgers,227g,£2.60,£11.46/kg,,Summer
658700,Tyrrells Smoked Paprika Crisps,G,false,542,https://ecom-su-static-prod.wtrecom.com/images/products/3/LN_658700_BP_3.jpg,https://www.waitrose.com/ecom/products/tyrrells-smoked-paprika-crisps/658700-93533-93534,Tyrrells Smoked Paprika Crisps,150g,£2.75,£1.84/100g,,Summer
858415,Essential Fruit Finger Lollies,G,false,543,https://ecom-su-static-prod.wtrecom.com/images/products/3/LN_858415_BP_3.jpg,https://www.waitrose.com/ecom/products/essential-fruit-finger-lollies/858415-802185-802185,Essential Fruit Finger Lollies,8x35ml,£1.30,46.4p/100ml,,Summer
375435,Cawston Press Kids' Blend Apple & Mango,G,false,544,https://ecom-su-static-prod.wtrecom.com/images/products/3/LN_375435_BP_3.jpg,https://www.waitrose.com/ecom/products/cawston-press-kids-blend-apple-mango/375435-199977-199978,Cawston Press Kids' Blend Apple & Mango,3x200ml,£2.35,39.2p/100ml,,Summer
509662,Essential Frozen Pepperoni Pizza,G,false,545,https://ecom-su-static-prod.wtrecom.com/images/products/3/LN_509662_BP_3.jpg,https://www.waitrose.com/ecom/products/essential-frozen-pepperoni-pizza/509662-380326-380327,Essential Frozen Pepperoni Pizza,235g,£1.40,£5.96/kg,,Summer
002841,Old Speckled Hen,G,true,546,https://ecom-su-static-prod.wtrecom.com/images/products/3/LN_002841_BP_3.jpg,https://www.waitrose.com/ecom/products/old-speckled-hen/002841-1026-1027,Old Speckled Hen,4x500ml,£4.65,£2.33/litre,save £1.00. Was £5.65,Summer
564193,Häagen-Dazs Strawberries & Cream Ice Cream,G,false,547,https://ecom-su-static-prod.wtrecom.com/images/products/3/LN_564193_BP_3.jpg,https://www.waitrose.com/ecom/products/haagen-dazs-strawberries-cream-ice-cream/564193-538694-538695,Häagen-Dazs Strawberries & Cream Ice Cream,460ml,£5.65,£1.23/100ml,,Summer
447127,Cornetto Soft Strawberry Ice Cream Cone,G,false,548,https://ecom-su-static-prod.wtrecom.com/images/products/3/LN_447127_BP_3.jpg,https://www.waitrose.com/ecom/products/cornetto-soft-strawberry-ice-cream-cone/447127-752861-752862,Cornetto Soft Strawberry Ice Cream Cone,4x140ml,£3.95,70.5p/100ml,,Summer
084935,Schweppes Canada Dry Ginger Ale Bottle,G,false,549,https://ecom-su-static-prod.wtrecom.com/images/products/3/LN_084935_BP_3.jpg,https://www.waitrose.com/ecom/products/schweppes-canada-dry-ginger-ale-bottle/084935-43067-43068,Schweppes Canada Dry Ginger Ale Bottle,1litre,£1.80,18p/100ml,,Summer
845341,Guinness Draught 0.0 Alcohol Free Stout Beer Cans,G,false,550,https://ecom-su-static-prod.wtrecom.com/images/products/3/LN_845341_BP_3.jpg,https://www.waitrose.com/ecom/products/guinness-draught-00-alcohol-free-stout-beer-cans/845341-744073-744074,Guinness Draught 0.0 Alcohol Free Stout Beer Cans,4x440ml,£5.00,£2.85/litre,,Summer
536830,Duchy Organic Chicken Breast Chunks,G,false,551,https://ecom-su-static-prod.wtrecom.com/images/products/3/LN_536830_BP_3.jpg,https://www.waitrose.com/ecom/products/duchy-organic-chicken-breast-chunks/536830-713429-713430,Duchy Organic Chicken Breast Chunks,275g,£7.85,£28.55/kg,,Summer
857711,Wiltshire Bakery Brioche Buns,G,false,552,https://ecom-su-static-prod.wtrecom.com/images/products/3/LN_857711_BP_3.jpg,https://www.waitrose.com/ecom/products/wiltshire-bakery-brioche-buns/857711-804738-804739,Wiltshire Bakery Brioche Buns,2s,£1.35,67.5p each,,Summer
703092,Unearthed Spanish Omelette,G,true,553,https://ecom-su-static-prod.wtrecom.com/images/products/3/LN_703092_BP_3.jpg,https://www.waitrose.com/ecom/products/unearthed-spanish-omelette/703092-657799-657800,Unearthed Spanish Omelette,250g,£2.40,96p/100g,25% Off. Was £3.20,Summer
002620,Waitrose Grissini Breadsticks Sesame Seed,G,false,554,https://ecom-su-static-prod.wtrecom.com/images/products/3/LN_002620_BP_3.jpg,https://www.waitrose.com/ecom/products/waitrose-grissini-breadsticks-sesame-seed/002620-900-901,Waitrose Grissini Breadsticks Sesame Seed,125g,£1.00,80p/100g,,Summer
597881,San Miguel Alcohol-Free Lager Bottles,G,false,555,https://ecom-su-static-prod.wtrecom.com/images/products/3/LN_597881_BP_3.jpg,https://www.waitrose.com/ecom/products/san-miguel-alcohol-free-lager-bottles/597881-489053-489054,San Miguel Alcohol-Free Lager Bottles,4x330ml,£4.25,£3.22/litre,,Summer
603980,Mirabeau Pure Rosé Provence,W,true,556,https://ecom-su-static-prod.wtrecom.com/images/products/3/LN_603980_BP_3.jpg,https://www.waitrose.com/ecom/products/mirabeau-pure-rose-provence/603980-413442-413443,Mirabeau Pure Rosé Provence,75cl,£12.99,£12.99/75cl,save £4.00. Was £16.99,Summer
029143,Heinz Classic Vegetable Soup,G,true,557,https://ecom-su-static-prod.wtrecom.com/images/products/3/LN_029143_BP_3.jpg,https://www.waitrose.com/ecom/products/heinz-classic-vegetable-soup/029143-14211-14212,Heinz Classic Vegetable Soup,400g,£1.75,43.8p/100g,Add 3 for £4.50,Summer
529651,Highland Spring Sparkling,G,false,558,https://ecom-su-static-prod.wtrecom.com/images/products/3/LN_529651_BP_3.jpg,https://www.waitrose.com/ecom/products/highland-spring-sparkling/529651-690154-690155,Highland Spring Sparkling,8x500ml,£3.15,7.9p/100ml,,Summer
026094,Hartley's Jelly Strawberry,G,false,559,https://ecom-su-static-prod.wtrecom.com/images/products/3/LN_026094_BP_3.jpg,https://www.waitrose.com/ecom/products/hartleys-jelly-strawberry/026094-12705-12706,Hartley's Jelly Strawberry,135g,£1.00,74.1p/100g,,Summer
697187,La Cerisa Rosa Pinot Grigio Rosé,W,true,560,https://ecom-su-static-prod.wtrecom.com/images/products/3/LN_697187_BP_3.jpg,https://www.waitrose.com/ecom/products/la-cerisa-rosa-pinot-grigio-rose/697187-511882-511883,La Cerisa Rosa Pinot Grigio Rosé,75cl,£7.49,£7.49/75cl,save £1.50. Was £8.99,Summer
602078,"Waitrose Pineapple, Melon and Mango Fingers",G,false,561,https://ecom-su-static-prod.wtrecom.com/images/products/3/LN_602078_BP_3.jpg,https://www.waitrose.com/ecom/products/waitrose-pineapple-melon-and-mango-fingers/602078-772472-772473,"Waitrose Pineapple, Melon and Mango Fingers",240g,£3.25,£1.36/100g,,Summer
629391,Brewdog Punk IPA,G,false,562,https://ecom-su-static-prod.wtrecom.com/images/products/3/LN_629391_BP_3.jpg,https://www.waitrose.com/ecom/products/brewdog-punk-ipa/629391-731631-731632,Brewdog Punk IPA,12x330ml,£17.00,£4.30/litre,,Summer
772781,Belvoir Elderflower Pressé,G,true,563,https://ecom-su-static-prod.wtrecom.com/images/products/3/LN_772781_BP_3.jpg,https://www.waitrose.com/ecom/products/belvoir-elderflower-presse/772781-109897-109898,Belvoir Elderflower Pressé,750ml,£2.50,33.3p/100ml,save 90p. Was £3.40,Summer
643389,San Pellegrino Classic Taste Lemon,G,false,564,https://ecom-su-static-prod.wtrecom.com/images/products/3/LN_643389_BP_3.jpg,https://www.waitrose.com/ecom/products/san-pellegrino-classic-taste-lemon/643389-728332-728333,San Pellegrino Classic Taste Lemon,4x330ml,£3.95,29.9p/100ml,,Summer
582157,Mister Free'd Gluten Free Avocado Tortilla Chips,G,false,565,https://ecom-su-static-prod.wtrecom.com/images/products/3/LN_582157_BP_3.jpg,https://www.waitrose.com/ecom/products/mister-freed-gluten-free-avocado-tortilla-chips/582157-749673-749674,Mister Free'd Gluten Free Avocado Tortilla Chips,135g,£2.10,£1.56/100g,,Summer
085866,Essential Fresh Custard,G,false,566,https://ecom-su-static-prod.wtrecom.com/images/products/3/LN_085866_BP_3.jpg,https://www.waitrose.com/ecom/products/essential-fresh-custard/085866-43804-43805,Essential Fresh Custard,500g,£2.35,47p/100g,,Summer
707170,No. 1 Italian Gorgonzola DOP Piccante Blue Cheese Strength 6,G,false,567,https://ecom-su-static-prod.wtrecom.com/images/products/3/LN_707170_BP_3.jpg,https://www.waitrose.com/ecom/products/no-1-italian-gorgonzola-dop-piccante-blue-cheese-strength-6/707170-254576-254577,No. 1 Italian Gorgonzola DOP Piccante Blue Cheese Strength 6,200g,£3.75,£18.75/kg,,Summer
002572,De Cecco Conchiglie Rigate,G,false,568,https://ecom-su-static-prod.wtrecom.com/images/products/3/LN_002572_BP_3.jpg,https://www.waitrose.com/ecom/products/de-cecco-conchiglie-rigate/002572-868-869,De Cecco Conchiglie Rigate,500g,£2.00,£4/kg,,Summer
838922,DA-SH Water Peach Infused Sparkling Water,G,true,569,https://ecom-su-static-prod.wtrecom.com/images/products/3/LN_838922_BP_3.jpg,https://www.waitrose.com/ecom/products/da-sh-water-peach-infused-sparkling-water/838922-741466-741467,DA-SH Water Peach Infused Sparkling Water,4x330ml,£4.70,35.6p/100ml,Add 2 for £5.50,Summer
892643,"Waitrose Mango, Pineapple & Passion Fruit",G,false,570,https://ecom-su-static-prod.wtrecom.com/images/products/3/LN_892643_BP_3.jpg,https://www.waitrose.com/ecom/products/waitrose-mango-pineapple-passion-fruit/892643-698218-698219,"Waitrose Mango, Pineapple & Passion Fruit",300g,£3.50,£1.17/100g,,Summer
825447,Lurpak Spreadable Slightly Salted Spreadable Butter with Rapeseed Oil,G,true,571,https://ecom-su-static-prod.wtrecom.com/images/products/3/LN_825447_BP_3.jpg,https://www.waitrose.com/ecom/products/lurpak-spreadable-slightly-salted-spreadable-butter-with-rapeseed-oil/825447-592817-592818,Lurpak Spreadable Slightly Salted Spreadable Butter with Rapeseed Oil,750g,£5.50,£7.34/kg,save £1.50. Was £7.00,Summer
829266,Cadbury Flake 99,G,true,572,https://ecom-su-static-prod.wtrecom.com/images/products/3/LN_829266_BP_3.jpg,https://www.waitrose.com/ecom/products/cadbury-flake-99/829266-802138-802139,Cadbury Flake 99,4x125ml,£3.50,70p/100ml,save £1.00. Was £4.50,Summer
596709,Waitrose British Pork Belly Slices,G,false,573,https://ecom-su-static-prod.wtrecom.com/images/products/3/LN_596709_BP_3.jpg,https://www.waitrose.com/ecom/products/waitrose-british-pork-belly-slices/596709-84584-84585,Waitrose British Pork Belly Slices,Typical weight 0.7kg,£7.00 each est.,£10.00/kg,,Summer
694939,Waitrose Honey & Mustard Dressing,G,false,574,https://ecom-su-static-prod.wtrecom.com/images/products/3/LN_694939_BP_3.jpg,https://www.waitrose.com/ecom/products/waitrose-honey-mustard-dressing/694939-98669-98670,Waitrose Honey & Mustard Dressing,235ml,£2.20,93.6p/100ml,,Summer
701562,"Charlie Bigham's Chicken, Ham & Leek Full Pastry Pie",G,true,575,https://ecom-su-static-prod.wtrecom.com/images/products/3/LN_701562_BP_3.jpg,https://www.waitrose.com/ecom/products/charlie-bighams-chicken-ham-leek-full-pastry-pie/701562-707118-707119,"Charlie Bigham's Chicken, Ham & Leek Full Pastry Pie",270g,£5.00,£1.86/100g,Add 2 for £9,Summer
870275,Popchips Sour Cream & Onion,G,true,576,https://ecom-su-static-prod.wtrecom.com/images/products/3/LN_870275_BP_3.jpg,https://www.waitrose.com/ecom/products/popchips-sour-cream-onion/870275-168814-168815,Popchips Sour Cream & Onion,85g,£1.50,£1.77/100g,save 75p. Was £2.25,Summer
754843,No.1 Cornish Sea Salted Caramel Brittle Ice Cream,G,true,577,https://ecom-su-static-prod.wtrecom.com/images/products/3/LN_754843_BP_3.jpg,https://www.waitrose.com/ecom/products/no1-cornish-sea-salted-caramel-brittle-ice-cream/754843-826534-826535,No.1 Cornish Sea Salted Caramel Brittle Ice Cream,480ml,£3.00,62.5p/100ml,25% Off. Was £4.00,Summer
062215,Pimm's Original No.1 Cup Gin Based Liqueur,G,true,578,https://ecom-su-static-prod.wtrecom.com/images/products/3/LN_062215_BP_3.jpg,https://www.waitrose.com/ecom/products/pimms-original-no1-cup-gin-based-liqueur/062215-31551-31552,Pimm's Original No.1 Cup Gin Based Liqueur,70cl,£12.00,£17.15/litre,save £6.00. Was £18.00,Summer
589762,Cauldron Marinated Tofu Pieces,G,false,579,https://ecom-su-static-prod.wtrecom.com/images/products/3/LN_589762_BP_3.jpg,https://www.waitrose.com/ecom/products/cauldron-marinated-tofu-pieces/589762-83588-83589,Cauldron Marinated Tofu Pieces,160g,£3.00,£18.75/kg,,Summer
734889,Magnum Vegan Almond Ice Cream Stick,G,true,580,https://ecom-su-static-prod.wtrecom.com/images/products/3/LN_734889_BP_3.jpg,https://www.waitrose.com/ecom/products/magnum-vegan-almond-ice-cream-stick/734889-683188-683189,Magnum Vegan Almond Ice Cream Stick,3x90ml,£4.20,£1.56/100ml,Add 2 for £6,Summer
496498,Bottlegreen Lime & Mint Cordial,G,false,581,https://ecom-su-static-prod.wtrecom.com/images/products/3/LN_496498_BP_3.jpg,https://www.waitrose.com/ecom/products/bottlegreen-lime-mint-cordial/496498-780051-780052,Bottlegreen Lime & Mint Cordial,500ml,£4.45,89p/100ml,,Summer
064324,Alpro Soya Long Life Dairy Free Alternative to Cream,G,false,582,https://ecom-su-static-prod.wtrecom.com/images/products/3/LN_064324_BP_3.jpg,https://www.waitrose.com/ecom/products/alpro-soya-long-life-dairy-free-alternative-to-cream/064324-32655-32656,Alpro Soya Long Life Dairy Free Alternative to Cream,250ml,£1.30,52p/100ml,,Summer
863906,Magnum Minis Vegan Vanilla and Almond Ice Cream Sticks,G,false,583,https://ecom-su-static-prod.wtrecom.com/images/products/3/LN_863906_BP_3.jpg,https://www.waitrose.com/ecom/products/magnum-minis-vegan-vanilla-and-almond-ice-cream-sticks/863906-777229-777229,Magnum Minis Vegan Vanilla and Almond Ice Cream Sticks,6x55ml,£4.75,£1.44/100ml,,Summer
897453,"Levantine Table Freekeh, Black Rice, Chickpea",G,false,584,https://ecom-su-static-prod.wtrecom.com/images/products/3/LN_897453_BP_3.jpg,https://www.waitrose.com/ecom/products/levantine-table-freekeh-black-rice-chickpea/897453-756486-756487,"Levantine Table Freekeh, Black Rice, Chickpea",300g,£2.50,£8.34/kg,,Summer
535372,Waitrose Moroccan Spiced Fruity Couscous,G,false,585,https://ecom-su-static-prod.wtrecom.com/images/products/3/LN_535372_BP_3.jpg,https://www.waitrose.com/ecom/products/waitrose-moroccan-spiced-fruity-couscous/535372-75695-75696,Waitrose Moroccan Spiced Fruity Couscous,410g,£3.35,81.7p/100g,,Summer
540939,Schär Gluten Free Pizza Margherita,G,true,586,https://ecom-su-static-prod.wtrecom.com/images/products/3/LN_540939_BP_3.jpg,https://www.waitrose.com/ecom/products/schar-gluten-free-pizza-margherita/540939-336879-336880,Schär Gluten Free Pizza Margherita,300g,£3.65,£12.17/kg,Add 2 for £5.50,Summer
688707,Little Jude's Fruit & Veg Rockets,G,false,587,https://ecom-su-static-prod.wtrecom.com/images/products/3/LN_688707_BP_3.jpg,https://www.waitrose.com/ecom/products/little-judes-fruit-veg-rockets/688707-777169-777170,Little Jude's Fruit & Veg Rockets,6x55ml,£3.75,£1.14/100ml,,Summer
741772,No.1 Antipasto Misto,G,false,588,https://ecom-su-static-prod.wtrecom.com/images/products/3/LN_741772_BP_3.jpg,https://www.waitrose.com/ecom/products/no1-antipasto-misto/741772-498069-498069,No.1 Antipasto Misto,120g,£6.40,£5.34/100g,,Summer
539730,J2O Apple & Raspberry Fruit Juice Cans,G,true,589,https://ecom-su-static-prod.wtrecom.com/images/products/3/LN_539730_BP_3.jpg,https://www.waitrose.com/ecom/products/j2o-apple-raspberry-fruit-juice-cans/539730-803174-803175,J2O Apple & Raspberry Fruit Juice Cans,4x250ml,£3.90,39p/100ml,Add 2 for £4.40,Summer
794285,Gordon's London Dry Gin 1litre,G,true,590,https://ecom-su-static-prod.wtrecom.com/images/products/3/LN_794285_BP_3.jpg,https://www.waitrose.com/ecom/products/gordons-london-dry-gin-1litre/794285-756119-756120,Gordon's London Dry Gin 1litre,1L,£19.00,£19/litre,save £6.00. Was £25.00,Summer
067050,Kelly's Cornish Vanilla Ice Cream,G,false,591,https://ecom-su-static-prod.wtrecom.com/images/products/3/LN_067050_BP_3.jpg,https://www.waitrose.com/ecom/products/kellys-cornish-vanilla-ice-cream/067050-33960-33961,Kelly's Cornish Vanilla Ice Cream,2litre,£5.25,26.3p/100ml,,Summer
531272,Waitrose Quinoa & Garden Pea Salad,G,false,592,https://ecom-su-static-prod.wtrecom.com/images/products/3/LN_531272_BP_3.jpg,https://www.waitrose.com/ecom/products/waitrose-quinoa-garden-pea-salad/531272-801354-801355,Waitrose Quinoa & Garden Pea Salad,165g,£2.50,£1.52/100g,,Summer
766527,Goikoa Chorizo De Navarra,G,false,593,https://ecom-su-static-prod.wtrecom.com/images/products/3/LN_766527_BP_3.jpg,https://www.waitrose.com/ecom/products/goikoa-chorizo-de-navarra/766527-109013-109014,Goikoa Chorizo De Navarra,260g,£5.85,£2.25/100g,,Summer
402114,Birra Moretti Premium Lager Beer Bottle 12PK,G,true,594,https://ecom-su-static-prod.wtrecom.com/images/products/3/LN_402114_BP_3.jpg,https://www.waitrose.com/ecom/products/birra-moretti-premium-lager-beer-bottle-12pk/402114-627466-627467,Birra Moretti Premium Lager Beer Bottle 12PK,12x330ml,£13.50,£3.41/litre,save £5.00. Was £18.50,Summer
798809,WR Bresaola Della Valtellina PGI,G,false,595,https://ecom-su-static-prod.wtrecom.com/images/products/3/LN_798809_BP_3.jpg,https://www.waitrose.com/ecom/products/wr-bresaola-della-valtellina-pgi/798809-486717-486718,WR Bresaola Della Valtellina PGI,70g,£3.75,£5.36/100g,,Summer
564176,Waitrose Blended Scotch Whisky,G,false,596,https://ecom-su-static-prod.wtrecom.com/images/products/3/LN_564176_BP_3.jpg,https://www.waitrose.com/ecom/products/waitrose-blended-scotch-whisky/564176-152639-152640,Waitrose Blended Scotch Whisky,1L,£20.00,£20/litre,,Summer
823662,KP Original Salted Peanuts,G,false,597,https://ecom-su-static-prod.wtrecom.com/images/products/3/LN_823662_BP_3.jpg,https://www.waitrose.com/ecom/products/kp-original-salted-peanuts/823662-666762-666763,KP Original Salted Peanuts,415g,£4.50,£1.09/100g,,Summer
641603,24 Chocolate Profiteroles,E,false,598,https://ecom-su-static-prod.wtrecom.com/images/products/3/LN_641603_BP_3.jpg,https://www.waitrose.com/ecom/products/24-chocolate-profiteroles/641603-373363-373364,24 Chocolate Profiteroles,24s,£12.00,,,Summer
790933,Magnum Mini Double Caramel Gold,G,false,599,https://ecom-su-static-prod.wtrecom.com/images/products/3/LN_790933_BP_3.jpg,https://www.waitrose.com/ecom/products/magnum-mini-double-caramel-gold/790933-794982-794983,Magnum Mini Double Caramel Gold,6x55ml,£4.75,£1.44/100ml,,Summer
858265,Unearthed Spanish Potato Omelette,G,true,600,https://ecom-su-static-prod.wtrecom.com/images/products/3/LN_858265_BP_3.jpg,https://www.waitrose.com/ecom/products/unearthed-spanish-potato-omelette/858265-350169-350170,Unearthed Spanish Potato Omelette,500g,£3.15,63p/100g,25% Off. Was £4.20,Summer
772524,Bonne Maman Clementine Mousse,G,true,601,https://ecom-su-static-prod.wtrecom.com/images/products/3/LN_772524_BP_3.jpg,https://www.waitrose.com/ecom/products/bonne-maman-clementine-mousse/772524-767435-767436,Bonne Maman Clementine Mousse,2x70g,£1.50,£1.08/100g,save 80p. Was £2.30,Summer
052278,Waitrose Cooked Sweet Chilli Chicken Mini Fillets,G,false,602,https://ecom-su-static-prod.wtrecom.com/images/products/3/LN_052278_BP_3.jpg,https://www.waitrose.com/ecom/products/waitrose-cooked-sweet-chilli-chicken-mini-fillets/052278-26063-26064,Waitrose Cooked Sweet Chilli Chicken Mini Fillets,165g,£4.25,£2.58/100g,,Summer
055220,Volvic Touch of Lemon & Lime Sugar Free Flavoured Water,G,false,603,https://ecom-su-static-prod.wtrecom.com/images/products/3/LN_055220_BP_3.jpg,https://www.waitrose.com/ecom/products/volvic-touch-of-lemon-lime-sugar-free-flavoured-water/055220-27729-27730,Volvic Touch of Lemon & Lime Sugar Free Flavoured Water,1.5litre,£1.45,9.7p/100ml,,Summer
679197,Calippo Cola Ice Lollies,G,true,604,https://ecom-su-static-prod.wtrecom.com/images/products/3/LN_679197_BP_3.jpg,https://www.waitrose.com/ecom/products/calippo-cola-ice-lollies/679197-801982-801983,Calippo Cola Ice Lollies,5x80ml,£2.70,67.5p/100ml,Add 2 for £4,Summer
620027,Alpro Dark Chocolate Dairy Free Vegan Soya Dessert,G,false,605,https://ecom-su-static-prod.wtrecom.com/images/products/3/LN_620027_BP_3.jpg,https://www.waitrose.com/ecom/products/alpro-dark-chocolate-dairy-free-vegan-soya-dessert/620027-295413-295414,Alpro Dark Chocolate Dairy Free Vegan Soya Dessert,4x125g,£2.10,42p/100g,,Summer
014373,Volvic Touch of Strawberry Sugar Free Flavoured Water,G,false,606,https://ecom-su-static-prod.wtrecom.com/images/products/3/LN_014373_BP_3.jpg,https://www.waitrose.com/ecom/products/volvic-touch-of-strawberry-sugar-free-flavoured-water/014373-6906-6907,Volvic Touch of Strawberry Sugar Free Flavoured Water,1.5litre,£1.45,9.7p/100ml,,Summer
867733,"Duchy Organic Chicken Drumsticks 6, Skin-on & Bone-in",G,false,607,https://ecom-su-static-prod.wtrecom.com/images/products/3/LN_867733_BP_3.jpg,https://www.waitrose.com/ecom/products/duchy-organic-chicken-drumsticks-6-skin-on-bone-in/867733-756303-756304,"Duchy Organic Chicken Drumsticks 6, Skin-on & Bone-in",Typical weight 0.66kg,£7.06 each est.,£10.70/kg,,Summer
659597,San Pellegrino Pomegranate & Orange,G,true,608,https://ecom-su-static-prod.wtrecom.com/images/products/3/LN_659597_BP_3.jpg,https://www.waitrose.com/ecom/products/san-pellegrino-pomegranate-orange/659597-405356-405357,San Pellegrino Pomegranate & Orange,6x330ml,£4.00,20.2p/100ml,save 95p. Was £4.95,Summer
853652,Little Moons Pistachio Mochi,G,false,609,https://ecom-su-static-prod.wtrecom.com/images/products/3/LN_853652_BP_3.jpg,https://www.waitrose.com/ecom/products/little-moons-pistachio-mochi/853652-725930-725931,Little Moons Pistachio Mochi,6x32g,£5.00,£2.61/100g,,Summer
491574,Rowntree's Fruit Blaster,G,true,610,https://ecom-su-static-prod.wtrecom.com/images/products/3/LN_491574_BP_3.jpg,https://www.waitrose.com/ecom/products/rowntrees-fruit-blaster/491574-801788-801789,Rowntree's Fruit Blaster,6x58ml,£2.65,76.1p/100ml,Add 2 for £4,Summer
802608,Belazu Rose Harissa Paste,G,false,611,https://ecom-su-static-prod.wtrecom.com/images/products/3/LN_802608_BP_3.jpg,https://www.waitrose.com/ecom/products/belazu-rose-harissa-paste/802608-408882-408883,Belazu Rose Harissa Paste,170g,£4.50,£2.65/100g,,Summer
811492,Cawston Press Blend Apple & Summer Berries,G,false,612,https://ecom-su-static-prod.wtrecom.com/images/products/3/LN_811492_BP_3.jpg,https://www.waitrose.com/ecom/products/cawston-press-blend-apple-summer-berries/811492-343490-343491,Cawston Press Blend Apple & Summer Berries,3x200ml,£2.35,39.2p/100ml,,Summer
372972,Linda McCartney's 2 Frozen Vegetarian Mozzarella 1/4lb Burgers,G,true,613,https://ecom-su-static-prod.wtrecom.com/images/products/3/LN_372972_BP_3.jpg,https://www.waitrose.com/ecom/products/linda-mccartneys-2-frozen-vegetarian-mozzarella-1-4lb-burgers/372972-271324-271325,Linda McCartney's 2 Frozen Vegetarian Mozzarella 1/4lb Burgers,227g,£1.95,£8.60/kg,25% Off. Was £2.65,Summer
651568,WR Essential White Paper Plates 24,G,false,614,https://ecom-su-static-prod.wtrecom.com/images/products/3/LN_651568_BP_3.jpg,https://www.waitrose.com/ecom/products/wr-essential-white-paper-plates-24/651568-722213-722214,WR Essential White Paper Plates 24,24s,£2.30,9.6p each,,Summer
448796,Waitrose Frozen Vegetable Lasagne For 2,G,false,615,https://ecom-su-static-prod.wtrecom.com/images/products/3/LN_448796_BP_3.jpg,https://www.waitrose.com/ecom/products/waitrose-frozen-vegetable-lasagne-for-2/448796-761798-761799,Waitrose Frozen Vegetable Lasagne For 2,700g,£4.65,£6.65/kg,,Summer
861884,Waitrose Fresh Reduced Fat Caesar Dressing,G,false,616,https://ecom-su-static-prod.wtrecom.com/images/products/3/LN_861884_BP_3.jpg,https://www.waitrose.com/ecom/products/waitrose-fresh-reduced-fat-caesar-dressing/861884-420599-420600,Waitrose Fresh Reduced Fat Caesar Dressing,150ml,£1.30,86.7p/100ml,,Summer
829485,Waitrose Stuffed Mushrooms,G,false,617,https://ecom-su-static-prod.wtrecom.com/images/products/3/LN_829485_BP_3.jpg,https://www.waitrose.com/ecom/products/waitrose-stuffed-mushrooms/829485-756456-756457,Waitrose Stuffed Mushrooms,200g,£3.00,£15/kg,,Summer
736027,Dr. Oetker Mozzarella Ristorante Pizza,G,true,618,https://ecom-su-static-prod.wtrecom.com/images/products/3/LN_736027_BP_3.jpg,https://www.waitrose.com/ecom/products/dr-oetker-mozzarella-ristorante-pizza/736027-104630-104631,Dr. Oetker Mozzarella Ristorante Pizza,335g,£2.00,£5.98/kg,save £1.40. Was £3.40,Summer
863072,Dark Horse Chardonnay,W,false,619,https://ecom-su-static-prod.wtrecom.com/images/products/3/LN_863072_BP_3.jpg,https://www.waitrose.com/ecom/products/dark-horse-chardonnay/863072-420603-420604,Dark Horse Chardonnay,75cl,£9.99,£9.99/75cl,,Summer
400039,Graham's Dairy Gold Top Original Jersey Whole Milk,G,false,620,https://ecom-su-static-prod.wtrecom.com/images/products/3/LN_400039_BP_3.jpg,https://www.waitrose.com/ecom/products/grahams-dairy-gold-top-original-jersey-whole-milk/400039-56272-56273,Graham's Dairy Gold Top Original Jersey Whole Milk,1litre,£1.70,£1.70/litre,,Summer
741373,Fever-Tree Mediterranean Tonic Water,G,false,621,https://ecom-su-static-prod.wtrecom.com/images/products/3/LN_741373_BP_3.jpg,https://www.waitrose.com/ecom/products/fever-tree-mediterranean-tonic-water/741373-437752-437753,Fever-Tree Mediterranean Tonic Water,500ml,£2.20,44p/100ml,,Summer
831390,Dr. Oetker Ristorante Pizza Pepperoni-Salame,G,true,622,https://ecom-su-static-prod.wtrecom.com/images/products/3/LN_831390_BP_3.jpg,https://www.waitrose.com/ecom/products/dr-oetker-ristorante-pizza-pepperoni-salame/831390-198118-198119,Dr. Oetker Ristorante Pizza Pepperoni-Salame,320g,£2.00,£6.25/kg,save £1.40. Was £3.40,Summer
828394,Carte D'Or Salted Caramel Ice Cream Tub Dessert,G,false,623,https://ecom-su-static-prod.wtrecom.com/images/products/3/LN_828394_BP_3.jpg,https://www.waitrose.com/ecom/products/carte-dor-salted-caramel-ice-cream-tub-dessert/828394-657040-657041,Carte D'Or Salted Caramel Ice Cream Tub Dessert,900ml,£3.95,43.9p/100ml,,Summer
812877,Levantine Table Slow Cooked Beef in Mango Amba Sauce,G,false,624,https://ecom-su-static-prod.wtrecom.com/images/products/3/LN_812877_BP_3.jpg,https://www.waitrose.com/ecom/products/levantine-table-slow-cooked-beef-in-mango-amba-sauce/812877-804356-804357,Levantine Table Slow Cooked Beef in Mango Amba Sauce,385g,£7.50,£19.49/kg,,Summer
047538,Linda McCartney's Frozen Vegan Sausages,G,true,625,https://ecom-su-static-prod.wtrecom.com/images/products/3/LN_047538_BP_3.jpg,https://www.waitrose.com/ecom/products/linda-mccartneys-frozen-vegan-sausages/047538-23470-23471,Linda McCartney's Frozen Vegan Sausages,270g,£1.95,£7.23/kg,25% Off. Was £2.65,Summer
429853,Häagen-Dazs Caramel Ice Cream Minicups,G,true,626,https://ecom-su-static-prod.wtrecom.com/images/products/3/LN_429853_BP_3.jpg,https://www.waitrose.com/ecom/products/haagen-dazs-caramel-ice-cream-minicups/429853-656971-656971,Häagen-Dazs Caramel Ice Cream Minicups,4x95ml,£3.75,98.7p/100ml,save £1.90. Was £5.65,Summer
850376,Cornetto Soft Cookie And Chocolate Ice Cream Cones,G,false,627,https://ecom-su-static-prod.wtrecom.com/images/products/3/LN_850376_BP_3.jpg,https://www.waitrose.com/ecom/products/cornetto-soft-cookie-and-chocolate-ice-cream-cones/850376-777218-777219,Cornetto Soft Cookie And Chocolate Ice Cream Cones,560ml,£3.95,70.5p/100ml,,Summer
805049,Waitrose Frozen Pea & Asparagus Risotto for 2,G,false,628,https://ecom-su-static-prod.wtrecom.com/images/products/3/LN_805049_BP_3.jpg,https://www.waitrose.com/ecom/products/waitrose-frozen-pea-asparagus-risotto-for-2/805049-693924-693925,Waitrose Frozen Pea & Asparagus Risotto for 2,800g,£4.80,£6/kg,,Summer
822142,Essential Bake at Home Brown Baguettes,G,false,629,https://ecom-su-static-prod.wtrecom.com/images/products/3/LN_822142_BP_3.jpg,https://www.waitrose.com/ecom/products/essential-bake-at-home-brown-baguettes/822142-746619-746620,Essential Bake at Home Brown Baguettes,2s,£1.25,62.5p each,,Summer
051230,Schweppes Slimline Indian Tonic Water Lemon Bottle,G,false,630,https://ecom-su-static-prod.wtrecom.com/images/products/3/LN_051230_BP_3.jpg,https://www.waitrose.com/ecom/products/schweppes-slimline-indian-tonic-water-lemon-bottle/051230-25489-25490,Schweppes Slimline Indian Tonic Water Lemon Bottle,1litre,£1.80,18p/100ml,,Summer
838664,Crosta & Mollica 2 Frozen Stromboli Sourdough Pizzas,G,true,631,https://ecom-su-static-prod.wtrecom.com/images/products/3/LN_838664_BP_3.jpg,https://www.waitrose.com/ecom/products/crosta-mollica-2-frozen-stromboli-sourdough-pizzas/838664-762574-762575,Crosta & Mollica 2 Frozen Stromboli Sourdough Pizzas,434g,£4.20,£9.68/kg,20% Off. Was £5.25,Summer
011820,Waitrose Paella Rice,G,false,632,https://ecom-su-static-prod.wtrecom.com/images/products/3/LN_011820_BP_3.jpg,https://www.waitrose.com/ecom/products/waitrose-paella-rice/011820-5859-5860,Waitrose Paella Rice,500g,£2.70,£5.40/kg,,Summer
666173,Crosta & Mollica Black Olive Grissini,G,false,633,https://ecom-su-static-prod.wtrecom.com/images/products/3/LN_666173_BP_3.jpg,https://www.waitrose.com/ecom/products/crosta-mollica-black-olive-grissini/666173-94560-94561,Crosta & Mollica Black Olive Grissini,140g,£2.10,£1.50/100g,,Summer
572880,Waitrose Fresh Honey & Mustard Dressing,G,false,634,https://ecom-su-static-prod.wtrecom.com/images/products/3/LN_572880_BP_3.jpg,https://www.waitrose.com/ecom/products/waitrose-fresh-honey-mustard-dressing/572880-420233-420234,Waitrose Fresh Honey & Mustard Dressing,150ml,£1.30,86.7p/100ml,,Summer
577802,Waitrose Avocado & Feta Side Salad,G,false,635,https://ecom-su-static-prod.wtrecom.com/images/products/3/LN_577802_BP_3.jpg,https://www.waitrose.com/ecom/products/waitrose-avocado-feta-side-salad/577802-581306-581307,Waitrose Avocado & Feta Side Salad,200g,£3.15,£1.58/100g,,Summer
407876,Sunbites Sour Cream & Cracked Black Pepper Multipack Snacks,G,true,636,https://ecom-su-static-prod.wtrecom.com/images/products/3/LN_407876_BP_3.jpg,https://www.waitrose.com/ecom/products/sunbites-sour-cream-cracked-black-pepper-multipack-snacks/407876-57398-57399,Sunbites Sour Cream & Cracked Black Pepper Multipack Snacks,6x25g,£2.25,£1.50/100g,Add 2 for £3.25,Summer
472675,No.1 Mango & Passion Fruit Ice Cream,G,true,637,https://ecom-su-static-prod.wtrecom.com/images/products/3/LN_472675_BP_3.jpg,https://www.waitrose.com/ecom/products/no1-mango-passion-fruit-ice-cream/472675-752807-752808,No.1 Mango & Passion Fruit Ice Cream,500ml,£3.00,60p/100ml,25% Off. Was £4.40,Summer
710008,Sunbites Sun Ripened Sweet Chilli Multipack Snacks,G,true,638,https://ecom-su-static-prod.wtrecom.com/images/products/3/LN_710008_BP_3.jpg,https://www.waitrose.com/ecom/products/sunbites-sun-ripened-sweet-chilli-multipack-snacks/710008-100855-100856,Sunbites Sun Ripened Sweet Chilli Multipack Snacks,6x25g,£2.25,£1.50/100g,Add 2 for £3.25,Summer
590462,Magnum Mini Intense Dark Chocolate Ice Cream Sticks,G,false,639,https://ecom-su-static-prod.wtrecom.com/images/products/3/LN_590462_BP_3.jpg,https://www.waitrose.com/ecom/products/magnum-mini-intense-dark-chocolate-ice-cream-sticks/590462-824371-824372,Magnum Mini Intense Dark Chocolate Ice Cream Sticks,6x55ml,£4.75,£1.44/100ml,,Summer
651057,Waitrose Aged Balsamic & Olive Oil Dressing,G,false,640,https://ecom-su-static-prod.wtrecom.com/images/products/3/LN_651057_BP_3.jpg,https://www.waitrose.com/ecom/products/waitrose-aged-balsamic-olive-oil-dressing/651057-420329-420330,Waitrose Aged Balsamic & Olive Oil Dressing,150ml,£1.30,86.7p/100ml,,Summer
868974,Waitrose Wafer Ice Cream Cones,G,false,641,https://ecom-su-static-prod.wtrecom.com/images/products/3/LN_868974_BP_3.jpg,https://www.waitrose.com/ecom/products/waitrose-wafer-ice-cream-cones/868974-694042-694043,Waitrose Wafer Ice Cream Cones,10s,80p,8p each,,Summer
744747,Fever-Tree Light Rhubarb & Raspberry,G,false,642,https://ecom-su-static-prod.wtrecom.com/images/products/3/LN_744747_BP_3.jpg,https://www.waitrose.com/ecom/products/fever-tree-light-rhubarb-raspberry/744747-741324-741325,Fever-Tree Light Rhubarb & Raspberry,500ml,£2.10,42p/100ml,,Summer
070178,Birra Moretti Premium Lager Beer Bottle Large,G,true,643,https://ecom-su-static-prod.wtrecom.com/images/products/3/LN_070178_BP_3.jpg,https://www.waitrose.com/ecom/products/birra-moretti-premium-lager-beer-bottle-large/070178-35546-35547,Birra Moretti Premium Lager Beer Bottle Large,660ml,£2.90,£4.40/litre,Add 3 for £7,Summer
896080,DA-SH Water Blackcurrant Sparkling Water,G,true,644,https://ecom-su-static-prod.wtrecom.com/images/products/3/LN_896080_BP_3.jpg,https://www.waitrose.com/ecom/products/da-sh-water-blackcurrant-sparkling-water/896080-697932-697933,DA-SH Water Blackcurrant Sparkling Water,4x330ml,£4.70,35.6p/100ml,Add 2 for £5.50,Summer
440590,Bottlegreen Mango & Passionfruit Cordial,G,false,645,https://ecom-su-static-prod.wtrecom.com/images/products/3/LN_440590_BP_3.jpg,https://www.waitrose.com/ecom/products/bottlegreen-mango-passionfruit-cordial/440590-806267-806268,Bottlegreen Mango & Passionfruit Cordial,500ml,£4.45,89p/100ml,,Summer
415399,No.1 Cherrywood Smoked Scottish Salmon,G,false,646,https://ecom-su-static-prod.wtrecom.com/images/products/3/LN_415399_BP_3.jpg,https://www.waitrose.com/ecom/products/no1-cherrywood-smoked-scottish-salmon/415399-791911-791912,No.1 Cherrywood Smoked Scottish Salmon,100g,£6.95,£6.95/100g,,Summer
820713,Häagen-Dazs Fruit Ice Cream,G,true,647,https://ecom-su-static-prod.wtrecom.com/images/products/3/LN_820713_BP_3.jpg,https://www.waitrose.com/ecom/products/haagen-dazs-fruit-ice-cream/820713-722539-722539,Häagen-Dazs Fruit Ice Cream,4x95ml,£3.75,98.7p/100ml,save £1.90. Was £5.65,Summer
526538,Fever-Tree Light Mediterranean Tonic,G,false,648,https://ecom-su-static-prod.wtrecom.com/images/products/3/LN_526538_BP_3.jpg,https://www.waitrose.com/ecom/products/fever-tree-light-mediterranean-tonic/526538-662616-662617,Fever-Tree Light Mediterranean Tonic,500ml,£2.10,42p/100ml,,Summer
042839,Waitrose 2 Poached Scottish Salmon Mousses,G,false,649,https://ecom-su-static-prod.wtrecom.com/images/products/3/LN_042839_BP_3.jpg,https://www.waitrose.com/ecom/products/waitrose-2-poached-scottish-salmon-mousses/042839-21178-21179,Waitrose 2 Poached Scottish Salmon Mousses,100g,£4.75,£4.75/100g,,Summer
852889,Magnum Mini Cookie Mix Ice Cream Sticks,G,false,650,https://ecom-su-static-prod.wtrecom.com/images/products/3/LN_852889_BP_3.jpg,https://www.waitrose.com/ecom/products/magnum-mini-cookie-mix-ice-cream-sticks/852889-823422-823423,Magnum Mini Cookie Mix Ice Cream Sticks,6x55ml,£4.75,£1.44/100ml,,Summer
658787,Regina XXL Absorb 2R,G,false,651,https://ecom-su-static-prod.wtrecom.com/images/products/3/LN_658787_BP_3.jpg,https://www.waitrose.com/ecom/products/regina-xxl-absorb-2r/658787-93553-93554,Regina XXL Absorb 2R,2Each,£4.75,£2.38 each,,Summer
683755,Waitrose 2pk British Rose Veal Burgers,G,false,652,https://ecom-su-static-prod.wtrecom.com/images/products/3/LN_683755_BP_3.jpg,https://www.waitrose.com/ecom/products/waitrose-2pk-british-rose-veal-burgers/683755-497976-497977,Waitrose 2pk British Rose Veal Burgers,250g,£3.70,£14.80/kg,,Summer
086079,illy Classico Espresso Ground Coffee,G,false,653,https://ecom-su-static-prod.wtrecom.com/images/products/3/LN_086079_BP_3.jpg,https://www.waitrose.com/ecom/products/illy-classico-espresso-ground-coffee/086079-43901-43902,illy Classico Espresso Ground Coffee,250g,£7.00,£2.80/100g,,Summer
461832,Bombay Sapphire Gin & Tonic Premix Cocktail,G,true,654,https://ecom-su-static-prod.wtrecom.com/images/products/3/LN_461832_BP_3.jpg,https://www.waitrose.com/ecom/products/bombay-sapphire-gin-tonic-premix-cocktail/461832-728144-728145,Bombay Sapphire Gin & Tonic Premix Cocktail,250ml,£2.50,£10/litre,Mix & Match Add 4 for 3 Cheapest Item Free,Summer
026401,Gordon's London Dry Gin with Tonic Premix Can,G,true,655,https://ecom-su-static-prod.wtrecom.com/images/products/3/LN_026401_BP_3.jpg,https://www.waitrose.com/ecom/products/gordons-london-dry-gin-with-tonic-premix-can/026401-12847-12848,Gordon's London Dry Gin with Tonic Premix Can,250ml,£2.30,£9.20/litre,Mix & Match Add 4 for 3 Cheapest Item Free,Summer
085283,J2O Orange & Passion Fruit Juice,G,false,656,https://ecom-su-static-prod.wtrecom.com/images/products/3/LN_085283_BP_3.jpg,https://www.waitrose.com/ecom/products/j2o-orange-passion-fruit-juice/085283-43370-43371,J2O Orange & Passion Fruit Juice,4x275ml,£4.75,43.2p/100ml,,Summer
574627,Doritos Mild Salsa Sharing Dip,G,true,657,https://ecom-su-static-prod.wtrecom.com/images/products/3/LN_574627_BP_3.jpg,https://www.waitrose.com/ecom/products/doritos-mild-salsa-sharing-dip/574627-306912-306913,Doritos Mild Salsa Sharing Dip,300g,£1.75,58.3p/100g,save 75p. Was £2.50,Summer
453971,Higgidy Great British Pork Sausage Rolls,G,true,658,https://ecom-su-static-prod.wtrecom.com/images/products/3/LN_453971_BP_3.jpg,https://www.waitrose.com/ecom/products/higgidy-great-british-pork-sausage-rolls/453971-724845-724846,Higgidy Great British Pork Sausage Rolls,160g,£2.50,£1.57/100g,save 95p. Was £3.45,Summer
634694,Genius Gluten Free Brioche Burger Buns,G,true,659,https://ecom-su-static-prod.wtrecom.com/images/products/3/LN_634694_BP_3.jpg,https://www.waitrose.com/ecom/products/genius-gluten-free-brioche-burger-buns/634694-701974-701975,Genius Gluten Free Brioche Burger Buns,2x70g,£1.65,£1.18/100g,save 30p. Was £1.95,Summer
810121,Taiko Sushi Vegan Platter,E,false,660,https://ecom-su-static-prod.wtrecom.com/images/products/3/LN_810121_BP_3.jpg,https://www.waitrose.com/ecom/products/taiko-sushi-vegan-platter/810121-728670-728671,Taiko Sushi Vegan Platter,Typical weight 750g,£16.00,£2.13/100g,,Summer
640652,No.1 Extra Virgin Olive Oil Houmous,G,true,661,https://ecom-su-static-prod.wtrecom.com/images/products/3/LN_640652_BP_3.jpg,https://www.waitrose.com/ecom/products/no1-extra-virgin-olive-oil-houmous/640652-827212-827213,No.1 Extra Virgin Olive Oil Houmous,170g,£2.28,£1.35/100g,Introductory Offer.Will be £2.85,Summer
019922,No.1 Coconut & Lime Ice Cream,G,true,662,https://ecom-su-static-prod.wtrecom.com/images/products/3/LN_019922_BP_3.jpg,https://www.waitrose.com/ecom/products/no1-coconut-lime-ice-cream/019922-9702-9703,No.1 Coconut & Lime Ice Cream,500ml,£3.00,60p/100ml,25% Off. Was £4.40,Summer
733153,Fever-Tree Light Sicilian Lemonade,G,false,663,https://ecom-su-static-prod.wtrecom.com/images/products/3/LN_733153_BP_3.jpg,https://www.waitrose.com/ecom/products/fever-tree-light-sicilian-lemonade/733153-104175-104176,Fever-Tree Light Sicilian Lemonade,500ml,£2.10,42p/100ml,,Summer
862950,MOTH Margarita,G,true,664,https://ecom-su-static-prod.wtrecom.com/images/products/3/LN_862950_BP_3.jpg,https://www.waitrose.com/ecom/products/moth-margarita/862950-746607-746608,MOTH Margarita,125ml,£3.99,£31.92/litre,Mix & Match Add 4 for 3 Cheapest Item Free,Summer
756464,Twinings English Breakfast Tea Bags Extra Large Pack 120,G,false,665,https://ecom-su-static-prod.wtrecom.com/images/products/3/LN_756464_BP_3.jpg,https://www.waitrose.com/ecom/products/twinings-english-breakfast-tea-bags-extra-large-pack-120/756464-801220-801221,Twinings English Breakfast Tea Bags Extra Large Pack 120,300g,£6.00,£2/100g,,Summer
098203,Hartley's Jelly Orange,G,false,666,https://ecom-su-static-prod.wtrecom.com/images/products/3/LN_098203_BP_3.jpg,https://www.waitrose.com/ecom/products/hartleys-jelly-orange/098203-50073-50074,Hartley's Jelly Orange,135g,£1.00,74.1p/100g,,Summer
864062,PlantLiving Deli Style Coleslaw,G,false,667,https://ecom-su-static-prod.wtrecom.com/images/products/3/LN_864062_BP_3.jpg,https://www.waitrose.com/ecom/products/plantliving-deli-style-coleslaw/864062-791398-791399,PlantLiving Deli Style Coleslaw,300g,£1.75,58.3p/100g,,Summer
021062,Hendrick's Gin,G,false,668,https://ecom-su-static-prod.wtrecom.com/images/products/3/LN_021062_BP_3.jpg,https://www.waitrose.com/ecom/products/hendricks-gin/021062-10253-10254,Hendrick's Gin,70cl,£32.50,£46.43/litre,,Summer
485999,John West MSC Tuna Chunks in Brine,G,true,669,https://ecom-su-static-prod.wtrecom.com/images/products/3/LN_485999_BP_3.jpg,https://www.waitrose.com/ecom/products/john-west-msc-tuna-chunks-in-brine/485999-723699-723700,John West MSC Tuna Chunks in Brine,drained 4x102g,£4.00,98p/100g,save £2.00. Was £6.00,Summer
478886,Häagen-Dazs Salted Caramel Ice Cream Stick Bars,G,false,670,https://ecom-su-static-prod.wtrecom.com/images/products/3/LN_478886_BP_3.jpg,https://www.waitrose.com/ecom/products/haagen-dazs-salted-caramel-ice-cream-stick-bars/478886-721895-721896,Häagen-Dazs Salted Caramel Ice Cream Stick Bars,3x80ml,£4.45,£1.86/100ml,,Summer
577155,Cadbury Dairy Milk Buttons Ice Cream Cones,G,true,671,https://ecom-su-static-prod.wtrecom.com/images/products/3/LN_577155_BP_3.jpg,https://www.waitrose.com/ecom/products/cadbury-dairy-milk-buttons-ice-cream-cones/577155-824367-824368,Cadbury Dairy Milk Buttons Ice Cream Cones,4x100ml,£3.15,78.8p/100ml,Add 2 for £5,Summer
812977,Waitrose Milk Chocolate Stick,G,false,672,https://ecom-su-static-prod.wtrecom.com/images/products/3/LN_812977_BP_3.jpg,https://www.waitrose.com/ecom/products/waitrose-milk-chocolate-stick/812977-802118-802119,Waitrose Milk Chocolate Stick,3x100ml,£1.75,58.3p/100ml,,Summer
603301,GoodLife Frozen Vegan Spicy Bean Burgers,G,true,673,https://ecom-su-static-prod.wtrecom.com/images/products/3/LN_603301_BP_3.jpg,https://www.waitrose.com/ecom/products/goodlife-frozen-vegan-spicy-bean-burgers/603301-380355-380356,GoodLife Frozen Vegan Spicy Bean Burgers,454g,£2.80,£6.17/kg,save 50p. Was £3.30,Summer
722808,San Pellegrino Lemon & Mint,G,true,674,https://ecom-su-static-prod.wtrecom.com/images/products/3/LN_722808_BP_3.jpg,https://www.waitrose.com/ecom/products/san-pellegrino-lemon-mint/722808-405382-405383,San Pellegrino Lemon & Mint,6x330ml,£4.00,20.2p/100ml,save 95p. Was £4.95,Summer
801814,La Gioiosa Prosecco Rosé DOC Millesimato,W,false,675,https://ecom-su-static-prod.wtrecom.com/images/products/3/LN_801814_BP_3.jpg,https://www.waitrose.com/ecom/products/la-gioiosa-prosecco-rose-doc-millesimato/801814-739297-739298,La Gioiosa Prosecco Rosé DOC Millesimato,75cl,£10.49,£10.49/75cl,,Summer
798296,Cadbury Crunchie Blast Ice Cream,G,true,676,https://ecom-su-static-prod.wtrecom.com/images/products/3/LN_798296_BP_3.jpg,https://www.waitrose.com/ecom/products/cadbury-crunchie-blast-ice-cream/798296-824408-824409,Cadbury Crunchie Blast Ice Cream,4x90ml,£3.70,£1.03/100ml,Add 2 for £5,Summer
468922,Waitrose Alphonso Mango Sorbet,G,true,677,https://ecom-su-static-prod.wtrecom.com/images/products/3/LN_468922_BP_3.jpg,https://www.waitrose.com/ecom/products/waitrose-alphonso-mango-sorbet/468922-336060-336061,Waitrose Alphonso Mango Sorbet,500ml,£2.30,46p/100ml,save 50p. Was £2.80,Summer
049303,No.1 White Chocolate Ice Cream,G,true,678,https://ecom-su-static-prod.wtrecom.com/images/products/3/LN_049303_BP_3.jpg,https://www.waitrose.com/ecom/products/no1-white-chocolate-ice-cream/049303-24564-24565,No.1 White Chocolate Ice Cream,500ml,£3.00,60p/100ml,25% Off. Was £4.40,Summer
556191,Peroni Nastro Azzurro Lager Large Pack Bottle,G,true,679,https://ecom-su-static-prod.wtrecom.com/images/products/3/LN_556191_BP_3.jpg,https://www.waitrose.com/ecom/products/peroni-nastro-azzurro-lager-large-pack-bottle/556191-331033-331034,Peroni Nastro Azzurro Lager Large Pack Bottle,18x330ml,£20.00,£3.37/litre,save £5.00. Was £25.00,Summer
808556,Waitrose Orange Melon Chunks,G,false,680,https://ecom-su-static-prod.wtrecom.com/images/products/3/LN_808556_BP_3.jpg,https://www.waitrose.com/ecom/products/waitrose-orange-melon-chunks/808556-772488-772489,Waitrose Orange Melon Chunks,250g,£2.70,£1.08/100g,,Summer
773510,Volvic Touch of Mango Passion Sugar Free Flavoured Water,G,false,681,https://ecom-su-static-prod.wtrecom.com/images/products/3/LN_773510_BP_3.jpg,https://www.waitrose.com/ecom/products/volvic-touch-of-mango-passion-sugar-free-flavoured-water/773510-724032-724033,Volvic Touch of Mango Passion Sugar Free Flavoured Water,1.5litre,£1.45,9.7p/100ml,,Summer
078037,Waitrose Chocolate Chip Dairy Ice Cream,G,false,682,https://ecom-su-static-prod.wtrecom.com/images/products/3/LN_078037_BP_3.jpg,https://www.waitrose.com/ecom/products/waitrose-chocolate-chip-dairy-ice-cream/078037-39709-39710,Waitrose Chocolate Chip Dairy Ice Cream,1litre,£3.50,35p/100ml,,Summer
498037,Taifun Smoked Tofu,G,false,683,https://ecom-su-static-prod.wtrecom.com/images/products/3/LN_498037_BP_3.jpg,https://www.waitrose.com/ecom/products/taifun-smoked-tofu/498037-70368-70369,Taifun Smoked Tofu,200g,£5.00,£25/kg,,Summer
703449,John Lewis White Napkins 33cm,G,false,684,https://ecom-su-static-prod.wtrecom.com/images/products/3/LN_703449_BP_3.jpg,https://www.waitrose.com/ecom/products/john-lewis-white-napkins-33cm/703449-308614-308615,John Lewis White Napkins 33cm,20s,£2.00,10p each,,Summer
559520,33cm Floral Oasis Napkins 20s,G,true,685,https://ecom-su-static-prod.wtrecom.com/images/products/3/LN_559520_BP_3.jpg,https://www.waitrose.com/ecom/products/33cm-floral-oasis-napkins-20s/559520-822569-822570,33cm Floral Oasis Napkins 20s,20Sheet,£1.50,,25% Off. Was £2.00,Summer
529054,Gordon's Pink Gin & Tonic Premix Can,G,true,686,https://ecom-su-static-prod.wtrecom.com/images/products/3/LN_529054_BP_3.jpg,https://www.waitrose.com/ecom/products/gordons-pink-gin-tonic-premix-can/529054-674360-674361,Gordon's Pink Gin & Tonic Premix Can,250ml,£2.30,£9.20/litre,Mix & Match Add 4 for 3 Cheapest Item Free,Summer
498883,Waitrose Watermelon,G,false,687,https://ecom-su-static-prod.wtrecom.com/images/products/3/LN_498883_BP_3.jpg,https://www.waitrose.com/ecom/products/waitrose-watermelon/498883-697998-697999,Waitrose Watermelon,450g,£3.95,87.8p/100g,,Summer
701531,Schweppes Lemonade Can,G,true,688,https://ecom-su-static-prod.wtrecom.com/images/products/3/LN_701531_BP_3.jpg,https://www.waitrose.com/ecom/products/schweppes-lemonade-can/701531-99566-99567,Schweppes Lemonade Can,6x330ml,£2.50,12.6p/100ml,save £1.50. Was £4.00,Summer
500757,Nuii Caramelised Salted Almond & New Zealand Honey,G,true,689,https://ecom-su-static-prod.wtrecom.com/images/products/3/LN_500757_BP_3.jpg,https://www.waitrose.com/ecom/products/nuii-caramelised-salted-almond-new-zealand-honey/500757-824353-824354,Nuii Caramelised Salted Almond & New Zealand Honey,3x90ml,£4.20,£1.56/100ml,Add 2 for £5,Summer
083819,Waitrose Brut NV Champagne,W,false,690,https://ecom-su-static-prod.wtrecom.com/images/products/3/LN_083819_BP_3.jpg,https://www.waitrose.com/ecom/products/waitrose-brut-nv-champagne/083819-42556-42557,Waitrose Brut NV Champagne,75cl,£24.99,£24.99/75cl,,Summer
499276,"Waitrose Ciabatta Croutons Black Pepper, Salt",G,false,691,https://ecom-su-static-prod.wtrecom.com/images/products/3/LN_499276_BP_3.jpg,https://www.waitrose.com/ecom/products/waitrose-ciabatta-croutons-black-pepper-salt/499276-420163-420164,"Waitrose Ciabatta Croutons Black Pepper, Salt",100g,£1.20,£1.20/100g,,Summer
849888,Regina XXL Absorb Kitchen Towel,G,false,692,https://ecom-su-static-prod.wtrecom.com/images/products/3/LN_849888_BP_3.jpg,https://www.waitrose.com/ecom/products/regina-xxl-absorb-kitchen-towel/849888-813320-813321,Regina XXL Absorb Kitchen Towel,300Sheet,£7.50,,,Summer
678588,No.1 Wild Alaskan Sockeye Salmon,G,true,693,https://ecom-su-static-prod.wtrecom.com/images/products/3/LN_678588_BP_3.jpg,https://www.waitrose.com/ecom/products/no1-wild-alaskan-sockeye-salmon/678588-679555-679556,No.1 Wild Alaskan Sockeye Salmon,400g,£10.50,£26.25/kg,25% Off. Was £14.00,Summer
642125,Belazu Gordo Especial Chickpeas,G,false,694,https://ecom-su-static-prod.wtrecom.com/images/products/3/LN_642125_BP_3.jpg,https://www.waitrose.com/ecom/products/belazu-gordo-especial-chickpeas/642125-818722-818723,Belazu Gordo Especial Chickpeas,370g,£2.75,£7.44/kg,,Summer
692276,Hackney Gelato Pistachio,G,false,695,https://ecom-su-static-prod.wtrecom.com/images/products/3/LN_692276_BP_3.jpg,https://www.waitrose.com/ecom/products/hackney-gelato-pistachio/692276-824389-824390,Hackney Gelato Pistachio,420ml,£5.50,£1.31/100ml,,Summer
095922,President Grated Emmental Cheese,G,false,696,https://ecom-su-static-prod.wtrecom.com/images/products/3/LN_095922_BP_3.jpg,https://www.waitrose.com/ecom/products/president-grated-emmental-cheese/095922-49124-49125,President Grated Emmental Cheese,200g,£2.90,£14.50/kg,,Summer
065206,"Pork, Chicken & Ham Pie",E,false,697,https://ecom-su-static-prod.wtrecom.com/images/products/3/LN_065206_BP_3.jpg,https://www.waitrose.com/ecom/products/pork-chicken-ham-pie/065206-33054-33055,"Pork, Chicken & Ham Pie",Typical weight 1.3kg,£22.00,£16.93/kg,,Summer
700679,Waitrose 3 Year Old French Brandy,G,false,698,https://ecom-su-static-prod.wtrecom.com/images/products/3/LN_700679_BP_3.jpg,https://www.waitrose.com/ecom/products/waitrose-3-year-old-french-brandy/700679-229939-229940,Waitrose 3 Year Old French Brandy,1L,£19.50,£19.50/litre,,Summer
503404,Magnum Euphoria Pink Lemonade Ice Cream Sticks,G,true,699,https://ecom-su-static-prod.wtrecom.com/images/products/3/LN_503404_BP_3.jpg,https://www.waitrose.com/ecom/products/magnum-euphoria-pink-lemonade-ice-cream-sticks/503404-824355-824356,Magnum Euphoria Pink Lemonade Ice Cream Sticks,3x90ml,£4.20,£1.56/100ml,Add 2 for £6,Summer
673399,Waitrose Morello Cherry Pie,G,false,700,https://ecom-su-static-prod.wtrecom.com/images/products/3/LN_673399_BP_3.jpg,https://www.waitrose.com/ecom/products/waitrose-morello-cherry-pie/673399-460173-460174,Waitrose Morello Cherry Pie,550g,£4.00,72.7p/100g,,Summer
792009,No.1 Hot Smoked Salmon Orzo,G,true,701,https://ecom-su-static-prod.wtrecom.com/images/products/3/LN_792009_BP_3.jpg,https://www.waitrose.com/ecom/products/no1-hot-smoked-salmon-orzo/792009-805527-805528,No.1 Hot Smoked Salmon Orzo,600g,£9.50,£15.84/kg,£12 Our Very Best Dine In: Add Main + Side + Starter or Dessert,Summer
055020,Applewood Smoky Medium Cheddar Cheese,G,false,702,https://ecom-su-static-prod.wtrecom.com/images/products/3/LN_055020_BP_3.jpg,https://www.waitrose.com/ecom/products/applewood-smoky-medium-cheddar-cheese/055020-27633-27634,Applewood Smoky Medium Cheddar Cheese,185g,£2.85,£15.41/kg,,Summer
890001,Waitrose Hazelnut West Country Yogurt,G,false,703,https://ecom-su-static-prod.wtrecom.com/images/products/3/LN_890001_BP_3.jpg,https://www.waitrose.com/ecom/products/waitrose-hazelnut-west-country-yogurt/890001-822533-822534,Waitrose Hazelnut West Country Yogurt,150g,£1.00,66.7p/100g,,Summer
060311,Guinness Draught Stout Beer Cans 4PK,G,false,704,https://ecom-su-static-prod.wtrecom.com/images/products/3/LN_060311_BP_3.jpg,https://www.waitrose.com/ecom/products/guinness-draught-stout-beer-cans-4pk/060311-30488-30489,Guinness Draught Stout Beer Cans 4PK,4x440ml,£6.25,£3.56/litre,,Summer
509502,Fever-Tree Refreshing Light Elderflower Tonic,G,false,705,https://ecom-su-static-prod.wtrecom.com/images/products/3/LN_509502_BP_3.jpg,https://www.waitrose.com/ecom/products/fever-tree-refreshing-light-elderflower-tonic/509502-662590-662591,Fever-Tree Refreshing Light Elderflower Tonic,500ml,£2.10,42p/100ml,,Summer
079298,Laurent-Perrier La Cuvée NV Champagne,W,true,706,https://ecom-su-static-prod.wtrecom.com/images/products/3/LN_079298_BP_3.jpg,https://www.waitrose.com/ecom/products/laurent-perrier-la-cuvee-nv-champagne/079298-40367-40368,Laurent-Perrier La Cuvée NV Champagne,75cl,£39.99,£39.99/75cl,save £10.00. Was £49.99,Summer
724638,Waitrose Lemon Sorbet,G,true,707,https://ecom-su-static-prod.wtrecom.com/images/products/3/LN_724638_BP_3.jpg,https://www.waitrose.com/ecom/products/waitrose-lemon-sorbet/724638-336236-336237,Waitrose Lemon Sorbet,500ml,£2.30,46p/100ml,save 50p. Was £2.80,Summer
544215,Valdo Elevantum Prosecco DOCG,W,true,708,https://ecom-su-static-prod.wtrecom.com/images/products/3/LN_544215_BP_3.jpg,https://www.waitrose.com/ecom/products/valdo-elevantum-prosecco-docg/544215-138469-138470,Valdo Elevantum Prosecco DOCG,75cl,£8.99,£8.99/75cl,save £5.00. Was £13.99,Summer
772532,Aperol,G,false,709,https://ecom-su-static-prod.wtrecom.com/images/products/3/LN_772532_BP_3.jpg,https://www.waitrose.com/ecom/products/aperol/772532-298627-298628,Aperol,70cl,£18.00,£25.72/litre,,Summer
689029,Birra Moretti Zero Alcohol Free Lager Beer Bottle 4PK,G,false,710,https://ecom-su-static-prod.wtrecom.com/images/products/3/LN_689029_BP_3.jpg,https://www.waitrose.com/ecom/products/birra-moretti-zero-alcohol-free-lager-beer-bottle-4pk/689029-767033-767034,Birra Moretti Zero Alcohol Free Lager Beer Bottle 4PK,4x330ml,£5.50,£4.17/litre,,Summer
794527,San Miguel Lager Bottles,G,false,711,https://ecom-su-static-prod.wtrecom.com/images/products/3/LN_794527_BP_3.jpg,https://www.waitrose.com/ecom/products/san-miguel-lager-bottles/794527-113052-113053,San Miguel Lager Bottles,12x330ml,£13.25,£3.35/litre,,Summer
724293,Parmentier Sardines in Tomato Sauce,G,false,712,https://ecom-su-static-prod.wtrecom.com/images/products/3/LN_724293_BP_3.jpg,https://www.waitrose.com/ecom/products/parmentier-sardines-in-tomato-sauce/724293-288036-288037,Parmentier Sardines in Tomato Sauce,135g,£2.00,£1.49/100g,,Summer
691651,Heinz Salad Cream 70% Less Fat,G,true,713,https://ecom-su-static-prod.wtrecom.com/images/products/3/LN_691651_BP_3.jpg,https://www.waitrose.com/ecom/products/heinz-salad-cream-70-less-fat/691651-408754-408755,Heinz Salad Cream 70% Less Fat,415g,£2.50,60.2p/100g,save 50p. Was £3.00,Summer
870222,Pipers Anglesey Sea Salt Sharing Crisps,G,false,714,https://ecom-su-static-prod.wtrecom.com/images/products/3/LN_870222_BP_3.jpg,https://www.waitrose.com/ecom/products/pipers-anglesey-sea-salt-sharing-crisps/870222-742176-742177,Pipers Anglesey Sea Salt Sharing Crisps,150g,£3.00,£2/100g,,Summer
036716,Belvoir Elderflower Cordial,G,true,715,https://ecom-su-static-prod.wtrecom.com/images/products/3/LN_036716_BP_3.jpg,https://www.waitrose.com/ecom/products/belvoir-elderflower-cordial/036716-18394-18395,Belvoir Elderflower Cordial,500ml,£3.25,65p/100ml,save 95p. Was £4.20,Summer
738092,Waitrose Caesar Dressing,G,false,716,https://ecom-su-static-prod.wtrecom.com/images/products/3/LN_738092_BP_3.jpg,https://www.waitrose.com/ecom/products/waitrose-caesar-dressing/738092-104924-104925,Waitrose Caesar Dressing,235ml,£2.20,93.6p/100ml,,Summer
528402,Waitrose Chunky Vegetable Soup,G,false,717,https://ecom-su-static-prod.wtrecom.com/images/products/3/LN_528402_BP_3.jpg,https://www.waitrose.com/ecom/products/waitrose-chunky-vegetable-soup/528402-816434-816435,Waitrose Chunky Vegetable Soup,600g,£2.85,47.5p/100g,,Summer
845485,Wild Garlic Baby Potatoes,G,false,718,https://ecom-su-static-prod.wtrecom.com/images/products/3/LN_845485_BP_3.jpg,https://www.waitrose.com/ecom/products/wild-garlic-baby-potatoes/845485-803940-803941,Wild Garlic Baby Potatoes,400g,£2.50,£6.25/kg,,Summer
756858,Magnum Vegan Classic Ice Cream Stick,G,true,719,https://ecom-su-static-prod.wtrecom.com/images/products/3/LN_756858_BP_3.jpg,https://www.waitrose.com/ecom/products/magnum-vegan-classic-ice-cream-stick/756858-683216-683217,Magnum Vegan Classic Ice Cream Stick,3x90ml,£4.20,£1.56/100ml,Add 2 for £6,Summer
553828,Fragata Olives Filled with Anchovy,G,false,720,https://ecom-su-static-prod.wtrecom.com/images/products/3/LN_553828_BP_3.jpg,https://www.waitrose.com/ecom/products/fragata-olives-filled-with-anchovy/553828-78272-78273,Fragata Olives Filled with Anchovy,drained 150g,£2.35,£1.57/100g,,Summer
831537,Waitrose Chicken & Gravy Pie,G,false,721,https://ecom-su-static-prod.wtrecom.com/images/products/3/LN_831537_BP_3.jpg,https://www.waitrose.com/ecom/products/waitrose-chicken-gravy-pie/831537-811037-811038,Waitrose Chicken & Gravy Pie,550g,£4.75,86.4p/100g,,Summer
722909,John Lewis Bumble Bee Napkin 33cm,G,true,722,https://ecom-su-static-prod.wtrecom.com/images/products/3/LN_722909_BP_3.jpg,https://www.waitrose.com/ecom/products/john-lewis-bumble-bee-napkin-33cm/722909-794962-794963,John Lewis Bumble Bee Napkin 33cm,20s,£1.50,7.5p each,25% Off. Was £2.00,Summer
062401,Smirnoff No.21 Vodka Red Label,G,false,723,https://ecom-su-static-prod.wtrecom.com/images/products/3/LN_062401_BP_3.jpg,https://www.waitrose.com/ecom/products/smirnoff-no21-vodka-red-label/062401-31683-31684,Smirnoff No.21 Vodka Red Label,70cl,£18.00,£25.72/litre,,Summer
037944,Schweppes Slimline Canada Dry Ginger Ale Bottle,G,false,724,https://ecom-su-static-prod.wtrecom.com/images/products/3/LN_037944_BP_3.jpg,https://www.waitrose.com/ecom/products/schweppes-slimline-canada-dry-ginger-ale-bottle/037944-18947-18948,Schweppes Slimline Canada Dry Ginger Ale Bottle,1litre,£1.80,18p/100ml,,Summer
064606,Campari Bitters,G,true,725,https://ecom-su-static-prod.wtrecom.com/images/products/3/LN_064606_BP_3.jpg,https://www.waitrose.com/ecom/products/campari-bitters/064606-32788-32789,Campari Bitters,70cl,£15.50,£22.15/litre,save £3.00. Was £18.50,Summer
829214,Crosta & Mollica Basilico Pasta Sauce,G,false,726,https://ecom-su-static-prod.wtrecom.com/images/products/3/LN_829214_BP_3.jpg,https://www.waitrose.com/ecom/products/crosta-mollica-basilico-pasta-sauce/829214-785182-785183,Crosta & Mollica Basilico Pasta Sauce,340g,£3.00,88.2p/100g,,Summer
438046,Old El Paso 6 Gluten Free Tortillas,G,false,727,https://ecom-su-static-prod.wtrecom.com/images/products/3/LN_438046_BP_3.jpg,https://www.waitrose.com/ecom/products/old-el-paso-6-gluten-free-tortillas/438046-721831-721832,Old El Paso 6 Gluten Free Tortillas,216g,£3.15,£1.46/100g,,Summer
732546,Higgidy Smoked Bacon & Cheddar Quiche,G,true,728,https://ecom-su-static-prod.wtrecom.com/images/products/3/LN_732546_BP_3.jpg,https://www.waitrose.com/ecom/products/higgidy-smoked-bacon-cheddar-quiche/732546-104081-104082,Higgidy Smoked Bacon & Cheddar Quiche,155g,£2.50,£1.62/100g,save 65p. Was £3.15,Summer
858014,Nuii Dark Choc & Berry,G,true,729,https://ecom-su-static-prod.wtrecom.com/images/products/3/LN_858014_BP_3.jpg,https://www.waitrose.com/ecom/products/nuii-dark-choc-berry/858014-802182-802183,Nuii Dark Choc & Berry,3x90ml,£4.20,£1.56/100ml,Add 2 for £5,Summer
068365,Waitrose Potato Gratin,G,false,730,https://ecom-su-static-prod.wtrecom.com/images/products/3/LN_068365_BP_3.jpg,https://www.waitrose.com/ecom/products/waitrose-potato-gratin/068365-34705-34706,Waitrose Potato Gratin,420g,£3.35,79.8p/100g,,Summer
060965,J2O Apple & Mango Fruit Juice,G,false,731,https://ecom-su-static-prod.wtrecom.com/images/products/3/LN_060965_BP_3.jpg,https://www.waitrose.com/ecom/products/j2o-apple-mango-fruit-juice/060965-30822-30823,J2O Apple & Mango Fruit Juice,4x275ml,£4.75,43.2p/100ml,,Summer
049596,Waitrose New York Cheesecake Slices 2x90g,G,false,732,https://ecom-su-static-prod.wtrecom.com/images/products/3/LN_049596_BP_3.jpg,https://www.waitrose.com/ecom/products/waitrose-new-york-cheesecake-slices-2x90g/049596-24707-24708,Waitrose New York Cheesecake Slices 2x90g,192g,£3.75,£1.96/100g,,Summer
667795,Hurly Burly Raw Sauerkraut Original,G,false,733,https://ecom-su-static-prod.wtrecom.com/images/products/3/LN_667795_BP_3.jpg,https://www.waitrose.com/ecom/products/hurly-burly-raw-sauerkraut-original/667795-661853-661854,Hurly Burly Raw Sauerkraut Original,300g,£2.55,85p/100g,,Summer
599705,Twister Fruit Zinger Ice Lollies,G,true,734,https://ecom-su-static-prod.wtrecom.com/images/products/3/LN_599705_BP_3.jpg,https://www.waitrose.com/ecom/products/twister-fruit-zinger-ice-lollies/599705-801920-801921,Twister Fruit Zinger Ice Lollies,4x70ml,£2.70,96.4p/100ml,Add 2 for £4,Summer
062231,Gordon's London Dry Gin,G,true,735,https://ecom-su-static-prod.wtrecom.com/images/products/3/LN_062231_BP_3.jpg,https://www.waitrose.com/ecom/products/gordons-london-dry-gin/062231-31567-31568,Gordon's London Dry Gin,70cl,£15.00,£21.43/litre,save £3.00. Was £18.00,Summer
016615,Waitrose FT Italian Style Beans,G,false,736,https://ecom-su-static-prod.wtrecom.com/images/products/3/LN_016615_BP_3.jpg,https://www.waitrose.com/ecom/products/waitrose-ft-italian-style-beans/016615-7979-7980,Waitrose FT Italian Style Beans,227g,£3.00,£1.33/100g,,Summer
797138,Waitrose Strawberry Meringue Shells,G,false,737,https://ecom-su-static-prod.wtrecom.com/images/products/3/LN_797138_BP_3.jpg,https://www.waitrose.com/ecom/products/waitrose-strawberry-meringue-shells/797138-693908-693909,Waitrose Strawberry Meringue Shells,8s,£2.50,31.3p each,,Summer
632397,Häagen-Dazs Favourites Ice Cream Collection,G,true,738,https://ecom-su-static-prod.wtrecom.com/images/products/3/LN_632397_BP_3.jpg,https://www.waitrose.com/ecom/products/haagen-dazs-favourites-ice-cream-collection/632397-752997-752997,Häagen-Dazs Favourites Ice Cream Collection,4x95ml,£3.75,98.7p/100ml,save £1.90. Was £5.65,Summer
039455,Waitrose Cheddar Mash,G,false,739,https://ecom-su-static-prod.wtrecom.com/images/products/3/LN_039455_BP_3.jpg,https://www.waitrose.com/ecom/products/waitrose-cheddar-mash/039455-19553-19554,Waitrose Cheddar Mash,450g,£2.60,£5.78/kg,,Summer
385733,Farrington's Mellow Yellow Classic Vinaigrette,G,false,740,https://ecom-su-static-prod.wtrecom.com/images/products/3/LN_385733_BP_3.jpg,https://www.waitrose.com/ecom/products/farringtons-mellow-yellow-classic-vinaigrette/385733-54255-54256,Farrington's Mellow Yellow Classic Vinaigrette,250ml,£3.45,£1.38/100ml,,Summer
769346,Waitrose SunBlush Tomato & Mozzarella Pasta,G,false,741,https://ecom-su-static-prod.wtrecom.com/images/products/3/LN_769346_BP_3.jpg,https://www.waitrose.com/ecom/products/waitrose-sunblush-tomato-mozzarella-pasta/769346-824225-824226,Waitrose SunBlush Tomato & Mozzarella Pasta,180g,£2.50,£13.89/kg,,Summer
585215,Kelly's Cornish Parlour Raspberry Ripple,G,false,742,https://ecom-su-static-prod.wtrecom.com/images/products/3/LN_585215_BP_3.jpg,https://www.waitrose.com/ecom/products/kellys-cornish-parlour-raspberry-ripple/585215-752719-752720,Kelly's Cornish Parlour Raspberry Ripple,950ml,£4.20,44.2p/100ml,,Summer
878216,"Magnum Double Star Chaser Popcorn, Caramel and Chocolate Ice Cream Sticks",G,true,743,https://ecom-su-static-prod.wtrecom.com/images/products/3/LN_878216_BP_3.jpg,https://www.waitrose.com/ecom/products/magnum-double-star-chaser-popcorn-caramel-and-chocolate-ice-cream-sticks/878216-802210-802211,"Magnum Double Star Chaser Popcorn, Caramel and Chocolate Ice Cream Sticks",3x85ml,£4.20,£1.65/100ml,Add 2 for £6,Summer
805545,Fever-Tree Mexican Lime Soda,G,false,744,https://ecom-su-static-prod.wtrecom.com/images/products/3/LN_805545_BP_3.jpg,https://www.waitrose.com/ecom/products/fever-tree-mexican-lime-soda/805545-724081-724082,Fever-Tree Mexican Lime Soda,500ml,£2.10,42p/100ml,,Summer
622162,Essential Frozen Cheesecake Blackcurrant,G,false,745,https://ecom-su-static-prod.wtrecom.com/images/products/3/LN_622162_BP_3.jpg,https://www.waitrose.com/ecom/products/essential-frozen-cheesecake-blackcurrant/622162-88253-88254,Essential Frozen Cheesecake Blackcurrant,500g,£3.50,70p/100g,,Summer
465575,Fever-Tree Refreshingly Light Ginger Ale,G,false,746,https://ecom-su-static-prod.wtrecom.com/images/products/3/LN_465575_BP_3.jpg,https://www.waitrose.com/ecom/products/fever-tree-refreshingly-light-ginger-ale/465575-65613-65614,Fever-Tree Refreshingly Light Ginger Ale,500ml,£2.10,42p/100ml,,Summer
860626,Berry Medley,E,false,747,https://ecom-su-static-prod.wtrecom.com/images/products/3/LN_860626_BP_3.jpg,https://www.waitrose.com/ecom/products/berry-medley/860626-498285-498286,Berry Medley,Typical weight 900g,£16.00,,,Summer
063462,Absolut Blue Original Swedish Vodka,G,false,748,https://ecom-su-static-prod.wtrecom.com/images/products/3/LN_063462_BP_3.jpg,https://www.waitrose.com/ecom/products/absolut-blue-original-swedish-vodka/063462-32221-32222,Absolut Blue Original Swedish Vodka,700ml,£23.00,£32.86/litre,,Summer
617490,Bonne Maman Rhubarb Mousse,G,true,749,https://ecom-su-static-prod.wtrecom.com/images/products/3/LN_617490_BP_3.jpg,https://www.waitrose.com/ecom/products/bonne-maman-rhubarb-mousse/617490-724973-724974,Bonne Maman Rhubarb Mousse,2x70g,£1.50,£1.08/100g,save 80p. Was £2.30,Summer
625998,Magnum Mini Euphoria Pink Lemonade Ice Cream Sticks,G,false,750,https://ecom-su-static-prod.wtrecom.com/images/products/3/LN_625998_BP_3.jpg,https://www.waitrose.com/ecom/products/magnum-mini-euphoria-pink-lemonade-ice-cream-sticks/625998-824377-824378,Magnum Mini Euphoria Pink Lemonade Ice Cream Sticks,6x55ml,£4.75,£1.44/100ml,,Summer
454915,Tanqueray Flor de Sevilla Gin and Tonic Premix Can,G,true,751,https://ecom-su-static-prod.wtrecom.com/images/products/3/LN_454915_BP_3.jpg,https://www.waitrose.com/ecom/products/tanqueray-flor-de-sevilla-gin-and-tonic-premix-can/454915-755811-755812,Tanqueray Flor de Sevilla Gin and Tonic Premix Can,250ml,£2.50,£10/litre,Mix & Match Add 4 for 3 Cheapest Item Free,Summer
701268,PlantLiving: Mushroom & Leek Sausages,G,false,752,https://ecom-su-static-prod.wtrecom.com/images/products/3/LN_701268_BP_3.jpg,https://www.waitrose.com/ecom/products/plantliving-mushroom-leek-sausages/701268-762100-762101,PlantLiving: Mushroom & Leek Sausages,300g,£2.75,£9.17/kg,,Summer
844113,"No.1 Extra Mature Cheddar, Wild Garlic & Tomato Quiche",G,true,753,https://ecom-su-static-prod.wtrecom.com/images/products/3/LN_844113_BP_3.jpg,https://www.waitrose.com/ecom/products/no1-extra-mature-cheddar-wild-garlic-tomato-quiche/844113-827234-827235,"No.1 Extra Mature Cheddar, Wild Garlic & Tomato Quiche",2x145g,£4.00,,Introductory Offer.Will be £5.00,Summer
872512,Waitrose FT Italian Style Beans 454g,G,false,754,https://ecom-su-static-prod.wtrecom.com/images/products/3/LN_872512_BP_3.jpg,https://www.waitrose.com/ecom/products/waitrose-ft-italian-style-beans-454g/872512-719969-719970,Waitrose FT Italian Style Beans 454g,454g,£5.50,£1.22/100g,,Summer
708229,Belazu Traditional Genovese Pesto,G,false,755,https://ecom-su-static-prod.wtrecom.com/images/products/3/LN_708229_BP_3.jpg,https://www.waitrose.com/ecom/products/belazu-traditional-genovese-pesto/708229-704257-704258,Belazu Traditional Genovese Pesto,165g,£3.35,£2.04/100g,,Summer
809196,Kettle Sriracha Mayo Potato Chips,G,true,756,https://ecom-su-static-prod.wtrecom.com/images/products/3/LN_809196_BP_3.jpg,https://www.waitrose.com/ecom/products/kettle-sriracha-mayo-potato-chips/809196-804190-804191,Kettle Sriracha Mayo Potato Chips,125g,£1.50,£1.20/100g,save 90p. Was £2.40,Summer
062002,Bell's Blended Scotch Whisky,G,true,757,https://ecom-su-static-prod.wtrecom.com/images/products/3/LN_062002_BP_3.jpg,https://www.waitrose.com/ecom/products/bells-blended-scotch-whisky/062002-31403-31404,Bell's Blended Scotch Whisky,70cl,£15.00,£21.43/litre,save £3.00. Was £18.00,Summer
066500,Sacla' Italia Sun-Dried Tomato Cook's Paste,G,true,758,https://ecom-su-static-prod.wtrecom.com/images/products/3/LN_066500_BP_3.jpg,https://www.waitrose.com/ecom/products/sacla-italia-sun-dried-tomato-cooks-paste/066500-33667-33668,Sacla' Italia Sun-Dried Tomato Cook's Paste,190g,£2.50,£1.32/100g,save £1.00. Was £3.50,Summer
465209,New York Bakery Gluten Free Original Bagels,G,false,759,https://ecom-su-static-prod.wtrecom.com/images/products/3/LN_465209_BP_3.jpg,https://www.waitrose.com/ecom/products/new-york-bakery-gluten-free-original-bagels/465209-721873-721874,New York Bakery Gluten Free Original Bagels,4s,£3.25,81.3p each,,Summer
834042,Levantine Table Herby Labneh Yogurt Dip,G,false,760,https://ecom-su-static-prod.wtrecom.com/images/products/3/LN_834042_BP_3.jpg,https://www.waitrose.com/ecom/products/levantine-table-herby-labneh-yogurt-dip/834042-755691-755692,Levantine Table Herby Labneh Yogurt Dip,180g,£2.40,£1.34/100g,,Summer
884234,No.1 Cherry & Almond Tart,G,false,761,https://ecom-su-static-prod.wtrecom.com/images/products/3/LN_884234_BP_3.jpg,https://www.waitrose.com/ecom/products/no1-cherry-almond-tart/884234-498333-498334,No.1 Cherry & Almond Tart,390g,£6.50,£1.67/100g,,Summer
099352,Pizza Express House Light Dressing,G,false,762,https://ecom-su-static-prod.wtrecom.com/images/products/3/LN_099352_BP_3.jpg,https://www.waitrose.com/ecom/products/pizza-express-house-light-dressing/099352-50682-50683,Pizza Express House Light Dressing,235ml,£2.65,£1.13/100ml,,Summer
820319,Crodino Alcohol Free,G,false,763,https://ecom-su-static-prod.wtrecom.com/images/products/3/LN_820319_BP_3.jpg,https://www.waitrose.com/ecom/products/crodino-alcohol-free/820319-784086-784087,Crodino Alcohol Free,3x175ml,£6.50,£12.39/litre,,Summer
834754,Waitrose New York Cheesecake with Salted Caramel & Honeycomb,G,true,764,https://ecom-su-static-prod.wtrecom.com/images/products/3/LN_834754_BP_3.jpg,https://www.waitrose.com/ecom/products/waitrose-new-york-cheesecake-with-salted-caramel-honeycomb/834754-601820-601821,Waitrose New York Cheesecake with Salted Caramel & Honeycomb,463g,£3.93,84.9p/100g,25% Off. Was £5.25,Summer
825175,Fever-Tree Italian Blood Orange Soda,G,false,765,https://ecom-su-static-prod.wtrecom.com/images/products/3/LN_825175_BP_3.jpg,https://www.waitrose.com/ecom/products/fever-tree-italian-blood-orange-soda/825175-724103-724104,Fever-Tree Italian Blood Orange Soda,500ml,£2.10,42p/100ml,,Summer
834295,Waitrose Chocolate & Almond Sticks,G,false,766,https://ecom-su-static-prod.wtrecom.com/images/products/3/LN_834295_BP_3.jpg,https://www.waitrose.com/ecom/products/waitrose-chocolate-almond-sticks/834295-802142-802143,Waitrose Chocolate & Almond Sticks,3x100ml,£1.75,58.3p/100ml,,Summer
859687,Levantine Table Herb Falafels,G,false,767,https://ecom-su-static-prod.wtrecom.com/images/products/3/LN_859687_BP_3.jpg,https://www.waitrose.com/ecom/products/levantine-table-herb-falafels/859687-755699-755700,Levantine Table Herb Falafels,200g,£3.75,£1.88/100g,,Summer
766668,Little Jude's Watermelon Rockets,G,false,768,https://ecom-su-static-prod.wtrecom.com/images/products/3/LN_766668_BP_3.jpg,https://www.waitrose.com/ecom/products/little-judes-watermelon-rockets/766668-748490-748491,Little Jude's Watermelon Rockets,6x55ml,£3.75,£1.14/100ml,,Summer
400484,John West MSC Tuna Chunks in Sunflower Oil,G,true,769,https://ecom-su-static-prod.wtrecom.com/images/products/3/LN_400484_BP_3.jpg,https://www.waitrose.com/ecom/products/john-west-msc-tuna-chunks-in-sunflower-oil/400484-723609-723610,John West MSC Tuna Chunks in Sunflower Oil,drained 4x95g,£4.00,£1.06/100g,save £2.00. Was £6.00,Summer
731002,MOTH Negroni,G,true,770,https://ecom-su-static-prod.wtrecom.com/images/products/3/LN_731002_BP_3.jpg,https://www.waitrose.com/ecom/products/moth-negroni/731002-746583-746584,MOTH Negroni,125ml,£3.99,£31.92/litre,Mix & Match Add 4 for 3 Cheapest Item Free,Summer
615783,Genius Gluten Free Crumpets,G,false,771,https://ecom-su-static-prod.wtrecom.com/images/products/3/LN_615783_BP_3.jpg,https://www.waitrose.com/ecom/products/genius-gluten-free-crumpets/615783-722169-722170,Genius Gluten Free Crumpets,4s,£2.50,62.5p each,,Summer
400196,No.1 Sicilian Lemon Tart,E,false,772,https://ecom-su-static-prod.wtrecom.com/images/products/3/LN_400196_BP_3.jpg,https://www.waitrose.com/ecom/products/no1-sicilian-lemon-tart/400196-502547-502548,No.1 Sicilian Lemon Tart,Typical weight 910g,£12.50,£1.38/100g,,Summer
394840,illy Classico Coffee Beans,G,false,773,https://ecom-su-static-prod.wtrecom.com/images/products/3/LN_394840_BP_3.jpg,https://www.waitrose.com/ecom/products/illy-classico-coffee-beans/394840-55489-55490,illy Classico Coffee Beans,250g,£7.00,£2.80/100g,,Summer
733377,Magnum Mini White Chocolate Almond,G,false,774,https://ecom-su-static-prod.wtrecom.com/images/products/3/LN_733377_BP_3.jpg,https://www.waitrose.com/ecom/products/magnum-mini-white-chocolate-almond/733377-823413-823413,Magnum Mini White Chocolate Almond,6x55ml,£4.75,£1.44/100ml,,Summer
422145,PlantLiving: Frozen Mushroom & Chestnut Burgers,G,false,775,https://ecom-su-static-prod.wtrecom.com/images/products/3/LN_422145_BP_3.jpg,https://www.waitrose.com/ecom/products/plantliving-frozen-mushroom-chestnut-burgers/422145-762266-762267,PlantLiving: Frozen Mushroom & Chestnut Burgers,227g,£3.00,£1.33/100g,,Summer
538838,Belazu Judion White Butter Beans,G,false,776,https://ecom-su-static-prod.wtrecom.com/images/products/3/LN_538838_BP_3.jpg,https://www.waitrose.com/ecom/products/belazu-judion-white-butter-beans/538838-818490-818491,Belazu Judion White Butter Beans,360g,£2.75,£7.64/kg,,Summer
682577,Jude's Ice Cream For Dogs,G,false,777,https://ecom-su-static-prod.wtrecom.com/images/products/3/LN_682577_BP_3.jpg,https://www.waitrose.com/ecom/products/judes-ice-cream-for-dogs/682577-824387-824388,Jude's Ice Cream For Dogs,4x90ml,£5.00,£1.39/100ml,,Summer
561168,Schweppes Slimline Lemonade Can,G,true,778,https://ecom-su-static-prod.wtrecom.com/images/products/3/LN_561168_BP_3.jpg,https://www.waitrose.com/ecom/products/schweppes-slimline-lemonade-can/561168-79474-79475,Schweppes Slimline Lemonade Can,6x330ml,£2.50,12.6p/100ml,save £1.50. Was £4.00,Summer
852297,KP Dry Roasted Peanuts,G,false,779,https://ecom-su-static-prod.wtrecom.com/images/products/3/LN_852297_BP_3.jpg,https://www.waitrose.com/ecom/products/kp-dry-roasted-peanuts/852297-666776-666777,KP Dry Roasted Peanuts,415g,£4.50,£1.09/100g,,Summer
889533,THIS Isn't Pork Plant-Based Sausages,G,true,780,https://ecom-su-static-prod.wtrecom.com/images/products/3/LN_889533_BP_3.jpg,https://www.waitrose.com/ecom/products/this-isnt-pork-plant-based-sausages/889533-794622-794623,THIS Isn't Pork Plant-Based Sausages,270g,£2.88,£10.67/kg,20% Off. Was £3.60,Summer
806738,Guinness Draught Stout Beer Cans 12PK,G,false,781,https://ecom-su-static-prod.wtrecom.com/images/products/3/LN_806738_BP_3.jpg,https://www.waitrose.com/ecom/products/guinness-draught-stout-beer-cans-12pk/806738-804604-804605,Guinness Draught Stout Beer Cans 12PK,12x440ml,£17.50,£3.32/litre,,Summer
780789,Mary Berry's Light Salad Dressing,G,false,782,https://ecom-su-static-prod.wtrecom.com/images/products/3/LN_780789_BP_3.jpg,https://www.waitrose.com/ecom/products/mary-berrys-light-salad-dressing/780789-140578-140579,Mary Berry's Light Salad Dressing,235ml,£3.80,£1.62/100ml,,Summer
644162,Schär Gluten Free Brown Ciabatta Rolls,G,false,783,https://ecom-su-static-prod.wtrecom.com/images/products/3/LN_644162_BP_3.jpg,https://www.waitrose.com/ecom/products/schar-gluten-free-brown-ciabatta-rolls/644162-91445-91446,Schär Gluten Free Brown Ciabatta Rolls,4x50g,£2.50,£1.25/100g,,Summer
796156,"Charlie Bigham's Chicken, Ham & Leek Ceramic Pie",G,true,784,https://ecom-su-static-prod.wtrecom.com/images/products/3/LN_796156_BP_3.jpg,https://www.waitrose.com/ecom/products/charlie-bighams-chicken-ham-leek-ceramic-pie/796156-811015-811016,"Charlie Bigham's Chicken, Ham & Leek Ceramic Pie",300g,£6.00,£2/100g,Add 2 for £11,Summer
805435,Bundaberg Ginger Beer,G,false,785,https://ecom-su-static-prod.wtrecom.com/images/products/3/LN_805435_BP_3.jpg,https://www.waitrose.com/ecom/products/bundaberg-ginger-beer/805435-727687-727688,Bundaberg Ginger Beer,4x375ml,£6.80,45.3p/100ml,,Summer
884415,La Vie Plant-Based Smoked Bacon,G,false,786,https://ecom-su-static-prod.wtrecom.com/images/products/3/LN_884415_BP_3.jpg,https://www.waitrose.com/ecom/products/la-vie-plant-based-smoked-bacon/884415-788439-788440,La Vie Plant-Based Smoked Bacon,120g,£3.60,£30/kg,,Summer
850201,24 Smoked Salmon Blinis,E,false,787,https://ecom-su-static-prod.wtrecom.com/images/products/3/LN_850201_BP_3.jpg,https://www.waitrose.com/ecom/products/24-smoked-salmon-blinis/850201-149964-149964,24 Smoked Salmon Blinis,Typical weight 540g,£19.00,£3.52/100g,,Summer
726602,Heineken Premium Lager Beer Bottle 12PK,G,true,788,https://ecom-su-static-prod.wtrecom.com/images/products/3/LN_726602_BP_3.jpg,https://www.waitrose.com/ecom/products/heineken-premium-lager-beer-bottle-12pk/726602-815340-815341,Heineken Premium Lager Beer Bottle 12PK,12x330ml,£12.50,£3.16/litre,Add 2 for £20,Summer
786959,Little Moons Chocolate Hazelnut Mochi,G,false,789,https://ecom-su-static-prod.wtrecom.com/images/products/3/LN_786959_BP_3.jpg,https://www.waitrose.com/ecom/products/little-moons-chocolate-hazelnut-mochi/786959-777190-777191,Little Moons Chocolate Hazelnut Mochi,6x32g,£5.00,£2.61/100g,,Summer
832059,THIS Isn't Beef Plant-Based Burgers,G,false,790,https://ecom-su-static-prod.wtrecom.com/images/products/3/LN_832059_BP_3.jpg,https://www.waitrose.com/ecom/products/this-isnt-beef-plant-based-burgers/832059-794608-794609,THIS Isn't Beef Plant-Based Burgers,226g,£3.60,£15.93/kg,,Summer
884102,Boursin Lemon & Rosemary Soft French Cream Cheese,G,false,791,https://ecom-su-static-prod.wtrecom.com/images/products/3/LN_884102_BP_3.jpg,https://www.waitrose.com/ecom/products/boursin-lemon-rosemary-soft-french-cream-cheese/884102-823889-823890,Boursin Lemon & Rosemary Soft French Cream Cheese,150g,£2.75,£18.34/kg,,Summer
416479,Monterey Jack 1840 Sliced Cheese,G,false,792,https://ecom-su-static-prod.wtrecom.com/images/products/3/LN_416479_BP_3.jpg,https://www.waitrose.com/ecom/products/monterey-jack-1840-sliced-cheese/416479-697934-697935,Monterey Jack 1840 Sliced Cheese,160g,£2.75,£17.19/kg,,Summer
088165,J2O Apple & Raspberry Fruit Juice,G,false,793,https://ecom-su-static-prod.wtrecom.com/images/products/3/LN_088165_BP_3.jpg,https://www.waitrose.com/ecom/products/j2o-apple-raspberry-fruit-juice/088165-45141-45142,J2O Apple & Raspberry Fruit Juice,4x275ml,£4.75,43.2p/100ml,,Summer
850176,Parmentier Sardines in Oil and Chilli,G,false,794,https://ecom-su-static-prod.wtrecom.com/images/products/3/LN_850176_BP_3.jpg,https://www.waitrose.com/ecom/products/parmentier-sardines-in-oil-and-chilli/850176-288136-288137,Parmentier Sardines in Oil and Chilli,drained 95g,£2.00,£2.11/100g,,Summer
856864,Fuller's London Pride Amber Ale Multipack Bottle,G,true,795,https://ecom-su-static-prod.wtrecom.com/images/products/3/LN_856864_BP_3.jpg,https://www.waitrose.com/ecom/products/fullers-london-pride-amber-ale-multipack-bottle/856864-331929-331930,Fuller's London Pride Amber Ale Multipack Bottle,4x500ml,£6.45,£3.23/litre,save 55p. Was £7.00,Summer
619072,MOTH Espresso Martini,G,true,796,https://ecom-su-static-prod.wtrecom.com/images/products/3/LN_619072_BP_3.jpg,https://www.waitrose.com/ecom/products/moth-espresso-martini/619072-746567-746568,MOTH Espresso Martini,125ml,£3.99,£31.92/litre,Mix & Match Add 4 for 3 Cheapest Item Free,Summer
718389,Attis Cypriot Halloumi Sliced Cheese,G,true,797,https://ecom-su-static-prod.wtrecom.com/images/products/3/LN_718389_BP_3.jpg,https://www.waitrose.com/ecom/products/attis-cypriot-halloumi-sliced-cheese/718389-595196-595197,Attis Cypriot Halloumi Sliced Cheese,200g,£2.10,£10.50/kg,Save 1/3. Was £3.15,Summer
685255,"No.1 Soignon Goat's Cheese, Fig & Caramelised Shallot Quiche",G,true,798,https://ecom-su-static-prod.wtrecom.com/images/products/3/LN_685255_BP_3.jpg,https://www.waitrose.com/ecom/products/no1-soignon-goats-cheese-fig-caramelised-shallot-quiche/685255-827216-827217,"No.1 Soignon Goat's Cheese, Fig & Caramelised Shallot Quiche",2x144g,£4.00,,Introductory Offer.Will be £5.00,Summer
813502,33cm Coral Blue Pattern Napkin,G,true,799,https://ecom-su-static-prod.wtrecom.com/images/products/3/LN_813502_BP_3.jpg,https://www.waitrose.com/ecom/products/33cm-coral-blue-pattern-napkin/813502-822603-822604,33cm Coral Blue Pattern Napkin,20Sheet,£1.50,,25% Off. Was £2.00,Summer
034585,Cardini's Original Caesar Dressing,G,false,800,https://ecom-su-static-prod.wtrecom.com/images/products/3/LN_034585_BP_3.jpg,https://www.waitrose.com/ecom/products/cardinis-original-caesar-dressing/034585-17387-17388,Cardini's Original Caesar Dressing,350ml,£3.10,88.6p/100ml,,Summer
519709,Doritos Hot Salsa Sharing Dip,G,true,801,https://ecom-su-static-prod.wtrecom.com/images/products/3/LN_519709_BP_3.jpg,https://www.waitrose.com/ecom/products/doritos-hot-salsa-sharing-dip/519709-306834-306835,Doritos Hot Salsa Sharing Dip,300g,£1.75,58.3p/100g,save 75p. Was £2.50,Summer
852917,MOTH Mojito,G,true,802,https://ecom-su-static-prod.wtrecom.com/images/products/3/LN_852917_BP_3.jpg,https://www.waitrose.com/ecom/products/moth-mojito/852917-769280-769281,MOTH Mojito,200ml,£3.99,£19.95/litre,Mix & Match Add 4 for 3 Cheapest Item Free,Summer
824148,Jude's Cherries & Cream Ice Cream,G,false,803,https://ecom-su-static-prod.wtrecom.com/images/products/3/LN_824148_BP_3.jpg,https://www.waitrose.com/ecom/products/judes-cherries-cream-ice-cream/824148-824412-824413,Jude's Cherries & Cream Ice Cream,460ml,£5.00,£1.09/100ml,,Summer
491960,Magnum Chill Blueberry Cookie Vegan Ice Cream Sticks,G,true,804,https://ecom-su-static-prod.wtrecom.com/images/products/3/LN_491960_BP_3.jpg,https://www.waitrose.com/ecom/products/magnum-chill-blueberry-cookie-vegan-ice-cream-sticks/491960-824349-824350,Magnum Chill Blueberry Cookie Vegan Ice Cream Sticks,3x90ml,£4.20,£1.56/100ml,Add 2 for £6,Summer
746730,Waitrose New York Cheesecake with Raspberry & Passion Fruit,G,false,805,https://ecom-su-static-prod.wtrecom.com/images/products/3/LN_746730_BP_3.jpg,https://www.waitrose.com/ecom/products/waitrose-new-york-cheesecake-with-raspberry-passion-fruit/746730-601780-601781,Waitrose New York Cheesecake with Raspberry & Passion Fruit,528g,£5.75,£1.09/100g,,Summer
838787,Belvoir Elderflower & Rose Pressé,G,true,806,https://ecom-su-static-prod.wtrecom.com/images/products/3/LN_838787_BP_3.jpg,https://www.waitrose.com/ecom/products/belvoir-elderflower-rose-presse/838787-302213-302214,Belvoir Elderflower & Rose Pressé,750ml,£2.50,33.3p/100ml,save 90p. Was £3.40,Summer
447149,No.1 Wood-fired Chargrilled Vegetable & Pesto Sourdough Pizza,G,false,807,https://ecom-su-static-prod.wtrecom.com/images/products/3/LN_447149_BP_3.jpg,https://www.waitrose.com/ecom/products/no1-wood-fired-chargrilled-vegetable-pesto-sourdough-pizza/447149-813864-813865,No.1 Wood-fired Chargrilled Vegetable & Pesto Sourdough Pizza,260g,£3.85,£14.81/kg,,Summer
711235,Crosta & Mollica Grissini Classic,G,false,808,https://ecom-su-static-prod.wtrecom.com/images/products/3/LN_711235_BP_3.jpg,https://www.waitrose.com/ecom/products/crosta-mollica-grissini-classic/711235-101039-101040,Crosta & Mollica Grissini Classic,140g,£2.10,£1.50/100g,,Summer
429795,Crosta & Mollica Linguette Rosemary,G,false,809,https://ecom-su-static-prod.wtrecom.com/images/products/3/LN_429795_BP_3.jpg,https://www.waitrose.com/ecom/products/crosta-mollica-linguette-rosemary/429795-60461-60462,Crosta & Mollica Linguette Rosemary,150g,£2.50,£1.67/100g,,Summer
623629,Heinz Tomato & Basil Pasta Sauce,G,true,810,https://ecom-su-static-prod.wtrecom.com/images/products/3/LN_623629_BP_3.jpg,https://www.waitrose.com/ecom/products/heinz-tomato-basil-pasta-sauce/623629-802584-802585,Heinz Tomato & Basil Pasta Sauce,350g,£1.50,42.9p/100g,save £1.00. Was £2.50,Summer
816360,THIS Isn't Pork Caramelised Onion Sausages,G,false,811,https://ecom-su-static-prod.wtrecom.com/images/products/3/LN_816360_BP_3.jpg,https://www.waitrose.com/ecom/products/this-isnt-pork-caramelised-onion-sausages/816360-794606-794607,THIS Isn't Pork Caramelised Onion Sausages,270g,£3.55,£13.15/kg,,Summer
859886,Schweppes Slimline Bitter Lemon Tonic,G,false,812,https://ecom-su-static-prod.wtrecom.com/images/products/3/LN_859886_BP_3.jpg,https://www.waitrose.com/ecom/products/schweppes-slimline-bitter-lemon-tonic/859886-803262-803263,Schweppes Slimline Bitter Lemon Tonic,1litre,£1.80,18p/100ml,,Summer
031234,Waitrose Chive & Onion Twists,G,false,813,https://ecom-su-static-prod.wtrecom.com/images/products/3/LN_031234_BP_3.jpg,https://www.waitrose.com/ecom/products/waitrose-chive-onion-twists/031234-15237-15238,Waitrose Chive & Onion Twists,125g,£1.75,£1.40/100g,,Summer
695754,Violife Original Slices Vegan Cheese Alternative,G,false,814,https://ecom-su-static-prod.wtrecom.com/images/products/3/LN_695754_BP_3.jpg,https://www.waitrose.com/ecom/products/violife-original-slices-vegan-cheese-alternative/695754-421835-421836,Violife Original Slices Vegan Cheese Alternative,175g,£2.85,£16.29/kg,,Summer
538787,Häagen-Dazs Vanilla Ice Cream Minicups,G,true,815,https://ecom-su-static-prod.wtrecom.com/images/products/3/LN_538787_BP_3.jpg,https://www.waitrose.com/ecom/products/haagen-dazs-vanilla-ice-cream-minicups/538787-656986-656986,Häagen-Dazs Vanilla Ice Cream Minicups,4x95ml,£3.75,98.7p/100ml,save £1.90. Was £5.65,Summer
661417,Copella Cloudy Apple Juice,G,true,816,https://ecom-su-static-prod.wtrecom.com/images/products/3/LN_661417_BP_3.jpg,https://www.waitrose.com/ecom/products/copella-cloudy-apple-juice/661417-93898-93899,Copella Cloudy Apple Juice,900ml,£2.00,22.2p/100ml,save 65p. Was £2.65,Summer
585958,Stowford Press Apple Cider,G,false,817,https://ecom-su-static-prod.wtrecom.com/images/products/3/LN_585958_BP_3.jpg,https://www.waitrose.com/ecom/products/stowford-press-apple-cider/585958-723828-723829,Stowford Press Apple Cider,10x440ml,£9.25,£2.11/litre,,Summer
897350,Essential Raspberry Ripple Soft Ice Cream,G,false,818,https://ecom-su-static-prod.wtrecom.com/images/products/3/LN_897350_BP_3.jpg,https://www.waitrose.com/ecom/products/essential-raspberry-ripple-soft-ice-cream/897350-726078-726079,Essential Raspberry Ripple Soft Ice Cream,2litre,£2.20,11p/100ml,,Summer
753388,Waitrose Carrot & Coriander Soup,G,false,819,https://ecom-su-static-prod.wtrecom.com/images/products/3/LN_753388_BP_3.jpg,https://www.waitrose.com/ecom/products/waitrose-carrot-coriander-soup/753388-696606-696607,Waitrose Carrot & Coriander Soup,400g,£1.10,27.5p/100g,,Summer
396950,No.1 Castillo Perelada Cava Brut,W,true,820,https://ecom-su-static-prod.wtrecom.com/images/products/3/LN_396950_BP_3.jpg,https://www.waitrose.com/ecom/products/no1-castillo-perelada-cava-brut/396950-55791-55792,No.1 Castillo Perelada Cava Brut,75cl,£8.99,£8.99/75cl,save £3.00. Was £11.99,Summer
712311,Brazin Old Vine Zinfandel,W,false,821,https://ecom-su-static-prod.wtrecom.com/images/products/3/LN_712311_BP_3.jpg,https://www.waitrose.com/ecom/products/brazin-old-vine-zinfandel/712311-101235-101236,Brazin Old Vine Zinfandel,75cl,£17.99,£17.99/75cl,,Summer
766349,San Pellegrino Grapefruit,G,true,822,https://ecom-su-static-prod.wtrecom.com/images/products/3/LN_766349_BP_3.jpg,https://www.waitrose.com/ecom/products/san-pellegrino-grapefruit/766349-284543-284544,San Pellegrino Grapefruit,6x330ml,£4.00,20.2p/100ml,save 95p. Was £4.95,Summer
628564,Lazy Day Gluten Free & Vegan Dark Chocolate Tiffin,G,false,823,https://ecom-su-static-prod.wtrecom.com/images/products/3/LN_628564_BP_3.jpg,https://www.waitrose.com/ecom/products/lazy-day-gluten-free-vegan-dark-chocolate-tiffin/628564-89230-89231,Lazy Day Gluten Free & Vegan Dark Chocolate Tiffin,150g,£2.65,£1.77/100g,,Summer
435050,Rowntree's Fruit Stack Ice Lollies,G,true,824,https://ecom-su-static-prod.wtrecom.com/images/products/3/LN_435050_BP_3.jpg,https://www.waitrose.com/ecom/products/rowntrees-fruit-stack-ice-lollies/435050-824337-824338,Rowntree's Fruit Stack Ice Lollies,4x70ml,£2.65,94.6p/100ml,Add 2 for £4,Summer
041634,Swedish Glace Dairy Free Raspberry Ice Cream Tub,G,false,825,https://ecom-su-static-prod.wtrecom.com/images/products/3/LN_041634_BP_3.jpg,https://www.waitrose.com/ecom/products/swedish-glace-dairy-free-raspberry-ice-cream-tub/041634-20626-20627,Swedish Glace Dairy Free Raspberry Ice Cream Tub,750ml,£3.15,42p/100ml,,Summer
744156,Corona Extra,G,true,826,https://ecom-su-static-prod.wtrecom.com/images/products/3/LN_744156_BP_3.jpg,https://www.waitrose.com/ecom/products/corona-extra/744156-727577-727578,Corona Extra,18x330ml,£17.00,£2.87/litre,save £3.00. Was £20.00,Summer
431429,Southern Shore Sauvignon Blanc,W,false,827,https://ecom-su-static-prod.wtrecom.com/images/products/3/LN_431429_BP_3.jpg,https://www.waitrose.com/ecom/products/southern-shore-sauvignon-blanc/431429-759892-759893,Southern Shore Sauvignon Blanc,2.25L,£21.49,£7.17/75cl,,Summer
042167,Alpro Vanilla Dairy Free Vegan Soya Dessert,G,false,828,https://ecom-su-static-prod.wtrecom.com/images/products/3/LN_042167_BP_3.jpg,https://www.waitrose.com/ecom/products/alpro-vanilla-dairy-free-vegan-soya-dessert/042167-20884-20885,Alpro Vanilla Dairy Free Vegan Soya Dessert,4x125g,£2.10,42p/100g,,Summer
771384,Henry Westons Vintage Cider,G,false,829,https://ecom-su-static-prod.wtrecom.com/images/products/3/LN_771384_BP_3.jpg,https://www.waitrose.com/ecom/products/henry-westons-vintage-cider/771384-387972-387973,Henry Westons Vintage Cider,6x500ml,£11.50,£3.84/litre,,Summer
584524,Booja-Booja Vegan Choc Salted Caramel Ice Cream,G,false,830,https://ecom-su-static-prod.wtrecom.com/images/products/3/LN_584524_BP_3.jpg,https://www.waitrose.com/ecom/products/booja-booja-vegan-choc-salted-caramel-ice-cream/584524-801898-801899,Booja-Booja Vegan Choc Salted Caramel Ice Cream,465ml,£5.75,£1.24/100ml,,Summer
792823,Birra Moretti Premium Lager Beer Can 6PK,G,true,831,https://ecom-su-static-prod.wtrecom.com/images/products/3/LN_792823_BP_3.jpg,https://www.waitrose.com/ecom/products/birra-moretti-premium-lager-beer-can-6pk/792823-663058-663059,Birra Moretti Premium Lager Beer Can 6PK,6x330ml,£6.50,£3.29/litre,save £1.50. Was £8.00,Summer
870805,Cruzcampo Sevilla Lager Beer Can 10PK,G,false,832,https://ecom-su-static-prod.wtrecom.com/images/products/3/LN_870805_BP_3.jpg,https://www.waitrose.com/ecom/products/cruzcampo-sevilla-lager-beer-can-10pk/870805-822301-822302,Cruzcampo Sevilla Lager Beer Can 10PK,10x440ml,£12.50,£2.85/litre,,Summer
557070,Manomasa Pineapple & Habanero Chilli,G,false,833,https://ecom-su-static-prod.wtrecom.com/images/products/3/LN_557070_BP_3.jpg,https://www.waitrose.com/ecom/products/manomasa-pineapple-habanero-chilli/557070-803867-803868,Manomasa Pineapple & Habanero Chilli,140g,£2.30,£1.65/100g,,Summer
765856,MOTH Pina Colada,G,true,834,https://ecom-su-static-prod.wtrecom.com/images/products/3/LN_765856_BP_3.jpg,https://www.waitrose.com/ecom/products/moth-pina-colada/765856-791195-791196,MOTH Pina Colada,200ml,£3.99,£19.95/litre,Mix & Match Add 4 for 3 Cheapest Item Free,Summer
802277,Belazu Beldi Preserved Lemons,G,false,835,https://ecom-su-static-prod.wtrecom.com/images/products/3/LN_802277_BP_3.jpg,https://www.waitrose.com/ecom/products/belazu-beldi-preserved-lemons/802277-281003-281004,Belazu Beldi Preserved Lemons,360g,£3.25,£1.63/100g,,Summer
494695,Plants By Deliciously Ella Green Basil Vegan Pesto With Tofu,G,true,836,https://ecom-su-static-prod.wtrecom.com/images/products/3/LN_494695_BP_3.jpg,https://www.waitrose.com/ecom/products/plants-by-deliciously-ella-green-basil-vegan-pesto-with-tofu/494695-802533-802534,Plants By Deliciously Ella Green Basil Vegan Pesto With Tofu,180g,£2.40,£1.34/100g,20% Off. Was £3.00,Summer
585194,Waitrose Mango & Strawberry,G,false,837,https://ecom-su-static-prod.wtrecom.com/images/products/3/LN_585194_BP_3.jpg,https://www.waitrose.com/ecom/products/waitrose-mango-strawberry/585194-698036-698037,Waitrose Mango & Strawberry,225g,£3.50,£1.56/100g,,Summer
527068,Guuud Greek Style Yoghurt Ice Cream Passion Fruit,G,false,838,https://ecom-su-static-prod.wtrecom.com/images/products/3/LN_527068_BP_3.jpg,https://www.waitrose.com/ecom/products/guuud-greek-style-yoghurt-ice-cream-passion-fruit/527068-824361-824362,Guuud Greek Style Yoghurt Ice Cream Passion Fruit,210ml,£3.00,£1.43/100ml,,Summer
034504,Heinz Salad Cream Original,G,false,839,https://ecom-su-static-prod.wtrecom.com/images/products/3/LN_034504_BP_3.jpg,https://www.waitrose.com/ecom/products/heinz-salad-cream-original/034504-17331-17332,Heinz Salad Cream Original,285g,£2.30,80.7p/100g,,Summer
418794,Belazu Tahini,G,false,840,https://ecom-su-static-prod.wtrecom.com/images/products/3/LN_418794_BP_3.jpg,https://www.waitrose.com/ecom/products/belazu-tahini/418794-702433-702434,Belazu Tahini,500g,£6.95,£1.39/100g,,Summer
576608,Booja-Booja Vegan Caramel Pecan Ice Cream,G,false,841,https://ecom-su-static-prod.wtrecom.com/images/products/3/LN_576608_BP_3.jpg,https://www.waitrose.com/ecom/products/booja-booja-vegan-caramel-pecan-ice-cream/576608-801888-801889,Booja-Booja Vegan Caramel Pecan Ice Cream,465ml,£5.75,£1.24/100ml,,Summer
829841,Gordon's Special Dry London Gin and Slimline Tonic Can,G,true,842,https://ecom-su-static-prod.wtrecom.com/images/products/3/LN_829841_BP_3.jpg,https://www.waitrose.com/ecom/products/gordons-special-dry-london-gin-and-slimline-tonic-can/829841-175414-175415,Gordon's Special Dry London Gin and Slimline Tonic Can,250ml,£2.30,£9.20/litre,Mix & Match Add 4 for 3 Cheapest Item Free,Summer
660036,40cm White Napkins,G,false,843,https://ecom-su-static-prod.wtrecom.com/images/products/3/LN_660036_BP_3.jpg,https://www.waitrose.com/ecom/products/40cm-white-napkins/660036-308472-308473,40cm White Napkins,1,£3.00,25p each,,Summer
452902,Magnum Salted Caramel Ice Cream Sticks,G,true,844,https://ecom-su-static-prod.wtrecom.com/images/products/3/LN_452902_BP_3.jpg,https://www.waitrose.com/ecom/products/magnum-salted-caramel-ice-cream-sticks/452902-806659-806660,Magnum Salted Caramel Ice Cream Sticks,3x100ml,£3.50,£1.17/100ml,Add 2 for £5,Summer
599225,Birds Eye 2 Gluten Free Southern Chicken,G,false,845,https://ecom-su-static-prod.wtrecom.com/images/products/3/LN_599225_BP_3.jpg,https://www.waitrose.com/ecom/products/birds-eye-2-gluten-free-southern-chicken/599225-699430-699431,Birds Eye 2 Gluten Free Southern Chicken,180g,£2.90,£16.12/kg,,Summer
891466,Cauldron 6 Cumberland Vegetarian Sausages,G,false,846,https://ecom-su-static-prod.wtrecom.com/images/products/3/LN_891466_BP_3.jpg,https://www.waitrose.com/ecom/products/cauldron-6-cumberland-vegetarian-sausages/891466-804378-804379,Cauldron 6 Cumberland Vegetarian Sausages,276g,£2.90,£10.51/kg,,Summer
800521,Pip Organic Rainbow Fruity Lollies,G,true,847,https://ecom-su-static-prod.wtrecom.com/images/products/3/LN_800521_BP_3.jpg,https://www.waitrose.com/ecom/products/pip-organic-rainbow-fruity-lollies/800521-688696-688697,Pip Organic Rainbow Fruity Lollies,6x40ml,£3.20,£1.34/100ml,20% Off. Was £4.00,Summer
733213,Waitrose Free From Gluten Seeded Rolls,G,false,848,https://ecom-su-static-prod.wtrecom.com/images/products/3/LN_733213_BP_3.jpg,https://www.waitrose.com/ecom/products/waitrose-free-from-gluten-seeded-rolls/733213-678321-678322,Waitrose Free From Gluten Seeded Rolls,4s,£3.00,75p each,,Summer
547020,Malibu Coconut Rum & Pineapple Pre-Mixed Can,G,true,849,https://ecom-su-static-prod.wtrecom.com/images/products/3/LN_547020_BP_3.jpg,https://www.waitrose.com/ecom/products/malibu-coconut-rum-pineapple-pre-mixed-can/547020-361731-361732,Malibu Coconut Rum & Pineapple Pre-Mixed Can,250ml,£2.30,£9.20/litre,Mix & Match Add 4 for 3 Cheapest Item Free,Summer
066141,Duchy Organic British Beef Rump Steak,G,false,850,https://ecom-su-static-prod.wtrecom.com/images/products/3/LN_066141_BP_3.jpg,https://www.waitrose.com/ecom/products/duchy-organic-british-beef-rump-steak/066141-33502-33503,Duchy Organic British Beef Rump Steak,Typical weight 0.22kg,£6.69 each est.,£30.00/kg,,Summer
629660,33cm Seashell Pattern Napkins,G,true,851,https://ecom-su-static-prod.wtrecom.com/images/products/3/LN_629660_BP_3.jpg,https://www.waitrose.com/ecom/products/33cm-seashell-pattern-napkins/629660-822581-822582,33cm Seashell Pattern Napkins,20Sheet,£1.50,,25% Off. Was £2.00,Summer
468352,Crosta & Mollica Pistachio & Almond Tartufi,G,false,852,https://ecom-su-static-prod.wtrecom.com/images/products/3/LN_468352_BP_3.jpg,https://www.waitrose.com/ecom/products/crosta-mollica-pistachio-almond-tartufi/468352-767540-767541,Crosta & Mollica Pistachio & Almond Tartufi,208g,£5.00,£2.41/100g,,Summer
730328,Higgidy Mediterranean Pepper & Feta Quiche,G,false,853,https://ecom-su-static-prod.wtrecom.com/images/products/3/LN_730328_BP_3.jpg,https://www.waitrose.com/ecom/products/higgidy-mediterranean-pepper-feta-quiche/730328-779957-779958,Higgidy Mediterranean Pepper & Feta Quiche,400g,£4.85,£1.22/100g,,Summer
834380,Higgidy Ham Hock & Cheddar Sausage Rolls,G,true,854,https://ecom-su-static-prod.wtrecom.com/images/products/3/LN_834380_BP_3.jpg,https://www.waitrose.com/ecom/products/higgidy-ham-hock-cheddar-sausage-rolls/834380-758942-758943,Higgidy Ham Hock & Cheddar Sausage Rolls,160g,£2.50,£1.57/100g,save 95p. Was £3.45,Summer
585763,Ferrero Rocher Classic Ice Cream,G,false,855,https://ecom-su-static-prod.wtrecom.com/images/products/3/LN_585763_BP_3.jpg,https://www.waitrose.com/ecom/products/ferrero-rocher-classic-ice-cream/585763-824369-824370,Ferrero Rocher Classic Ice Cream,4x70ml,£4.75,£1.70/100ml,,Summer
406991,Waitrose All Butter Kalamata Olive Twists,G,false,856,https://ecom-su-static-prod.wtrecom.com/images/products/3/LN_406991_BP_3.jpg,https://www.waitrose.com/ecom/products/waitrose-all-butter-kalamata-olive-twists/406991-57255-57256,Waitrose All Butter Kalamata Olive Twists,125g,£2.25,£1.80/100g,,Summer
499319,Waitrose Free From Gluten Soft White Rolls,G,false,857,https://ecom-su-static-prod.wtrecom.com/images/products/3/LN_499319_BP_3.jpg,https://www.waitrose.com/ecom/products/waitrose-free-from-gluten-soft-white-rolls/499319-677903-677904,Waitrose Free From Gluten Soft White Rolls,4s,£3.00,75p each,,Summer
063005,Baileys Original Irish Cream Liqueur,G,false,858,https://ecom-su-static-prod.wtrecom.com/images/products/3/LN_063005_BP_3.jpg,https://www.waitrose.com/ecom/products/baileys-original-irish-cream-liqueur/063005-31987-31988,Baileys Original Irish Cream Liqueur,700ml,£17.00,£24.29/litre,,Summer
083801,Waitrose Blanc De Noirs Brut Champagne,W,true,859,https://ecom-su-static-prod.wtrecom.com/images/products/3/LN_083801_BP_3.jpg,https://www.waitrose.com/ecom/products/waitrose-blanc-de-noirs-brut-champagne/083801-42538-42539,Waitrose Blanc De Noirs Brut Champagne,75cl,£24.99,£24.99/75cl,save £3.00. Was £27.99,Summer
658605,Richmond 8 Vegan Meat Free Smoked Bacon Rashers,G,true,860,https://ecom-su-static-prod.wtrecom.com/images/products/3/LN_658605_BP_3.jpg,https://www.waitrose.com/ecom/products/richmond-8-vegan-meat-free-smoked-bacon-rashers/658605-757391-757392,Richmond 8 Vegan Meat Free Smoked Bacon Rashers,120g,£1.80,£15/kg,25% Off. Was £2.40,Summer
600421,McGuigan Family Release Chardonnay,W,true,861,https://ecom-su-static-prod.wtrecom.com/images/products/3/LN_600421_BP_3.jpg,https://www.waitrose.com/ecom/products/mcguigan-family-release-chardonnay/600421-492025-492026,McGuigan Family Release Chardonnay,75cl,£6.99,£6.99/75cl,save £3.00. Was £9.99,Summer
878789,Mutti Peeled Tomatoes,G,true,862,https://ecom-su-static-prod.wtrecom.com/images/products/3/LN_878789_BP_3.jpg,https://www.waitrose.com/ecom/products/mutti-peeled-tomatoes/878789-805847-805848,Mutti Peeled Tomatoes,4x400g,£4.00,25p/100g,save £1.35. Was £5.35,Summer
824473,Maree d'ione Organic Nero di Troia,W,true,863,https://ecom-su-static-prod.wtrecom.com/images/products/3/LN_824473_BP_3.jpg,https://www.waitrose.com/ecom/products/maree-dione-organic-nero-di-troia/824473-585691-585692,Maree d'ione Organic Nero di Troia,75cl,£7.99,£7.99/75cl,save £2.00. Was £9.99,Summer
710294,Häagen-Dazs Chocolate Drizzle Gelato Ice Cream,G,true,864,https://ecom-su-static-prod.wtrecom.com/images/products/3/LN_710294_BP_3.jpg,https://www.waitrose.com/ecom/products/haagen-dazs-chocolate-drizzle-gelato-ice-cream/710294-741913-741914,Häagen-Dazs Chocolate Drizzle Gelato Ice Cream,4x95ml,£3.75,98.7p/100ml,save £1.90. Was £5.65,Summer
772894,Volvic Touch of Summer Fruits Sugar Free Flavoured Water,G,false,865,https://ecom-su-static-prod.wtrecom.com/images/products/3/LN_772894_BP_3.jpg,https://www.waitrose.com/ecom/products/volvic-touch-of-summer-fruits-sugar-free-flavoured-water/772894-815367-815368,Volvic Touch of Summer Fruits Sugar Free Flavoured Water,1.5litre,£1.45,9.7p/100ml,,Summer
081315,Paul Mas Viognier Sauvignon Blanc,W,false,866,https://ecom-su-static-prod.wtrecom.com/images/products/3/LN_081315_BP_3.jpg,https://www.waitrose.com/ecom/products/paul-mas-viognier-sauvignon-blanc/081315-41355-41356,Paul Mas Viognier Sauvignon Blanc,75cl,£9.99,£9.99/75cl,,Summer
772878,Plants By Deliciously Ella Veggie Herby Bites,G,false,867,https://ecom-su-static-prod.wtrecom.com/images/products/3/LN_772878_BP_3.jpg,https://www.waitrose.com/ecom/products/plants-by-deliciously-ella-veggie-herby-bites/772878-804346-804347,Plants By Deliciously Ella Veggie Herby Bites,171g,£2.70,£15.79/kg,,Summer
897838,Waitrose Banoffee Pie Ice Cream,G,false,868,https://ecom-su-static-prod.wtrecom.com/images/products/3/LN_897838_BP_3.jpg,https://www.waitrose.com/ecom/products/waitrose-banoffee-pie-ice-cream/897838-753224-753225,Waitrose Banoffee Pie Ice Cream,500ml,£3.40,68p/100ml,,Summer
401061,Magnum Mini Classic Almond White,G,false,869,https://ecom-su-static-prod.wtrecom.com/images/products/3/LN_401061_BP_3.jpg,https://www.waitrose.com/ecom/products/magnum-mini-classic-almond-white/401061-824332-824332,Magnum Mini Classic Almond White,10x55ml,£6.50,£1.19/100ml,,Summer
667028,Waitrose Cooked Garlic And Lemon Chicken Breast Fillets,G,false,870,https://ecom-su-static-prod.wtrecom.com/images/products/3/LN_667028_BP_3.jpg,https://www.waitrose.com/ecom/products/waitrose-cooked-garlic-and-lemon-chicken-breast-fillets/667028-724891-724892,Waitrose Cooked Garlic And Lemon Chicken Breast Fillets,Typical weight 0.22kg,£5.67 each est.,£25.77/kg,,Summer
034562,Newman's Own Italian Dressing,G,false,871,https://ecom-su-static-prod.wtrecom.com/images/products/3/LN_034562_BP_3.jpg,https://www.waitrose.com/ecom/products/newmans-own-italian-dressing/034562-17369-17370,Newman's Own Italian Dressing,250ml,£2.30,92p/100ml,,Summer
576887,Mrs Crimble's Gluten Free 6 Classic Madeleines,G,false,872,https://ecom-su-static-prod.wtrecom.com/images/products/3/LN_576887_BP_3.jpg,https://www.waitrose.com/ecom/products/mrs-crimbles-gluten-free-6-classic-madeleines/576887-600668-600669,Mrs Crimble's Gluten Free 6 Classic Madeleines,6s,£2.95,£1.64/100g,,Summer
539516,Waitrose Chicken Thai Green Curry Soup,G,false,873,https://ecom-su-static-prod.wtrecom.com/images/products/3/LN_539516_BP_3.jpg,https://www.waitrose.com/ecom/products/waitrose-chicken-thai-green-curry-soup/539516-810526-810527,Waitrose Chicken Thai Green Curry Soup,600g,£3.00,50p/100g,,Summer
810047,Essential French Style Dressing,G,false,874,https://ecom-su-static-prod.wtrecom.com/images/products/3/LN_810047_BP_3.jpg,https://www.waitrose.com/ecom/products/essential-french-style-dressing/810047-826772-826773,Essential French Style Dressing,250ml,£1.10,44p/100ml,,Summer
618555,Castello Tickler Extra Mature Cheddar Cheese,G,true,875,https://ecom-su-static-prod.wtrecom.com/images/products/3/LN_618555_BP_3.jpg,https://www.waitrose.com/ecom/products/castello-tickler-extra-mature-cheddar-cheese/618555-87784-87785,Castello Tickler Extra Mature Cheddar Cheese,300g,£3.56,£11.87/kg,25% Off. Was £4.75,Summer
507964,Bottlegreen Rose & Elderflower Cordial,G,true,876,https://ecom-su-static-prod.wtrecom.com/images/products/3/LN_507964_BP_3.jpg,https://www.waitrose.com/ecom/products/bottlegreen-rose-elderflower-cordial/507964-824774-824775,Bottlegreen Rose & Elderflower Cordial,500ml,£4.45,89p/100ml,Exclusive to Waitrose. Was £4.45,Summer
733036,Mary Berry's Classic Salad Dressing,G,false,877,https://ecom-su-static-prod.wtrecom.com/images/products/3/LN_733036_BP_3.jpg,https://www.waitrose.com/ecom/products/mary-berrys-classic-salad-dressing/733036-804490-804491,Mary Berry's Classic Salad Dressing,235ml,£3.80,£1.62/100ml,,Summer
428026,Crosta & Mollica Gelato Cherry,G,true,878,https://ecom-su-static-prod.wtrecom.com/images/products/3/LN_428026_BP_3.jpg,https://www.waitrose.com/ecom/products/crosta-mollica-gelato-cherry/428026-782757-782758,Crosta & Mollica Gelato Cherry,450ml,£4.60,£1.03/100ml,20% Off. Was £5.75,Summer
705475,BFree Gluten Free Stone Baked Pitta,G,false,879,https://ecom-su-static-prod.wtrecom.com/images/products/3/LN_705475_BP_3.jpg,https://www.waitrose.com/ecom/products/bfree-gluten-free-stone-baked-pitta/705475-499408-499409,BFree Gluten Free Stone Baked Pitta,4x55g,£2.90,£1.32/100g,,Summer
097820,Peppadew Sweet Mild Whole Piquanté Peppers,G,false,880,https://ecom-su-static-prod.wtrecom.com/images/products/3/LN_097820_BP_3.jpg,https://www.waitrose.com/ecom/products/peppadew-sweet-mild-whole-piquante-peppers/097820-49911-49912,Peppadew Sweet Mild Whole Piquanté Peppers,drained 140g,£3.40,£2.43/100g,,Summer
816086,Waitrose Home cream napkins 33cm,G,false,881,https://ecom-su-static-prod.wtrecom.com/images/products/3/LN_816086_BP_3.jpg,https://www.waitrose.com/ecom/products/waitrose-home-cream-napkins-33cm/816086-309148-309149,Waitrose Home cream napkins 33cm,20s,£2.00,10p each,,Summer
660094,Twister Berry-licious Fruit Ice Lollies,G,true,882,https://ecom-su-static-prod.wtrecom.com/images/products/3/LN_660094_BP_3.jpg,https://www.waitrose.com/ecom/products/twister-berry-licious-fruit-ice-lollies/660094-824383-824384,Twister Berry-licious Fruit Ice Lollies,4x70ml,£2.75,98.2p/100ml,Add 2 for £4,Summer
642844,Müller Rice Vanilla Custard Low Fat Pudding,G,false,883,https://ecom-su-static-prod.wtrecom.com/images/products/3/LN_642844_BP_3.jpg,https://www.waitrose.com/ecom/products/muller-rice-vanilla-custard-low-fat-pudding/642844-91281-91282,Müller Rice Vanilla Custard Low Fat Pudding,170g,95p,55.9p/100g,,Summer
434104,Freee Organic Gluten Free Brown Rice Fusilli 500g,G,false,884,https://ecom-su-static-prod.wtrecom.com/images/products/3/LN_434104_BP_3.jpg,https://www.waitrose.com/ecom/products/freee-organic-gluten-free-brown-rice-fusilli-500g/434104-791019-791020,Freee Organic Gluten Free Brown Rice Fusilli 500g,500g,£2.95,59p/100g,,Summer
775220,No.1 Cheese Selection,E,false,885,https://ecom-su-static-prod.wtrecom.com/images/products/3/LN_775220_BP_3.jpg,https://www.waitrose.com/ecom/products/no1-cheese-selection/775220-696707-696707,No.1 Cheese Selection,Typical weight 870g,£30.00,,,Summer
459318,Schär Gluten Free White Ciabatta Rolls,G,false,886,https://ecom-su-static-prod.wtrecom.com/images/products/3/LN_459318_BP_3.jpg,https://www.waitrose.com/ecom/products/schar-gluten-free-white-ciabatta-rolls/459318-64735-64736,Schär Gluten Free White Ciabatta Rolls,4x50g,£2.50,£1.25/100g,,Summer
846036,Camden Pale Ale,G,false,887,https://ecom-su-static-prod.wtrecom.com/images/products/3/LN_846036_BP_3.jpg,https://www.waitrose.com/ecom/products/camden-pale-ale/846036-728568-728569,Camden Pale Ale,4x330ml,£6.75,£5.12/litre,,Summer
435982,Birra Moretti Premium Lager Beer Bottle 4PK,G,false,888,https://ecom-su-static-prod.wtrecom.com/images/products/3/LN_435982_BP_3.jpg,https://www.waitrose.com/ecom/products/birra-moretti-premium-lager-beer-bottle-4pk/435982-627516-627517,Birra Moretti Premium Lager Beer Bottle 4PK,4x330ml,£7.00,£5.31/litre,,Summer
416685,Crosta & Mollica Puttanesca Pasta Sauce,G,false,889,https://ecom-su-static-prod.wtrecom.com/images/products/3/LN_416685_BP_3.jpg,https://www.waitrose.com/ecom/products/crosta-mollica-puttanesca-pasta-sauce/416685-784788-784789,Crosta & Mollica Puttanesca Pasta Sauce,340g,£3.00,88.2p/100g,,Summer
805649,Sacla' Vegan Basil Pesto,G,false,890,https://ecom-su-static-prod.wtrecom.com/images/products/3/LN_805649_BP_3.jpg,https://www.waitrose.com/ecom/products/sacla-vegan-basil-pesto/805649-368262-368263,Sacla' Vegan Basil Pesto,190g,£3.35,£1.77/100g,,Summer
438237,Peroni Nastro Azzurro Gluten Free Beer Lager Bottles,G,true,891,https://ecom-su-static-prod.wtrecom.com/images/products/3/LN_438237_BP_3.jpg,https://www.waitrose.com/ecom/products/peroni-nastro-azzurro-gluten-free-beer-lager-bottles/438237-585435-585436,Peroni Nastro Azzurro Gluten Free Beer Lager Bottles,4x330ml,£6.00,£4.55/litre,save £1.50. Was £7.50,Summer
604336,No.1 Salted Caramel & Chocolate Tart,E,false,892,https://ecom-su-static-prod.wtrecom.com/images/products/3/LN_604336_BP_3.jpg,https://www.waitrose.com/ecom/products/no1-salted-caramel-chocolate-tart/604336-502747-502748,No.1 Salted Caramel & Chocolate Tart,Typical weight 945g,£12.50,£12.50 each,,Summer
883730,Shloer Summer Punch,G,true,893,https://ecom-su-static-prod.wtrecom.com/images/products/3/LN_883730_BP_3.jpg,https://www.waitrose.com/ecom/products/shloer-summer-punch/883730-820157-820158,Shloer Summer Punch,750ml,£2.75,36.7p/100ml,Add 2 for £3.50,Summer
452819,KP Snack Packs Original Salted Peanuts,G,false,894,https://ecom-su-static-prod.wtrecom.com/images/products/3/LN_452819_BP_3.jpg,https://www.waitrose.com/ecom/products/kp-snack-packs-original-salted-peanuts/452819-778930-778931,KP Snack Packs Original Salted Peanuts,5x30g,£3.40,£2.27/100g,,Summer
045941,Tanqueray No. TEN Ultra-Premium Gin,G,false,895,https://ecom-su-static-prod.wtrecom.com/images/products/3/LN_045941_BP_3.jpg,https://www.waitrose.com/ecom/products/tanqueray-no-ten-ultra-premium-gin/045941-22621-22622,Tanqueray No. TEN Ultra-Premium Gin,70cl,£37.50,£53.58/litre,,Summer
446953,Guinness Nitrosurge Stout Beer Cans 4PK,G,false,896,https://ecom-su-static-prod.wtrecom.com/images/products/3/LN_446953_BP_3.jpg,https://www.waitrose.com/ecom/products/guinness-nitrosurge-stout-beer-cans-4pk/446953-807558-807559,Guinness Nitrosurge Stout Beer Cans 4PK,4x558ml,£8.25,£3.70/litre,,Summer
496814,Copella Apple & Elderflower Fruit Juice,G,true,897,https://ecom-su-static-prod.wtrecom.com/images/products/3/LN_496814_BP_3.jpg,https://www.waitrose.com/ecom/products/copella-apple-elderflower-fruit-juice/496814-70206-70207,Copella Apple & Elderflower Fruit Juice,900ml,£2.00,22.2p/100ml,save 65p. Was £2.65,Summer
013532,Torres Viña Sol,W,false,898,https://ecom-su-static-prod.wtrecom.com/images/products/3/LN_013532_BP_3.jpg,https://www.waitrose.com/ecom/products/torres-vina-sol/013532-6587-6588,Torres Viña Sol,75cl,£7.99,£7.99/75cl,,Summer
020798,"Rustenberg John X Merriman, Stellenbosch South Africa",W,false,899,https://ecom-su-static-prod.wtrecom.com/images/products/3/LN_020798_BP_3.jpg,https://www.waitrose.com/ecom/products/rustenberg-john-x-merriman-stellenbosch-south-africa/020798-10119-10120,"Rustenberg John X Merriman, Stellenbosch South Africa",75cl,£17.99,£17.99/75cl,,Summer
488432,Belvoir Cucumber & Mint Pressé,G,true,900,https://ecom-su-static-prod.wtrecom.com/images/products/3/LN_488432_BP_3.jpg,https://www.waitrose.com/ecom/products/belvoir-cucumber-mint-presse/488432-511784-511785,Belvoir Cucumber & Mint Pressé,750ml,£2.50,33.3p/100ml,save 90p. Was £3.40,Summer
569485,"Waitrose Apple, Mango, Strawberries & Blueberries",G,true,901,https://ecom-su-static-prod.wtrecom.com/images/products/3/LN_569485_BP_3.jpg,https://www.waitrose.com/ecom/products/waitrose-apple-mango-strawberries-blueberries/569485-804236-804237,"Waitrose Apple, Mango, Strawberries & Blueberries",400g,£3.80,95p/100g,20% Off. Was £4.75,Summer
016520,Lavazza Espresso Italiano Ground Coffee,G,true,902,https://ecom-su-static-prod.wtrecom.com/images/products/3/LN_016520_BP_3.jpg,https://www.waitrose.com/ecom/products/lavazza-espresso-italiano-ground-coffee/016520-7925-7926,Lavazza Espresso Italiano Ground Coffee,250g,£3.75,£1.50/100g,save 75p. Was £4.50,Summer
821249,Terre di Vita Organic Pinot Grigio Terre Siciliane IGP,W,true,903,https://ecom-su-static-prod.wtrecom.com/images/products/3/LN_821249_BP_3.jpg,https://www.waitrose.com/ecom/products/terre-di-vita-organic-pinot-grigio-terre-siciliane-igp/821249-700894-700895,Terre di Vita Organic Pinot Grigio Terre Siciliane IGP,75cl,£7.49,£7.49/75cl,save £2.50. Was £9.99,Summer
854108,Waitrose Freefrom Cypriot Lactose Free Halloumi Cheese Strength 1,G,false,904,https://ecom-su-static-prod.wtrecom.com/images/products/3/LN_854108_BP_3.jpg,https://www.waitrose.com/ecom/products/waitrose-freefrom-cypriot-lactose-free-halloumi-cheese-strength-1/854108-681448-681449,Waitrose Freefrom Cypriot Lactose Free Halloumi Cheese Strength 1,250g,£3.00,£12/kg,,Summer
749394,Waitrose 2 British Pork & Black Garlic Burgers,G,false,905,https://ecom-su-static-prod.wtrecom.com/images/products/3/LN_749394_BP_3.jpg,https://www.waitrose.com/ecom/products/waitrose-2-british-pork-black-garlic-burgers/749394-805659-805660,Waitrose 2 British Pork & Black Garlic Burgers,340g,£4.00,£11.77/kg,,Summer
468430,Easy to Cook Pork and Chorizo Burgers,G,true,906,https://ecom-su-static-prod.wtrecom.com/images/products/3/LN_468430_BP_3.jpg,https://www.waitrose.com/ecom/products/easy-to-cook-pork-and-chorizo-burgers/468430-740825-740826,Easy to Cook Pork and Chorizo Burgers,280g,£5.00,£17.86/kg,Add 3 for £12,Summer
832093,No.1 Watercress Tzatziki,G,true,907,https://ecom-su-static-prod.wtrecom.com/images/products/3/LN_832093_BP_3.jpg,https://www.waitrose.com/ecom/products/no1-watercress-tzatziki/832093-827230-827231,No.1 Watercress Tzatziki,170g,£2.28,£1.35/100g,Introductory Offer.Will be £2.85,Summer
416617,No.1 Basque Cheesecake,G,false,908,https://ecom-su-static-prod.wtrecom.com/images/products/3/LN_416617_BP_3.jpg,https://www.waitrose.com/ecom/products/no1-basque-cheesecake/416617-767361-767362,No.1 Basque Cheesecake,430g,£6.50,£1.52/100g,,Summer
091852,Plymouth The Original Strength English Gin,G,true,909,https://ecom-su-static-prod.wtrecom.com/images/products/3/LN_091852_BP_3.jpg,https://www.waitrose.com/ecom/products/plymouth-the-original-strength-english-gin/091852-47298-47299,Plymouth The Original Strength English Gin,70cl,£21.00,£30/litre,save £8.50. Was £29.50,Summer
084120,Big K Real Lumpwood Barbecue Charcoal,G,false,910,https://ecom-su-static-prod.wtrecom.com/images/products/3/LN_084120_BP_3.jpg,https://www.waitrose.com/ecom/products/big-k-real-lumpwood-barbecue-charcoal/084120-42729-42730,Big K Real Lumpwood Barbecue Charcoal,5kg,£9.50,£1.90/kg,,Summer
457205,Levantine Table Pomegranate & Lime Pressé,G,true,911,https://ecom-su-static-prod.wtrecom.com/images/products/3/LN_457205_BP_3.jpg,https://www.waitrose.com/ecom/products/levantine-table-pomegranate-lime-presse/457205-755813-755814,Levantine Table Pomegranate & Lime Pressé,750ml,£1.90,25.3p/100ml,save 75p. Was £2.65,Summer
763794,Belvoir Elderflower & Rose Cordial,G,true,912,https://ecom-su-static-prod.wtrecom.com/images/products/3/LN_763794_BP_3.jpg,https://www.waitrose.com/ecom/products/belvoir-elderflower-rose-cordial/763794-457200-457201,Belvoir Elderflower & Rose Cordial,500ml,£3.25,65p/100ml,save 95p. Was £4.20,Summer
496443,No.1 Truffle Houmous,G,true,913,https://ecom-su-static-prod.wtrecom.com/images/products/3/LN_496443_BP_3.jpg,https://www.waitrose.com/ecom/products/no1-truffle-houmous/496443-827192-827193,No.1 Truffle Houmous,170g,£2.28,£1.35/100g,Introductory Offer.Will be £2.85,Summer
709850,Crosta & Mollica Choc Hazelnut Tartufi Gelato,G,false,914,https://ecom-su-static-prod.wtrecom.com/images/products/3/LN_709850_BP_3.jpg,https://www.waitrose.com/ecom/products/crosta-mollica-choc-hazelnut-tartufi-gelato/709850-767647-767648,Crosta & Mollica Choc Hazelnut Tartufi Gelato,208g,£5.00,£2.41/100g,,Summer
430557,Bakery Delights Gluten Free Belgian Chocolate Wafers,G,false,915,https://ecom-su-static-prod.wtrecom.com/images/products/3/LN_430557_BP_3.jpg,https://www.waitrose.com/ecom/products/bakery-delights-gluten-free-belgian-chocolate-wafers/430557-60575-60576,Bakery Delights Gluten Free Belgian Chocolate Wafers,107g,£2.95,£2.76/100g,,Summer
875776,Walkers Sensations Sea Salt & Black Pepper,G,true,916,https://ecom-su-static-prod.wtrecom.com/images/products/3/LN_875776_BP_3.jpg,https://www.waitrose.com/ecom/products/walkers-sensations-sea-salt-black-pepper/875776-821605-821606,Walkers Sensations Sea Salt & Black Pepper,150g,£1.50,£1/100g,save £1.00. Was £2.50,Summer
064705,Noilly Prat Original Dry French Vermouth,W,true,917,https://ecom-su-static-prod.wtrecom.com/images/products/3/LN_064705_BP_3.jpg,https://www.waitrose.com/ecom/products/noilly-prat-original-dry-french-vermouth/064705-32836-32837,Noilly Prat Original Dry French Vermouth,75cl,£11.50,£11.50/75cl,save £2.00. Was £13.50,Summer
728458,Walkers Sensations Mature Cheddar & Chilli Chutney,G,true,918,https://ecom-su-static-prod.wtrecom.com/images/products/3/LN_728458_BP_3.jpg,https://www.waitrose.com/ecom/products/walkers-sensations-mature-cheddar-chilli-chutney/728458-821599-821600,Walkers Sensations Mature Cheddar & Chilli Chutney,150g,£1.50,£1/100g,save £1.00. Was £2.50,Summer
596854,Fragata Stoneless Manzanilla Olives Filled with Anchovy,G,false,919,https://ecom-su-static-prod.wtrecom.com/images/products/3/LN_596854_BP_3.jpg,https://www.waitrose.com/ecom/products/fragata-stoneless-manzanilla-olives-filled-with-anchovy/596854-156981-156982,Fragata Stoneless Manzanilla Olives Filled with Anchovy,drained 150g,£2.35,£1.57/100g,,Summer
418029,Little Moons Iced Latte Coffee,G,false,920,https://ecom-su-static-prod.wtrecom.com/images/products/3/LN_418029_BP_3.jpg,https://www.waitrose.com/ecom/products/little-moons-iced-latte-coffee/418029-801730-801731,Little Moons Iced Latte Coffee,192g,£5.00,£2.61/100g,,Summer
090818,Walls Soft Scoop Vanilla Light Ice Cream Dessert,G,false,921,https://ecom-su-static-prod.wtrecom.com/images/products/3/LN_090818_BP_3.jpg,https://www.waitrose.com/ecom/products/walls-soft-scoop-vanilla-light-ice-cream-dessert/090818-46779-46780,Walls Soft Scoop Vanilla Light Ice Cream Dessert,1.8L,£3.00,16.7p/100ml,,Summer
716726,Ben & Jerry's Dulce De-lish Sundae Caramel Ice Cream Tub,G,false,922,https://ecom-su-static-prod.wtrecom.com/images/products/3/LN_716726_BP_3.jpg,https://www.waitrose.com/ecom/products/ben-jerrys-dulce-de-lish-sundae-caramel-ice-cream-tub/716726-802026-802027,Ben & Jerry's Dulce De-lish Sundae Caramel Ice Cream Tub,427ml,£5.80,£1.36/100ml,,Summer
701605,Gordon's Alcohol Free Spirit with Distilled Botanicals,G,false,923,https://ecom-su-static-prod.wtrecom.com/images/products/3/LN_701605_BP_3.jpg,https://www.waitrose.com/ecom/products/gordons-alcohol-free-spirit-with-distilled-botanicals/701605-746523-746524,Gordon's Alcohol Free Spirit with Distilled Botanicals,70cl,£15.00,£21.43/litre,,Summer
651376,Asahi Super Dry Lager Multipack Bottle,G,true,924,https://ecom-su-static-prod.wtrecom.com/images/products/3/LN_651376_BP_3.jpg,https://www.waitrose.com/ecom/products/asahi-super-dry-lager-multipack-bottle/651376-692620-692621,Asahi Super Dry Lager Multipack Bottle,12x330ml,£14.00,£3.54/litre,save £4.00. Was £18.00,Summer
657631,BFree Gluten Free Wholegrain Pitta Breads,G,false,925,https://ecom-su-static-prod.wtrecom.com/images/products/3/LN_657631_BP_3.jpg,https://www.waitrose.com/ecom/products/bfree-gluten-free-wholegrain-pitta-breads/657631-695118-695119,BFree Gluten Free Wholegrain Pitta Breads,4x55g,£2.90,£1.32/100g,,Summer
691180,24CL Duni Stripes Multi Paper Cups,G,true,926,https://ecom-su-static-prod.wtrecom.com/images/products/3/LN_691180_BP_3.jpg,https://www.waitrose.com/ecom/products/24cl-duni-stripes-multi-paper-cups/691180-822641-822642,24CL Duni Stripes Multi Paper Cups,10Each,£1.87,18.7p each,25% Off. Was £2.50,Summer
814220,Poached & Smoked Dressed Salmon Side,E,false,927,https://ecom-su-static-prod.wtrecom.com/images/products/3/LN_814220_BP_3.jpg,https://www.waitrose.com/ecom/products/poached-smoked-dressed-salmon-side/814220-303909-303910,Poached & Smoked Dressed Salmon Side,Typical weight 1.1kg,£54.00,£4.91/100g,,Summer
700772,Crosta & Mollica Arrabbiata Pasta Sauce,G,false,928,https://ecom-su-static-prod.wtrecom.com/images/products/3/LN_700772_BP_3.jpg,https://www.waitrose.com/ecom/products/crosta-mollica-arrabbiata-pasta-sauce/700772-783220-783221,Crosta & Mollica Arrabbiata Pasta Sauce,340g,£3.00,88.2p/100g,,Summer
463771,NEW SUNFLOWER 33CM,G,true,929,https://ecom-su-static-prod.wtrecom.com/images/products/3/LN_463771_BP_3.jpg,https://www.waitrose.com/ecom/products/new-sunflower-33cm/463771-817393-817394,NEW SUNFLOWER 33CM,20s,£1.50,7.5p each,25% Off. Was £2.00,Summer
451124,Crosta & Mollica Tagliatelle Pasta,G,false,930,https://ecom-su-static-prod.wtrecom.com/images/products/3/LN_451124_BP_3.jpg,https://www.waitrose.com/ecom/products/crosta-mollica-tagliatelle-pasta/451124-784816-784817,Crosta & Mollica Tagliatelle Pasta,500g,£3.00,£6/kg,,Summer
721787,New York Cheesecake,E,false,931,https://ecom-su-static-prod.wtrecom.com/images/products/3/LN_721787_BP_3.jpg,https://www.waitrose.com/ecom/products/new-york-cheesecake/721787-133202-133203,New York Cheesecake,Typical weight 1kg,£12.50,£1.25/100g,,Summer
456079,Foster's Lager Beer Can 10PK,G,true,932,https://ecom-su-static-prod.wtrecom.com/images/products/3/LN_456079_BP_3.jpg,https://www.waitrose.com/ecom/products/fosters-lager-beer-can-10pk/456079-64238-64239,Foster's Lager Beer Can 10PK,10x440ml,£12.00,£2.73/litre,Add 2 for £18,Summer
527376,Waitrose Balsamic Dressing,G,false,933,https://ecom-su-static-prod.wtrecom.com/images/products/3/LN_527376_BP_3.jpg,https://www.waitrose.com/ecom/products/waitrose-balsamic-dressing/527376-74550-74551,Waitrose Balsamic Dressing,235ml,£2.20,93.6p/100ml,,Summer
560896,Camden Hells Lager,G,false,934,https://ecom-su-static-prod.wtrecom.com/images/products/3/LN_560896_BP_3.jpg,https://www.waitrose.com/ecom/products/camden-hells-lager/560896-801870-801871,Camden Hells Lager,4x330ml,£6.75,£5.12/litre,,Summer
554420,John Lewis Bamboo Skewers 25cm,G,false,935,https://ecom-su-static-prod.wtrecom.com/images/products/3/LN_554420_BP_3.jpg,https://www.waitrose.com/ecom/products/john-lewis-bamboo-skewers-25cm/554420-680099-680100,John Lewis Bamboo Skewers 25cm,each,£3.00,£3 each,,Summer
721019,Mixed Fruit Salad,E,false,936,https://ecom-su-static-prod.wtrecom.com/images/products/3/LN_721019_BP_3.jpg,https://www.waitrose.com/ecom/products/mixed-fruit-salad/721019-498036-498037,Mixed Fruit Salad,1kg,£13.00,£1.30/100g,,Summer
420945,Plants By Deliciously Ella Black Bean & Sweet Potato Burger,G,false,937,https://ecom-su-static-prod.wtrecom.com/images/products/3/LN_420945_BP_3.jpg,https://www.waitrose.com/ecom/products/plants-by-deliciously-ella-black-bean-sweet-potato-burger/420945-810876-810877,Plants By Deliciously Ella Black Bean & Sweet Potato Burger,200g,£3.50,£1.75/100g,,Summer
839403,Waitrose Free From Gluten Sandwich Thins,G,false,938,https://ecom-su-static-prod.wtrecom.com/images/products/3/LN_839403_BP_3.jpg,https://www.waitrose.com/ecom/products/waitrose-free-from-gluten-sandwich-thins/839403-678535-678536,Waitrose Free From Gluten Sandwich Thins,4s,£2.50,62.5p each,,Summer
064011,Gonzalez Byass Tio Pepe Palomino Fino,W,true,939,https://ecom-su-static-prod.wtrecom.com/images/products/3/LN_064011_BP_3.jpg,https://www.waitrose.com/ecom/products/gonzalez-byass-tio-pepe-palomino-fino/064011-32497-32498,Gonzalez Byass Tio Pepe Palomino Fino,75cl,£13.49,£13.49/75cl,Buyers Choice,Summer
857539,KIND Gluten Free Peanut Butter Dark Chocolate Bars,G,true,940,https://ecom-su-static-prod.wtrecom.com/images/products/3/LN_857539_BP_3.jpg,https://www.waitrose.com/ecom/products/kind-gluten-free-peanut-butter-dark-chocolate-bars/857539-728582-728583,KIND Gluten Free Peanut Butter Dark Chocolate Bars,3x30g,£2.00,£2.23/100g,save £1.15. Was £3.15,Summer
751769,No.1 British Free Range Orange Marmalade Roast Ham,G,true,941,https://ecom-su-static-prod.wtrecom.com/images/products/3/LN_751769_BP_3.jpg,https://www.waitrose.com/ecom/products/no1-british-free-range-orange-marmalade-roast-ham/751769-827224-827225,No.1 British Free Range Orange Marmalade Roast Ham,100g,£3.20,£3.20/100g,Introductory Offer.Will be £4.00,Summer
771164,Castello Pizza Cheese Mozzarella Cubes,G,false,942,https://ecom-su-static-prod.wtrecom.com/images/products/3/LN_771164_BP_3.jpg,https://www.waitrose.com/ecom/products/castello-pizza-cheese-mozzarella-cubes/771164-823162-823163,Castello Pizza Cheese Mozzarella Cubes,180g,£2.50,£13.89/kg,,Summer
765703,Bonne Maman Lemon Crème dessert,G,false,943,https://ecom-su-static-prod.wtrecom.com/images/products/3/LN_765703_BP_3.jpg,https://www.waitrose.com/ecom/products/bonne-maman-lemon-creme-dessert/765703-825221-825222,Bonne Maman Lemon Crème dessert,180g,£2.30,£1.28/100g,,Summer
536860,Tanqueray Gin & Tonic,G,true,944,https://ecom-su-static-prod.wtrecom.com/images/products/3/LN_536860_BP_3.jpg,https://www.waitrose.com/ecom/products/tanqueray-gin-tonic/536860-755887-755888,Tanqueray Gin & Tonic,250ml,£2.50,£10/litre,Mix & Match Add 4 for 3 Cheapest Item Free,Summer
628472,Magnum Almond Ice Cream Sticks,G,true,945,https://ecom-su-static-prod.wtrecom.com/images/products/3/LN_628472_BP_3.jpg,https://www.waitrose.com/ecom/products/magnum-almond-ice-cream-sticks/628472-823404-823405,Magnum Almond Ice Cream Sticks,3x100ml,£3.50,£1.17/100ml,Add 2 for £5,Summer
861142,Fragata Olives with Piquillo Peppers,G,false,946,https://ecom-su-static-prod.wtrecom.com/images/products/3/LN_861142_BP_3.jpg,https://www.waitrose.com/ecom/products/fragata-olives-with-piquillo-peppers/861142-658855-658856,Fragata Olives with Piquillo Peppers,drained 150g,£2.35,£1.57/100g,,Summer
820901,Remeo Malfy Gin Spritz Lollies,G,false,947,https://ecom-su-static-prod.wtrecom.com/images/products/3/LN_820901_BP_3.jpg,https://www.waitrose.com/ecom/products/remeo-malfy-gin-spritz-lollies/820901-824410-824411,Remeo Malfy Gin Spritz Lollies,210ml,£5.00,,,Summer
450573,Mrs Crimble's Gluten Free Cheese Crackers,G,false,948,https://ecom-su-static-prod.wtrecom.com/images/products/3/LN_450573_BP_3.jpg,https://www.waitrose.com/ecom/products/mrs-crimbles-gluten-free-cheese-crackers/450573-63490-63491,Mrs Crimble's Gluten Free Cheese Crackers,130g,£1.90,£1.47/100g,,Summer
663590,Belvoir Raspberry Lemonade,G,true,949,https://ecom-su-static-prod.wtrecom.com/images/products/3/LN_663590_BP_3.jpg,https://www.waitrose.com/ecom/products/belvoir-raspberry-lemonade/663590-94208-94209,Belvoir Raspberry Lemonade,750ml,£2.50,33.3p/100ml,save 90p. Was £3.40,Summer
589241,Fever-Tree Summer Garden Tonic Water,G,false,950,https://ecom-su-static-prod.wtrecom.com/images/products/3/LN_589241_BP_3.jpg,https://www.waitrose.com/ecom/products/fever-tree-summer-garden-tonic-water/589241-820610-820611,Fever-Tree Summer Garden Tonic Water,500ml,£2.10,42p/100ml,,Summer
560356,Strong Roots Frozen Kale & Quinoa Burgers,G,false,951,https://ecom-su-static-prod.wtrecom.com/images/products/3/LN_560356_BP_3.jpg,https://www.waitrose.com/ecom/products/strong-roots-frozen-kale-quinoa-burgers/560356-575568-575569,Strong Roots Frozen Kale & Quinoa Burgers,300g,£3.45,£11.50/kg,,Summer
003283,Ben & Jerry's Phish Food Chocolate Ice Cream Tub,G,true,952,https://ecom-su-static-prod.wtrecom.com/images/products/3/LN_003283_BP_3.jpg,https://www.waitrose.com/ecom/products/ben-jerrys-phish-food-chocolate-ice-cream-tub/003283-1251-1252,Ben & Jerry's Phish Food Chocolate Ice Cream Tub,465ml,£3.75,80.6p/100ml,Save £1.75. Was £5.50,Summer
469912,Starbucks Caffe Latte Iced Coffee Large,G,true,953,https://ecom-su-static-prod.wtrecom.com/images/products/3/LN_469912_BP_3.jpg,https://www.waitrose.com/ecom/products/starbucks-caffe-latte-iced-coffee-large/469912-810890-810891,Starbucks Caffe Latte Iced Coffee Large,750ml,£2.50,£3.34/litre,save £1.45. Was £3.95,Summer
875656,Miracle-Gro Peat Free All Purpose Compost,G,true,954,https://ecom-su-static-prod.wtrecom.com/images/products/3/LN_875656_BP_3.jpg,https://www.waitrose.com/ecom/products/miracle-gro-peat-free-all-purpose-compost/875656-723108-723109,Miracle-Gro Peat Free All Purpose Compost,40litre,£8.00,20p/litre,Add 2 for £14,Summer
735730,Costa Coffee Latte Iced Coffee Can,G,true,955,https://ecom-su-static-prod.wtrecom.com/images/products/3/LN_735730_BP_3.jpg,https://www.waitrose.com/ecom/products/costa-coffee-latte-iced-coffee-can/735730-778656-778657,Costa Coffee Latte Iced Coffee Can,250ml,£2.00,£8/litre,"£5 Food to Go Meal Deal: Add 1 Main, 1 Snack and 1 Drink",Summer
558786,Waitrose Baking Camembert Cheese with Red Onion Relish,G,false,956,https://ecom-su-static-prod.wtrecom.com/images/products/3/LN_558786_BP_3.jpg,https://www.waitrose.com/ecom/products/waitrose-baking-camembert-cheese-with-red-onion-relish/558786-595136-595137,Waitrose Baking Camembert Cheese with Red Onion Relish,290g,£4.00,£13.80/kg,,Summer
760118,Stella Artois Premium Lager Beer Cans Extra Large Pack,G,false,957,https://ecom-su-static-prod.wtrecom.com/images/products/3/LN_760118_BP_3.jpg,https://www.waitrose.com/ecom/products/stella-artois-premium-lager-beer-cans-extra-large-pack/760118-743953-743954,Stella Artois Premium Lager Beer Cans Extra Large Pack,18x440ml,£20.00,£2.53/litre,,Summer
520078,Plants By Deliciously Ella Spinach Fusilli,G,true,958,https://ecom-su-static-prod.wtrecom.com/images/products/3/LN_520078_BP_3.jpg,https://www.waitrose.com/ecom/products/plants-by-deliciously-ella-spinach-fusilli/520078-802549-802550,Plants By Deliciously Ella Spinach Fusilli,250g,£2.00,£8/kg,20% Off. Was £2.50,Summer
731965,Gallo Risotto Arborio Rice,G,false,959,https://ecom-su-static-prod.wtrecom.com/images/products/3/LN_731965_BP_3.jpg,https://www.waitrose.com/ecom/products/gallo-risotto-arborio-rice/731965-723994-723995,Gallo Risotto Arborio Rice,500g,£3.00,£6/kg,,Summer
431505,Cadbury Flake 99 Ice Cream Tub,G,true,960,https://ecom-su-static-prod.wtrecom.com/images/products/3/LN_431505_BP_3.jpg,https://www.waitrose.com/ecom/products/cadbury-flake-99-ice-cream-tub/431505-824335-824336,Cadbury Flake 99 Ice Cream Tub,480ml,£3.65,76p/100ml,Add 2 for £5,Summer
719556,Waitrose Rainbow Salad Bowl,G,false,961,https://ecom-su-static-prod.wtrecom.com/images/products/3/LN_719556_BP_3.jpg,https://www.waitrose.com/ecom/products/waitrose-rainbow-salad-bowl/719556-791179-791180,Waitrose Rainbow Salad Bowl,265g,£3.80,£14.34/kg,,Summer
686204,Edinburgh Gin Rhubarb & Ginger Gin Liqueur,G,true,962,https://ecom-su-static-prod.wtrecom.com/images/products/3/LN_686204_BP_3.jpg,https://www.waitrose.com/ecom/products/edinburgh-gin-rhubarb-ginger-gin-liqueur/686204-728372-728373,Edinburgh Gin Rhubarb & Ginger Gin Liqueur,250ml,£2.30,£9.20/litre,Mix & Match Add 4 for 3 Cheapest Item Free,Summer
653850,Pollen + Grace Mezze Grain Bowl,G,true,963,https://ecom-su-static-prod.wtrecom.com/images/products/3/LN_653850_BP_3.jpg,https://www.waitrose.com/ecom/products/pollen-grace-mezze-grain-bowl/653850-809014-809015,Pollen + Grace Mezze Grain Bowl,275g,£4.45,£1.62/100g,"£5 Food to Go Meal Deal: Add 1 Main, 1 Snack and 1 Drink",Summer
822537,Levantine Table Houmous with Roasted Butternut Squash & Red Pepper,G,false,964,https://ecom-su-static-prod.wtrecom.com/images/products/3/LN_822537_BP_3.jpg,https://www.waitrose.com/ecom/products/levantine-table-houmous-with-roasted-butternut-squash-red-pepper/822537-755687-755688,Levantine Table Houmous with Roasted Butternut Squash & Red Pepper,200g,£2.85,£1.43/100g,,Summer
594969,GREEN CHECK GINGHAM NAPKIN 33CM,G,true,965,https://ecom-su-static-prod.wtrecom.com/images/products/3/LN_594969_BP_3.jpg,https://www.waitrose.com/ecom/products/green-check-gingham-napkin-33cm/594969-817407-817408,GREEN CHECK GINGHAM NAPKIN 33CM,20s,£1.50,7.5p each,25% Off. Was £2.00,Summer
461208,Eat Real Hummus Chips Sea Salt,G,false,966,https://ecom-su-static-prod.wtrecom.com/images/products/3/LN_461208_BP_3.jpg,https://www.waitrose.com/ecom/products/eat-real-hummus-chips-sea-salt/461208-818337-818338,Eat Real Hummus Chips Sea Salt,110g,£2.10,£1.91/100g,,Summer
697002,Lorina Pink Citrus Raspberry,G,false,967,https://ecom-su-static-prod.wtrecom.com/images/products/3/LN_697002_BP_3.jpg,https://www.waitrose.com/ecom/products/lorina-pink-citrus-raspberry/697002-343300-343301,Lorina Pink Citrus Raspberry,750ml,£3.40,45.3p/100ml,,Summer
848416,Plants By Deliciously Ella Mediterranean Sundried Red Tomato Vegan Pesto,G,true,968,https://ecom-su-static-prod.wtrecom.com/images/products/3/LN_848416_BP_3.jpg,https://www.waitrose.com/ecom/products/plants-by-deliciously-ella-mediterranean-sundried-red-tomato-vegan-pesto/848416-802646-802647,Plants By Deliciously Ella Mediterranean Sundried Red Tomato Vegan Pesto,180g,£2.40,£1.34/100g,20% Off. Was £3.00,Summer
695269,Häagen-Dazs Dulce De Leche Ice Cream,G,false,969,https://ecom-su-static-prod.wtrecom.com/images/products/3/LN_695269_BP_3.jpg,https://www.waitrose.com/ecom/products/haagen-dazs-dulce-de-leche-ice-cream/695269-824393-824394,Häagen-Dazs Dulce De Leche Ice Cream,460ml,£5.60,£1.22/100ml,,Summer
669708,"Plants By Deliciously Ella Pea, Chickpea & Spinach Burger",G,false,970,https://ecom-su-static-prod.wtrecom.com/images/products/3/LN_669708_BP_3.jpg,https://www.waitrose.com/ecom/products/plants-by-deliciously-ella-pea-chickpea-spinach-burger/669708-810947-810948,"Plants By Deliciously Ella Pea, Chickpea & Spinach Burger",220g,£3.50,£15.91/kg,,Summer
489958,Waitrose 2 New York Lemon Cheesecake Slices,G,false,971,https://ecom-su-static-prod.wtrecom.com/images/products/3/LN_489958_BP_3.jpg,https://www.waitrose.com/ecom/products/waitrose-2-new-york-lemon-cheesecake-slices/489958-757191-757192,Waitrose 2 New York Lemon Cheesecake Slices,194g,£3.75,£1.94/100g,,Summer
501162,Martini Rosso Vermouth Aperitivo,W,false,972,https://ecom-su-static-prod.wtrecom.com/images/products/3/LN_501162_BP_3.jpg,https://www.waitrose.com/ecom/products/martini-rosso-vermouth-aperitivo/501162-694347-694348,Martini Rosso Vermouth Aperitivo,75cl,£12.50,£12.50/75cl,,Summer
446355,Häagen-Dazs Mango & Raspberry Ice Cream,G,false,973,https://ecom-su-static-prod.wtrecom.com/images/products/3/LN_446355_BP_3.jpg,https://www.waitrose.com/ecom/products/haagen-dazs-mango-raspberry-ice-cream/446355-824343-824344,Häagen-Dazs Mango & Raspberry Ice Cream,460ml,£5.60,£1.22/100ml,,Summer
916593,Deliciously Ella Lemon & Poppy Seed Oat Bars,G,false,974,https://ecom-su-static-prod.wtrecom.com/images/products/3/LN_916593_BP_3.jpg,https://www.waitrose.com/ecom/products/deliciously-ella-lemon-poppy-seed-oat-bars/916593-826798-826799,Deliciously Ella Lemon & Poppy Seed Oat Bars,3x50g,£2.80,£1.87/100g,,Summer
378793,Pizza Express Caesar Dressing,G,false,975,https://ecom-su-static-prod.wtrecom.com/images/products/3/LN_378793_BP_3.jpg,https://www.waitrose.com/ecom/products/pizza-express-caesar-dressing/378793-53318-53319,Pizza Express Caesar Dressing,235ml,£2.65,£1.13/100ml,,Summer
078744,Belazu 1.34 Balsamic Vinegar of Modena,G,false,976,https://ecom-su-static-prod.wtrecom.com/images/products/3/LN_078744_BP_3.jpg,https://www.waitrose.com/ecom/products/belazu-134-balsamic-vinegar-of-modena/078744-40089-40090,Belazu 1.34 Balsamic Vinegar of Modena,250ml,£15.25,£6.10/100ml,,Summer
821826,WR MULTI BIRDS 33CM 20PK,G,true,977,https://ecom-su-static-prod.wtrecom.com/images/products/3/LN_821826_BP_3.jpg,https://www.waitrose.com/ecom/products/wr-multi-birds-33cm-20pk/821826-817431-817432,WR MULTI BIRDS 33CM 20PK,20s,£1.50,,25% Off. Was £2.00,Summer
715202,Mrs Crimble's Gluten Free Big Coconut Macaroons,G,false,978,https://ecom-su-static-prod.wtrecom.com/images/products/3/LN_715202_BP_3.jpg,https://www.waitrose.com/ecom/products/mrs-crimbles-gluten-free-big-coconut-macaroons/715202-769533-769534,Mrs Crimble's Gluten Free Big Coconut Macaroons,6s,£1.60,,,Summer
063302,Bacardi Carta Blanca Superior White Rum,G,true,979,https://ecom-su-static-prod.wtrecom.com/images/products/3/LN_063302_BP_3.jpg,https://www.waitrose.com/ecom/products/bacardi-carta-blanca-superior-white-rum/063302-32157-32158,Bacardi Carta Blanca Superior White Rum,70cl,£15.00,£21.43/litre,save £3.50. Was £18.50,Summer
809546,MOTH French 75 Cocktail,G,true,980,https://ecom-su-static-prod.wtrecom.com/images/products/3/LN_809546_BP_3.jpg,https://www.waitrose.com/ecom/products/moth-french-75-cocktail/809546-791219-791220,MOTH French 75 Cocktail,200ml,£3.99,£19.95/litre,Mix & Match Add 4 for 3 Cheapest Item Free,Summer
732853,Cathedral City Plant Based Sliced Dairy Free Cheese,G,true,981,https://ecom-su-static-prod.wtrecom.com/images/products/3/LN_732853_BP_3.jpg,https://www.waitrose.com/ecom/products/cathedral-city-plant-based-sliced-dairy-free-cheese/732853-803366-803367,Cathedral City Plant Based Sliced Dairy Free Cheese,150g,£2.00,£13.34/kg,save 40p. Was £2.40,Summer
067078,Waitrose Cheese & Shallot Croutons,G,false,982,https://ecom-su-static-prod.wtrecom.com/images/products/3/LN_067078_BP_3.jpg,https://www.waitrose.com/ecom/products/waitrose-cheese-shallot-croutons/067078-33972-33973,Waitrose Cheese & Shallot Croutons,100g,£1.20,£1.20/100g,,Summer
420264,"Easy to Cook Pork Shoulder with Honey, Garlic & Rosemary",G,false,983,https://ecom-su-static-prod.wtrecom.com/images/products/3/LN_420264_BP_3.jpg,https://www.waitrose.com/ecom/products/easy-to-cook-pork-shoulder-with-honey-garlic-rosemary/420264-59136-59137,"Easy to Cook Pork Shoulder with Honey, Garlic & Rosemary",500g,£6.50,£13/kg,,Summer
484779,Belazu Black Olive Tapenade,G,false,984,https://ecom-su-static-prod.wtrecom.com/images/products/3/LN_484779_BP_3.jpg,https://www.waitrose.com/ecom/products/belazu-black-olive-tapenade/484779-662552-662553,Belazu Black Olive Tapenade,170g,£3.80,£2.24/100g,,Summer
837529,Château de Berne Cuvée Or Provence Rosé,W,false,985,https://ecom-su-static-prod.wtrecom.com/images/products/3/LN_837529_BP_3.jpg,https://www.waitrose.com/ecom/products/chateau-de-berne-cuvee-or-provence-rose/837529-506312-506313,Château de Berne Cuvée Or Provence Rosé,75cl,£16.99,£16.99/75cl,,Summer
833059,Cointreau Orange Liqueur Triple Sec,G,true,986,https://ecom-su-static-prod.wtrecom.com/images/products/3/LN_833059_BP_3.jpg,https://www.waitrose.com/ecom/products/cointreau-orange-liqueur-triple-sec/833059-153493-153494,Cointreau Orange Liqueur Triple Sec,50cl,£15.00,£30/litre,save £4.00. Was £19.00,Summer
849455,No.1 Speciality Blueberries,G,true,987,https://ecom-su-static-prod.wtrecom.com/images/products/3/LN_849455_BP_3.jpg,https://www.waitrose.com/ecom/products/no1-speciality-blueberries/849455-756464-756465,No.1 Speciality Blueberries,225g,£3.80,£16.89/kg,Add 2 for £6,Summer
505380,Unearthed Spanish Red Pepper Omelette,G,true,988,https://ecom-su-static-prod.wtrecom.com/images/products/3/LN_505380_BP_3.jpg,https://www.waitrose.com/ecom/products/unearthed-spanish-red-pepper-omelette/505380-693492-693493,Unearthed Spanish Red Pepper Omelette,250g,£2.40,96p/100g,25% Off. Was £3.20,Summer
772810,Ben & Jerry's & Tony's Non-Dairy Chocolatey Love A-Fair,G,false,989,https://ecom-su-static-prod.wtrecom.com/images/products/3/LN_772810_BP_3.jpg,https://www.waitrose.com/ecom/products/ben-jerrys-tonys-non-dairy-chocolatey-love-a-fair/772810-823416-823417,Ben & Jerry's & Tony's Non-Dairy Chocolatey Love A-Fair,465ml,£5.80,£1.25/100ml,,Summer
860565,Levantine Table Lemon & Mint Pressé,G,true,990,https://ecom-su-static-prod.wtrecom.com/images/products/3/LN_860565_BP_3.jpg,https://www.waitrose.com/ecom/products/levantine-table-lemon-mint-presse/860565-756201-756202,Levantine Table Lemon & Mint Pressé,750ml,£1.90,25.3p/100ml,save 75p. Was £2.65,Summer
631131,Tanqueray Flor De Sevilla Gin,G,false,991,https://ecom-su-static-prod.wtrecom.com/images/products/3/LN_631131_BP_3.jpg,https://www.waitrose.com/ecom/products/tanqueray-flor-de-sevilla-gin/631131-665506-665507,Tanqueray Flor De Sevilla Gin,70cl,£28.50,£40.72/litre,,Summer
843278,Swantex Wooden Cutlery Set,G,false,992,https://ecom-su-static-prod.wtrecom.com/images/products/3/LN_843278_BP_3.jpg,https://www.waitrose.com/ecom/products/swantex-wooden-cutlery-set/843278-714656-714657,Swantex Wooden Cutlery Set,24s,£3.00,12.5p each,,Summer
096512,Carte D'Or Light Vanilla Ice Cream Tub Dessert,G,false,993,https://ecom-su-static-prod.wtrecom.com/images/products/3/LN_096512_BP_3.jpg,https://www.waitrose.com/ecom/products/carte-dor-light-vanilla-ice-cream-tub-dessert/096512-49366-49367,Carte D'Or Light Vanilla Ice Cream Tub Dessert,900ml,£3.95,43.9p/100ml,,Summer
699639,BFree Gluten Free Tiger Rolls,G,true,994,https://ecom-su-static-prod.wtrecom.com/images/products/3/LN_699639_BP_3.jpg,https://www.waitrose.com/ecom/products/bfree-gluten-free-tiger-rolls/699639-791167-791168,BFree Gluten Free Tiger Rolls,240g,£2.50,£1.05/100g,save 90p. Was £3.40,Summer
542264,Belvoir Raspberry & Lemon Cordial,G,true,995,https://ecom-su-static-prod.wtrecom.com/images/products/3/LN_542264_BP_3.jpg,https://www.waitrose.com/ecom/products/belvoir-raspberry-lemon-cordial/542264-633416-633417,Belvoir Raspberry & Lemon Cordial,500ml,£3.25,65p/100ml,save 95p. Was £4.20,Summer
705203,McCain Hasslebacks,G,false,996,https://ecom-su-static-prod.wtrecom.com/images/products/3/LN_705203_BP_3.jpg,https://www.waitrose.com/ecom/products/mccain-hasslebacks/705203-807903-807904,McCain Hasslebacks,653g,£3.70,56.7p/100g,,Summer
866312,Waitrose Home Stripe Paper Straws,G,false,997,https://ecom-su-static-prod.wtrecom.com/images/products/3/LN_866312_BP_3.jpg,https://www.waitrose.com/ecom/products/waitrose-home-stripe-paper-straws/866312-669159-669160,Waitrose Home Stripe Paper Straws,50s,£3.00,6p each,,Summer
423478,Plants By Deliciously Ella Spiced Veggie Bites,G,false,998,https://ecom-su-static-prod.wtrecom.com/images/products/3/LN_423478_BP_3.jpg,https://www.waitrose.com/ecom/products/plants-by-deliciously-ella-spiced-veggie-bites/423478-804306-804307,Plants By Deliciously Ella Spiced Veggie Bites,171g,£2.70,£15.79/kg,,Summer
667911,Martini Extra Dry Vermouth Aperitivo,W,false,999,https://ecom-su-static-prod.wtrecom.com/images/products/3/LN_667911_BP_3.jpg,https://www.waitrose.com/ecom/products/martini-extra-dry-vermouth-aperitivo/667911-694580-694581,Martini Extra Dry Vermouth Aperitivo,750ml,£12.50,£16.67/litre,,Summer
687504,No.1 Salted Caramel Sauce,G,false,1000,https://ecom-su-static-prod.wtrecom.com/images/products/3/LN_687504_BP_3.jpg,https://www.waitrose.com/ecom/products/no1-salted-caramel-sauce/687504-442964-442965,No.1 Salted Caramel Sauce,250g,£3.20,£1.28/100g,,Summer
883950,Castello Tickler Vintage Mature Cheddar Cheese,G,true,1001,https://ecom-su-static-prod.wtrecom.com/images/products/3/LN_883950_BP_3.jpg,https://www.waitrose.com/ecom/products/castello-tickler-vintage-mature-cheddar-cheese/883950-498329-498330,Castello Tickler Vintage Mature Cheddar Cheese,300g,£3.56,£11.87/kg,25% Off. Was £4.75,Summer
893783,Schär Gluten Free Pizza Base,G,false,1002,https://ecom-su-static-prod.wtrecom.com/images/products/3/LN_893783_BP_3.jpg,https://www.waitrose.com/ecom/products/schar-gluten-free-pizza-base/893783-368564-368565,Schär Gluten Free Pizza Base,2x150g,£3.50,£11.67/kg,,Summer
664714,Jude's Caramel & Choc Tubs,G,false,1003,https://ecom-su-static-prod.wtrecom.com/images/products/3/LN_664714_BP_3.jpg,https://www.waitrose.com/ecom/products/judes-caramel-choc-tubs/664714-782803-782803,Jude's Caramel & Choc Tubs,4x85ml,£5.25,£1.55/100ml,,Summer
441089,Absolut Passionfruit Martini Cocktail Can,G,true,1004,https://ecom-su-static-prod.wtrecom.com/images/products/3/LN_441089_BP_3.jpg,https://www.waitrose.com/ecom/products/absolut-passionfruit-martini-cocktail-can/441089-776628-776629,Absolut Passionfruit Martini Cocktail Can,250ml,£2.50,£10/litre,Mix & Match Add 4 for 3 Cheapest Item Free,Summer
859483,Ben & Jerry's Sundae Marshmallow & S'more! Ice Cream Tub,G,false,1005,https://ecom-su-static-prod.wtrecom.com/images/products/3/LN_859483_BP_3.jpg,https://www.waitrose.com/ecom/products/ben-jerrys-sundae-marshmallow-smore-ice-cream-tub/859483-824418-824419,Ben & Jerry's Sundae Marshmallow & S'more! Ice Cream Tub,427ml,£5.80,£1.36/100ml,,Summer
843819,Talking Tables 12 Paper Cups 16oz/455ml,G,false,1006,https://ecom-su-static-prod.wtrecom.com/images/products/3/LN_843819_BP_3.jpg,https://www.waitrose.com/ecom/products/talking-tables-12-paper-cups-16oz-455ml/843819-759226-759227,Talking Tables 12 Paper Cups 16oz/455ml,12s,£3.00,25p each,,Summer
880177,Thatchers Gold,G,false,1007,https://ecom-su-static-prod.wtrecom.com/images/products/3/LN_880177_BP_3.jpg,https://www.waitrose.com/ecom/products/thatchers-gold/880177-388048-388049,Thatchers Gold,4x440ml,£5.50,£3.13/litre,,Summer
825212,Unearthed Spanish Omelette with Chorizo,G,true,1008,https://ecom-su-static-prod.wtrecom.com/images/products/3/LN_825212_BP_3.jpg,https://www.waitrose.com/ecom/products/unearthed-spanish-omelette-with-chorizo/825212-705706-705707,Unearthed Spanish Omelette with Chorizo,250g,£2.40,96p/100g,25% Off. Was £3.20,Summer
834152,Essential Paper Bowls 18cm Approx,G,false,1009,https://ecom-su-static-prod.wtrecom.com/images/products/3/LN_834152_BP_3.jpg,https://www.waitrose.com/ecom/products/essential-paper-bowls-18cm-approx/834152-722572-722573,Essential Paper Bowls 18cm Approx,15s,£1.75,11.7p each,,Summer
017540,Gallo Carnaroli Risotto Rice,G,false,1010,https://ecom-su-static-prod.wtrecom.com/images/products/3/LN_017540_BP_3.jpg,https://www.waitrose.com/ecom/products/gallo-carnaroli-risotto-rice/017540-8524-8525,Gallo Carnaroli Risotto Rice,500g,£3.00,£6/kg,,Summer
616236,Walkers Sensations Balsamic Vinegar & Onion,G,true,1011,https://ecom-su-static-prod.wtrecom.com/images/products/3/LN_616236_BP_3.jpg,https://www.waitrose.com/ecom/products/walkers-sensations-balsamic-vinegar-onion/616236-786176-786177,Walkers Sensations Balsamic Vinegar & Onion,150g,£1.50,£1/100g,save £1.00. Was £2.50,Summer
776619,Tyrrell's Tomato & Chilli Chutney Flavour,G,false,1012,https://ecom-su-static-prod.wtrecom.com/images/products/3/LN_776619_BP_3.jpg,https://www.waitrose.com/ecom/products/tyrrells-tomato-chilli-chutney-flavour/776619-804176-804177,Tyrrell's Tomato & Chilli Chutney Flavour,150g,£2.75,£1.84/100g,,Summer
886061,Pipers Burrow Hill Cider Vinegar,G,false,1013,https://ecom-su-static-prod.wtrecom.com/images/products/3/LN_886061_BP_3.jpg,https://www.waitrose.com/ecom/products/pipers-burrow-hill-cider-vinegar/886061-803681-803682,Pipers Burrow Hill Cider Vinegar,150g,£3.00,£2/100g,,Summer
015837,Johnnie Walker Black Label 12 YO Blended Scotch Whisky,G,false,1014,https://ecom-su-static-prod.wtrecom.com/images/products/3/LN_015837_BP_3.jpg,https://www.waitrose.com/ecom/products/johnnie-walker-black-label-12-yo-blended-scotch-whisky/015837-7583-7584,Johnnie Walker Black Label 12 YO Blended Scotch Whisky,70cl,£36.75,£52.50/litre,,Summer
619211,Deliciously Ella Sweet Potato Cracker Thins,G,true,1015,https://ecom-su-static-prod.wtrecom.com/images/products/3/LN_619211_BP_3.jpg,https://www.waitrose.com/ecom/products/deliciously-ella-sweet-potato-cracker-thins/619211-818664-818665,Deliciously Ella Sweet Potato Cracker Thins,100g,£2.00,£2/100g,save 50p. Was £2.50,Summer
752634,Faustino Vi Tempranillo Rioja,W,false,1016,https://ecom-su-static-prod.wtrecom.com/images/products/3/LN_752634_BP_3.jpg,https://www.waitrose.com/ecom/products/faustino-vi-tempranillo-rioja/752634-593869-593870,Faustino Vi Tempranillo Rioja,75cl,£8.99,£8.99/75cl,,Summer
017561,Sacla' Italia Tomato & Olive Intenso Sauce,G,true,1017,https://ecom-su-static-prod.wtrecom.com/images/products/3/LN_017561_BP_3.jpg,https://www.waitrose.com/ecom/products/sacla-italia-tomato-olive-intenso-sauce/017561-8540-8541,Sacla' Italia Tomato & Olive Intenso Sauce,190g,£2.50,£1.32/100g,save £1.00. Was £3.50,Summer
783177,MOTH Aperitivo Spritz Cocktail,G,true,1018,https://ecom-su-static-prod.wtrecom.com/images/products/3/LN_783177_BP_3.jpg,https://www.waitrose.com/ecom/products/moth-aperitivo-spritz-cocktail/783177-791201-791202,MOTH Aperitivo Spritz Cocktail,200ml,£3.99,£19.95/litre,Mix & Match Add 4 for 3 Cheapest Item Free,Summer
017560,Sacla' Italia Tomato & Mascarpone Pasta Sauce,G,true,1019,https://ecom-su-static-prod.wtrecom.com/images/products/3/LN_017560_BP_3.jpg,https://www.waitrose.com/ecom/products/sacla-italia-tomato-mascarpone-pasta-sauce/017560-8538-8539,Sacla' Italia Tomato & Mascarpone Pasta Sauce,190g,£2.50,£1.32/100g,save £1.00. Was £3.50,Summer
825503,Belazu Cornicabra Extra Virgin Olive Oil,G,false,1020,https://ecom-su-static-prod.wtrecom.com/images/products/3/LN_825503_BP_3.jpg,https://www.waitrose.com/ecom/products/belazu-cornicabra-extra-virgin-olive-oil/825503-585695-585696,Belazu Cornicabra Extra Virgin Olive Oil,500ml,£11.50,£2.30/100ml,,Summer
486769,Estrella Damm,G,true,1021,https://ecom-su-static-prod.wtrecom.com/images/products/3/LN_486769_BP_3.jpg,https://www.waitrose.com/ecom/products/estrella-damm/486769-692570-692571,Estrella Damm,6x330ml,£7.30,£3.69/litre,save £1.20. Was £8.50,Summer
431968,Genius Gluten Free Soft White Rolls,G,true,1022,https://ecom-su-static-prod.wtrecom.com/images/products/3/LN_431968_BP_3.jpg,https://www.waitrose.com/ecom/products/genius-gluten-free-soft-white-rolls/431968-791017-791018,Genius Gluten Free Soft White Rolls,280g,£1.90,67.9p/100g,save 30p. Was £2.20,Summer
830924,Maison Castel Côtes de Provence Rosé,W,true,1023,https://ecom-su-static-prod.wtrecom.com/images/products/3/LN_830924_BP_3.jpg,https://www.waitrose.com/ecom/products/maison-castel-cotes-de-provence-rose/830924-658775-658776,Maison Castel Côtes de Provence Rosé,75cl,£9.99,£9.99/75cl,save £5.00. Was £14.99,Summer
516295,8 No.1 Raspberry Panna Cotta,E,false,1024,https://ecom-su-static-prod.wtrecom.com/images/products/3/LN_516295_BP_3.jpg,https://www.waitrose.com/ecom/products/8-no1-raspberry-panna-cotta/516295-502661-502662,8 No.1 Raspberry Panna Cotta,Typical weight 800g,£16.00,,,Summer
552879,Jude's Salted Caramel,G,false,1025,https://ecom-su-static-prod.wtrecom.com/images/products/3/LN_552879_BP_3.jpg,https://www.waitrose.com/ecom/products/judes-salted-caramel/552879-801866-801867,Jude's Salted Caramel,6x50ml,£4.75,£1.59/100ml,,Summer
860996,Waitrose Mango & Watermelon Fingers,G,false,1026,https://ecom-su-static-prod.wtrecom.com/images/products/3/LN_860996_BP_3.jpg,https://www.waitrose.com/ecom/products/waitrose-mango-watermelon-fingers/860996-772502-772503,Waitrose Mango & Watermelon Fingers,300g,£3.50,£1.17/100g,,Summer
828109,Waitrose Milk Chocolate Dessert Sauce,G,false,1027,https://ecom-su-static-prod.wtrecom.com/images/products/3/LN_828109_BP_3.jpg,https://www.waitrose.com/ecom/products/waitrose-milk-chocolate-dessert-sauce/828109-693974-693975,Waitrose Milk Chocolate Dessert Sauce,300g,£2.25,75p/100g,,Summer
706912,Plants High Protein Rigatoni,G,true,1028,https://ecom-su-static-prod.wtrecom.com/images/products/3/LN_706912_BP_3.jpg,https://www.waitrose.com/ecom/products/plants-high-protein-rigatoni/706912-823354-823355,Plants High Protein Rigatoni,215g,£2.00,£9.31/kg,20% Off. Was £2.50,Summer
447510,KP Honey Roast Peanuts,G,true,1029,https://ecom-su-static-prod.wtrecom.com/images/products/3/LN_447510_BP_3.jpg,https://www.waitrose.com/ecom/products/kp-honey-roast-peanuts/447510-63019-63020,KP Honey Roast Peanuts,225g,£3.25,£1.45/100g,Add 2 for £5.50,Summer
849912,Waitrose Melon Chunks & Black Grape,G,false,1030,https://ecom-su-static-prod.wtrecom.com/images/products/3/LN_849912_BP_3.jpg,https://www.waitrose.com/ecom/products/waitrose-melon-chunks-black-grape/849912-804270-804271,Waitrose Melon Chunks & Black Grape,300g,£3.20,£1.07/100g,,Summer
490970,Quorn Vegan 2 Takeaway Crunchy Fillet Burgers,G,false,1031,https://ecom-su-static-prod.wtrecom.com/images/products/3/LN_490970_BP_3.jpg,https://www.waitrose.com/ecom/products/quorn-vegan-2-takeaway-crunchy-fillet-burgers/490970-770476-770477,Quorn Vegan 2 Takeaway Crunchy Fillet Burgers,190g,£3.15,£16.58/kg,,Summer
760147,Madri Excepcional,G,true,1032,https://ecom-su-static-prod.wtrecom.com/images/products/3/LN_760147_BP_3.jpg,https://www.waitrose.com/ecom/products/madri-excepcional/760147-780143-780144,Madri Excepcional,12x330ml,£12.00,£3.04/litre,save £4.00. Was £16.00,Summer
605550,Jude's Vegan Plant Madagascan Vanilla,G,true,1033,https://ecom-su-static-prod.wtrecom.com/images/products/3/LN_605550_BP_3.jpg,https://www.waitrose.com/ecom/products/judes-vegan-plant-madagascan-vanilla/605550-806677-806678,Jude's Vegan Plant Madagascan Vanilla,460ml,£3.00,65.2p/100ml,save £1.80. Was £4.80,Summer
827583,Crosta & Mollica Caffè Latte Tartufi Gelato,G,false,1034,https://ecom-su-static-prod.wtrecom.com/images/products/3/LN_827583_BP_3.jpg,https://www.waitrose.com/ecom/products/crosta-mollica-caffe-latte-tartufi-gelato/827583-767703-767704,Crosta & Mollica Caffè Latte Tartufi Gelato,208g,£5.00,£2.41/100g,,Summer
646219,Fever-Tree Classic Mojito Mixer,G,false,1035,https://ecom-su-static-prod.wtrecom.com/images/products/3/LN_646219_BP_3.jpg,https://www.waitrose.com/ecom/products/fever-tree-classic-mojito-mixer/646219-803202-803203,Fever-Tree Classic Mojito Mixer,500ml,£4.50,90p/100ml,,Summer
689800,KP Jumbo Peanuts Salt & Vinegar,G,true,1036,https://ecom-su-static-prod.wtrecom.com/images/products/3/LN_689800_BP_3.jpg,https://www.waitrose.com/ecom/products/kp-jumbo-peanuts-salt-vinegar/689800-97983-97984,KP Jumbo Peanuts Salt & Vinegar,225g,£3.25,£1.45/100g,Add 2 for £5.50,Summer
867314,Waitrose Free From Gluten Carrot Cake Slices,G,false,1037,https://ecom-su-static-prod.wtrecom.com/images/products/3/LN_867314_BP_3.jpg,https://www.waitrose.com/ecom/products/waitrose-free-from-gluten-carrot-cake-slices/867314-769587-769588,Waitrose Free From Gluten Carrot Cake Slices,118g,£2.20,£1.87/100g,,Summer
588872,Little Moons Yuzu & Lemon,G,false,1038,https://ecom-su-static-prod.wtrecom.com/images/products/3/LN_588872_BP_3.jpg,https://www.waitrose.com/ecom/products/little-moons-yuzu-lemon/588872-801904-801905,Little Moons Yuzu & Lemon,192g,£5.00,£2.61/100g,,Summer
843186,Bottlegreen Sparkling Pressé Elderflower,G,false,1039,https://ecom-su-static-prod.wtrecom.com/images/products/3/LN_843186_BP_3.jpg,https://www.waitrose.com/ecom/products/bottlegreen-sparkling-presse-elderflower/843186-741470-741471,Bottlegreen Sparkling Pressé Elderflower,750ml,£3.35,44.7p/100ml,,Summer
585046,Ben & Jerry's Oh My! Banoffee Pie! Banana Chocolate Sundae Ice Cream Tub,G,false,1040,https://ecom-su-static-prod.wtrecom.com/images/products/3/LN_585046_BP_3.jpg,https://www.waitrose.com/ecom/products/ben-jerrys-oh-my-banoffee-pie-banana-chocolate-sundae-ice-cream-tub/585046-801900-801901,Ben & Jerry's Oh My! Banoffee Pie! Banana Chocolate Sundae Ice Cream Tub,427ml,£5.80,£1.36/100ml,,Summer
876366,NOMO Vegan Fruit & Crunch Chocolate Bar,G,false,1041,https://ecom-su-static-prod.wtrecom.com/images/products/3/LN_876366_BP_3.jpg,https://www.waitrose.com/ecom/products/nomo-vegan-fruit-crunch-chocolate-bar/876366-702116-702117,NOMO Vegan Fruit & Crunch Chocolate Bar,32g,£1.20,£3.75/100g,,Summer
605895,No.1 2 Outdoor Bred Pork Runny Scotch Eggs,G,true,1042,https://ecom-su-static-prod.wtrecom.com/images/products/3/LN_605895_BP_3.jpg,https://www.waitrose.com/ecom/products/no1-2-outdoor-bred-pork-runny-scotch-eggs/605895-827204-827205,No.1 2 Outdoor Bred Pork Runny Scotch Eggs,2x127g,£4.00,,Introductory Offer.Will be £5.00,Summer
741941,Aspall Crisp Apple Cans,G,false,1043,https://ecom-su-static-prod.wtrecom.com/images/products/3/LN_741941_BP_3.jpg,https://www.waitrose.com/ecom/products/aspall-crisp-apple-cans/741941-822203-822204,Aspall Crisp Apple Cans,4x330ml,£5.25,£3.98/litre,,Summer
894453,Nairn's Gluten Free Sourdough Flatbreads,G,false,1044,https://ecom-su-static-prod.wtrecom.com/images/products/3/LN_894453_BP_3.jpg,https://www.waitrose.com/ecom/products/nairns-gluten-free-sourdough-flatbreads/894453-798812-798813,Nairn's Gluten Free Sourdough Flatbreads,125g,£2.10,£1.68/100g,,Summer
475100,Levantine Table Spiced Chicken Pastries,G,false,1045,https://ecom-su-static-prod.wtrecom.com/images/products/3/LN_475100_BP_3.jpg,https://www.waitrose.com/ecom/products/levantine-table-spiced-chicken-pastries/475100-755639-755640,Levantine Table Spiced Chicken Pastries,100g,£3.90,£3.90/100g,,Summer
800089,Castello Tickler Mature Cheddar Cheese,G,true,1046,https://ecom-su-static-prod.wtrecom.com/images/products/3/LN_800089_BP_3.jpg,https://www.waitrose.com/ecom/products/castello-tickler-mature-cheddar-cheese/800089-459924-459925,Castello Tickler Mature Cheddar Cheese,300g,£3.56,£11.87/kg,25% Off. Was £4.75,Summer
719588,Budweiser,G,false,1047,https://ecom-su-static-prod.wtrecom.com/images/products/3/LN_719588_BP_3.jpg,https://www.waitrose.com/ecom/products/budweiser/719588-722343-722344,Budweiser,15x300ml,£15.00,£3.34/litre,,Summer
869775,Lipton Iced Tea Peach,G,false,1048,https://ecom-su-static-prod.wtrecom.com/images/products/3/LN_869775_BP_3.jpg,https://www.waitrose.com/ecom/products/lipton-iced-tea-peach/869775-823869-823870,Lipton Iced Tea Peach,6x330ml,£3.50,17.7p/100ml,,Summer
676316,Belazu Truffle & Artichoke Pesto,G,false,1049,https://ecom-su-static-prod.wtrecom.com/images/products/3/LN_676316_BP_3.jpg,https://www.waitrose.com/ecom/products/belazu-truffle-artichoke-pesto/676316-704233-704234,Belazu Truffle & Artichoke Pesto,165g,£3.40,£2.07/100g,,Summer
556582,illy Intenso Espresso Capsules 10s,G,true,1050,https://ecom-su-static-prod.wtrecom.com/images/products/3/LN_556582_BP_3.jpg,https://www.waitrose.com/ecom/products/illy-intenso-espresso-capsules-10s/556582-719528-719529,illy Intenso Espresso Capsules 10s,57g,£3.50,£6.15/100g,save £1.75. Was £5.25,Summer
842013,Waitrose Rainbow Fruit Salad,G,false,1051,https://ecom-su-static-prod.wtrecom.com/images/products/3/LN_842013_BP_3.jpg,https://www.waitrose.com/ecom/products/waitrose-rainbow-fruit-salad/842013-698180-698181,Waitrose Rainbow Fruit Salad,285g,£3.70,£1.30/100g,,Summer
761471,Waitrose Free From Gluten Fruited Scones,G,false,1052,https://ecom-su-static-prod.wtrecom.com/images/products/3/LN_761471_BP_3.jpg,https://www.waitrose.com/ecom/products/waitrose-free-from-gluten-fruited-scones/761471-769541-769542,Waitrose Free From Gluten Fruited Scones,140g,£2.60,£1.86/100g,,Summer
649150,Difatti Gluten Free Spinach Gnocchi,G,false,1053,https://ecom-su-static-prod.wtrecom.com/images/products/3/LN_649150_BP_3.jpg,https://www.waitrose.com/ecom/products/difatti-gluten-free-spinach-gnocchi/649150-600724-600725,Difatti Gluten Free Spinach Gnocchi,250g,£2.10,£8.40/kg,,Summer
891077,Nairn's Gluten Free Seeded Crackers,G,false,1054,https://ecom-su-static-prod.wtrecom.com/images/products/3/LN_891077_BP_3.jpg,https://www.waitrose.com/ecom/products/nairns-gluten-free-seeded-crackers/891077-758313-758314,Nairn's Gluten Free Seeded Crackers,137g,£2.10,£1.54/100g,,Summer
404552,Crosta & Mollica 2 Tiramisu,G,true,1055,https://ecom-su-static-prod.wtrecom.com/images/products/3/LN_404552_BP_3.jpg,https://www.waitrose.com/ecom/products/crosta-mollica-2-tiramisu/404552-779353-779354,Crosta & Mollica 2 Tiramisu,2x110g,£4.00,£1.82/100g,20% Off. Was £5.00,Summer
036309,Tanqueray London Dry Gin,G,true,1056,https://ecom-su-static-prod.wtrecom.com/images/products/3/LN_036309_BP_3.jpg,https://www.waitrose.com/ecom/products/tanqueray-london-dry-gin/036309-18207-18208,Tanqueray London Dry Gin,70cl,£20.00,£28.58/litre,save £2.50. Was £22.50,Summer
788555,Milky's Halum Halloumi Grilling Cheese,G,false,1057,https://ecom-su-static-prod.wtrecom.com/images/products/3/LN_788555_BP_3.jpg,https://www.waitrose.com/ecom/products/milkys-halum-halloumi-grilling-cheese/788555-268208-268209,Milky's Halum Halloumi Grilling Cheese,250g,£3.00,£12/kg,,Summer
713746,Bombay Sapphire London Dry Gin,G,true,1058,https://ecom-su-static-prod.wtrecom.com/images/products/3/LN_713746_BP_3.jpg,https://www.waitrose.com/ecom/products/bombay-sapphire-london-dry-gin/713746-756035-756036,Bombay Sapphire London Dry Gin,1L,£25.00,£25/litre,save £5.00. Was £30.00,Summer
862679,Belvoir Freshly Squeezed Lemonade,G,true,1059,https://ecom-su-static-prod.wtrecom.com/images/products/3/LN_862679_BP_3.jpg,https://www.waitrose.com/ecom/products/belvoir-freshly-squeezed-lemonade/862679-727847-727848,Belvoir Freshly Squeezed Lemonade,750ml,£2.50,33.3p/100ml,save 90p. Was £3.40,Summer
636832,MOTH Old Fashioned,G,true,1060,https://ecom-su-static-prod.wtrecom.com/images/products/3/LN_636832_BP_3.jpg,https://www.waitrose.com/ecom/products/moth-old-fashioned/636832-746573-746574,MOTH Old Fashioned,100ml,£3.99,£39.90/litre,Mix & Match Add 4 for 3 Cheapest Item Free,Summer
870119,Pipers Atlas Mountains Wild Thyme & Rosemary Sharing Crisps,G,false,1061,https://ecom-su-static-prod.wtrecom.com/images/products/3/LN_870119_BP_3.jpg,https://www.waitrose.com/ecom/products/pipers-atlas-mountains-wild-thyme-rosemary-sharing-crisps/870119-744131-744132,Pipers Atlas Mountains Wild Thyme & Rosemary Sharing Crisps,150g,£3.00,£2/100g,,Summer
805025,Waitrose All Butter Sun Dried Tomato Bites,G,false,1062,https://ecom-su-static-prod.wtrecom.com/images/products/3/LN_805025_BP_3.jpg,https://www.waitrose.com/ecom/products/waitrose-all-butter-sun-dried-tomato-bites/805025-754825-754826,Waitrose All Butter Sun Dried Tomato Bites,100g,£2.50,£2.50/100g,,Summer
846640,Thatchers Haze Cloudy Cider,G,true,1063,https://ecom-su-static-prod.wtrecom.com/images/products/3/LN_846640_BP_3.jpg,https://www.waitrose.com/ecom/products/thatchers-haze-cloudy-cider/846640-663190-663191,Thatchers Haze Cloudy Cider,4x440ml,£4.75,£2.70/litre,save 50p. Was £5.25,Summer
640748,Plenty Flexisheets Tubeless Kitchen Towel,G,false,1064,https://ecom-su-static-prod.wtrecom.com/images/products/3/LN_640748_BP_3.jpg,https://www.waitrose.com/ecom/products/plenty-flexisheets-tubeless-kitchen-towel/640748-813288-813289,Plenty Flexisheets Tubeless Kitchen Towel,500Sheet,£8.15,£1.63/100 sheets,,Summer
692804,Gordon's Alcohol Free & Tonic With a Hint of Lime 250ml Premix Cans 4PK,G,false,1065,https://ecom-su-static-prod.wtrecom.com/images/products/3/LN_692804_BP_3.jpg,https://www.waitrose.com/ecom/products/gordons-alcohol-free-tonic-with-a-hint-of-lime-250ml-premix-cans-4pk/692804-756019-756020,Gordon's Alcohol Free & Tonic With a Hint of Lime 250ml Premix Cans 4PK,4x250ml,£5.50,£5.50/litre,,Summer
717779,Crosta & Mollica Rigatoni Pasta,G,false,1066,https://ecom-su-static-prod.wtrecom.com/images/products/3/LN_717779_BP_3.jpg,https://www.waitrose.com/ecom/products/crosta-mollica-rigatoni-pasta/717779-785068-785069,Crosta & Mollica Rigatoni Pasta,500g,£3.00,£6/kg,,Summer
664496,Ben & Jerry's Chocolate Cookie Dough Light Ice Cream Tub,G,false,1067,https://ecom-su-static-prod.wtrecom.com/images/products/3/LN_664496_BP_3.jpg,https://www.waitrose.com/ecom/products/ben-jerrys-chocolate-cookie-dough-light-ice-cream-tub/664496-801972-801973,Ben & Jerry's Chocolate Cookie Dough Light Ice Cream Tub,465ml,£5.45,£1.18/100ml,,Summer
861072,John Lewis White Table Cover 118x180cm,G,false,1068,https://ecom-su-static-prod.wtrecom.com/images/products/3/LN_861072_BP_3.jpg,https://www.waitrose.com/ecom/products/john-lewis-white-table-cover-118x180cm/861072-747249-747250,John Lewis White Table Cover 118x180cm,each,£3.50,£3.50 each,,Summer
410854,Waitrose Fudge Dessert Sauce,G,false,1069,https://ecom-su-static-prod.wtrecom.com/images/products/3/LN_410854_BP_3.jpg,https://www.waitrose.com/ecom/products/waitrose-fudge-dessert-sauce/410854-693595-693596,Waitrose Fudge Dessert Sauce,310g,£2.25,72.6p/100g,,Summer
026379,Ben & Jerry's Cookie Dough Vanilla Ice Cream Tub,G,true,1070,https://ecom-su-static-prod.wtrecom.com/images/products/3/LN_026379_BP_3.jpg,https://www.waitrose.com/ecom/products/ben-jerrys-cookie-dough-vanilla-ice-cream-tub/026379-12833-12834,Ben & Jerry's Cookie Dough Vanilla Ice Cream Tub,465ml,£3.75,80.6p/100ml,Save £1.75. Was £5.50,Summer
575939,Violife Cheddarton Dairy Free Cheese Block,G,false,1071,https://ecom-su-static-prod.wtrecom.com/images/products/3/LN_575939_BP_3.jpg,https://www.waitrose.com/ecom/products/violife-cheddarton-dairy-free-cheese-block/575939-807657-807658,Violife Cheddarton Dairy Free Cheese Block,200g,£2.90,£14.50/kg,,Summer
789979,Heinz Tomato & Mascarpone Pasta Sauce,G,false,1072,https://ecom-su-static-prod.wtrecom.com/images/products/3/LN_789979_BP_3.jpg,https://www.waitrose.com/ecom/products/heinz-tomato-mascarpone-pasta-sauce/789979-802624-802625,Heinz Tomato & Mascarpone Pasta Sauce,350g,£2.50,71.4p/100g,,Summer
697479,BFree Gluten Free Sweet Potato Wraps,G,false,1073,https://ecom-su-static-prod.wtrecom.com/images/products/3/LN_697479_BP_3.jpg,https://www.waitrose.com/ecom/products/bfree-gluten-free-sweet-potato-wraps/697479-600764-600765,BFree Gluten Free Sweet Potato Wraps,6x42g,£3.95,£1.57/100g,,Summer
585513,Bloody Drinks Classic Bloody Mary,G,true,1074,https://ecom-su-static-prod.wtrecom.com/images/products/3/LN_585513_BP_3.jpg,https://www.waitrose.com/ecom/products/bloody-drinks-classic-bloody-mary/585513-776714-776715,Bloody Drinks Classic Bloody Mary,250ml,£3.35,£13.40/litre,Mix & Match Add 4 for 3 Cheapest Item Free,Summer
872561,Schar Gluten Free Foldable Flatbread,G,false,1075,https://ecom-su-static-prod.wtrecom.com/images/products/3/LN_872561_BP_3.jpg,https://www.waitrose.com/ecom/products/schar-gluten-free-foldable-flatbread/872561-812590-812591,Schar Gluten Free Foldable Flatbread,225g,£2.65,£1.18/100g,,Summer
400146,6 Seafood Shells,E,false,1076,https://ecom-su-static-prod.wtrecom.com/images/products/3/LN_400146_BP_3.jpg,https://www.waitrose.com/ecom/products/6-seafood-shells/400146-728656-728657,6 Seafood Shells,Typical weight 360g,£14.50,£40.28/kg,,Summer
871592,Waitrose Fairtrade Italian Style Coffee Bags,G,false,1077,https://ecom-su-static-prod.wtrecom.com/images/products/3/LN_871592_BP_3.jpg,https://www.waitrose.com/ecom/products/waitrose-fairtrade-italian-style-coffee-bags/871592-803424-803425,Waitrose Fairtrade Italian Style Coffee Bags,15s,£4.00,26.7p each,,Summer
653078,Feast Original Chocolate Ice Cream Sticks,G,true,1078,https://ecom-su-static-prod.wtrecom.com/images/products/3/LN_653078_BP_3.jpg,https://www.waitrose.com/ecom/products/feast-original-chocolate-ice-cream-sticks/653078-801956-801957,Feast Original Chocolate Ice Cream Sticks,4x90ml,£3.40,94.4p/100ml,Add 2 for £5,Summer
370768,Pizza Express Honey & Mustard Dressing,G,false,1079,https://ecom-su-static-prod.wtrecom.com/images/products/3/LN_370768_BP_3.jpg,https://www.waitrose.com/ecom/products/pizza-express-honey-mustard-dressing/370768-52126-52127,Pizza Express Honey & Mustard Dressing,235ml,£2.65,£1.13/100ml,,Summer
772225,Cruzcampo Sevilla Lager Beer Bottle Large,G,true,1080,https://ecom-su-static-prod.wtrecom.com/images/products/3/LN_772225_BP_3.jpg,https://www.waitrose.com/ecom/products/cruzcampo-sevilla-lager-beer-bottle-large/772225-815365-815366,Cruzcampo Sevilla Lager Beer Bottle Large,660ml,£2.75,£4.17/litre,Add 3 for £7,Summer
707660,Belazu Gran Reserva Sherry Vinegar,G,false,1081,https://ecom-su-static-prod.wtrecom.com/images/products/3/LN_707660_BP_3.jpg,https://www.waitrose.com/ecom/products/belazu-gran-reserva-sherry-vinegar/707660-690362-690363,Belazu Gran Reserva Sherry Vinegar,250ml,£6.50,£2.60/100ml,,Summer
738506,Sacla' Italia Truffle Pesto,G,true,1082,https://ecom-su-static-prod.wtrecom.com/images/products/3/LN_738506_BP_3.jpg,https://www.waitrose.com/ecom/products/sacla-italia-truffle-pesto/738506-338063-338064,Sacla' Italia Truffle Pesto,90g,£2.50,£2.78/100g,save £1.00. Was £3.50,Summer
731372,Crosta & Mollica Spaghetti Pasta,G,false,1083,https://ecom-su-static-prod.wtrecom.com/images/products/3/LN_731372_BP_3.jpg,https://www.waitrose.com/ecom/products/crosta-mollica-spaghetti-pasta/731372-785078-785079,Crosta & Mollica Spaghetti Pasta,500g,£3.00,£6/kg,,Summer
513387,22CM Duni Stripes Multi Paper Plate,G,true,1084,https://ecom-su-static-prod.wtrecom.com/images/products/3/LN_513387_BP_3.jpg,https://www.waitrose.com/ecom/products/22cm-duni-stripes-multi-paper-plate/513387-822631-822632,22CM Duni Stripes Multi Paper Plate,10Each,£2.25,22.5p each,25% Off. Was £3.00,Summer
582243,Kopparberg Variety Pack Cans,G,false,1085,https://ecom-su-static-prod.wtrecom.com/images/products/3/LN_582243_BP_3.jpg,https://www.waitrose.com/ecom/products/kopparberg-variety-pack-cans/582243-822137-822138,Kopparberg Variety Pack Cans,10x330ml,£13.50,£4.10/litre,,Summer
084002,Big K Charcoal Briquettes,G,false,1086,https://ecom-su-static-prod.wtrecom.com/images/products/3/LN_084002_BP_3.jpg,https://www.waitrose.com/ecom/products/big-k-charcoal-briquettes/084002-42656-42657,Big K Charcoal Briquettes,5kg,£9.50,£1.90/kg,,Summer
572853,Guinness Draught Stout Beer Cans 8PK,G,true,1087,https://ecom-su-static-prod.wtrecom.com/images/products/3/LN_572853_BP_3.jpg,https://www.waitrose.com/ecom/products/guinness-draught-stout-beer-cans-8pk/572853-804110-804111,Guinness Draught Stout Beer Cans 8PK,8x440ml,£10.00,£2.85/litre,save £2.50. Was £12.50,Summer
766307,Waitrose PLV Jackfruit Pieces in Water,G,false,1088,https://ecom-su-static-prod.wtrecom.com/images/products/3/LN_766307_BP_3.jpg,https://www.waitrose.com/ecom/products/waitrose-plv-jackfruit-pieces-in-water/766307-773394-773395,Waitrose PLV Jackfruit Pieces in Water,drained 210g,£2.00,48.8p/100g,,Summer
698162,Juicy Marbles 2x Thick-Cut Filet Plant-Based Steaks,G,false,1089,https://ecom-su-static-prod.wtrecom.com/images/products/3/LN_698162_BP_3.jpg,https://www.waitrose.com/ecom/products/juicy-marbles-2x-thick-cut-filet-plant-based-steaks/698162-810162-810163,Juicy Marbles 2x Thick-Cut Filet Plant-Based Steaks,226g,£9.00,£39.83/kg,,Summer
586320,Tanqueray Alcohol Free 0.0 Spirit,G,false,1090,https://ecom-su-static-prod.wtrecom.com/images/products/3/LN_586320_BP_3.jpg,https://www.waitrose.com/ecom/products/tanqueray-alcohol-free-00-spirit/586320-755933-755934,Tanqueray Alcohol Free 0.0 Spirit,70cl,£18.00,£25.72/litre,,Summer
437413,Belazu Vegan Basil Pesto,G,false,1091,https://ecom-su-static-prod.wtrecom.com/images/products/3/LN_437413_BP_3.jpg,https://www.waitrose.com/ecom/products/belazu-vegan-basil-pesto/437413-784804-784805,Belazu Vegan Basil Pesto,165g,£3.35,£2.04/100g,,Summer
446625,Waitrose King Prawns in Chilli & Lime,G,false,1092,https://ecom-su-static-prod.wtrecom.com/images/products/3/LN_446625_BP_3.jpg,https://www.waitrose.com/ecom/products/waitrose-king-prawns-in-chilli-lime/446625-791913-791914,Waitrose King Prawns in Chilli & Lime,150g,£4.50,£3/100g,,Summer
538752,Birra Moretti Sale Di Mare Unfiltered Lager Beer Bottle 4PK,G,false,1093,https://ecom-su-static-prod.wtrecom.com/images/products/3/LN_538752_BP_3.jpg,https://www.waitrose.com/ecom/products/birra-moretti-sale-di-mare-unfiltered-lager-beer-bottle-4pk/538752-822121-822122,Birra Moretti Sale Di Mare Unfiltered Lager Beer Bottle 4PK,4x330ml,£7.00,£5.31/litre,,Summer
063002,Malibu Caribbean White Rum with Coconut Flavour,G,false,1094,https://ecom-su-static-prod.wtrecom.com/images/products/3/LN_063002_BP_3.jpg,https://www.waitrose.com/ecom/products/malibu-caribbean-white-rum-with-coconut-flavour/063002-31985-31986,Malibu Caribbean White Rum with Coconut Flavour,70cl,£16.75,£23.93/litre,,Summer
827031,Belazu Aubergine & Parmesan Pesto,G,false,1095,https://ecom-su-static-prod.wtrecom.com/images/products/3/LN_827031_BP_3.jpg,https://www.waitrose.com/ecom/products/belazu-aubergine-parmesan-pesto/827031-745503-745504,Belazu Aubergine & Parmesan Pesto,165g,£3.35,£2.04/100g,,Summer
850003,Crosta & Mollica Sorbetto Lemon,G,true,1096,https://ecom-su-static-prod.wtrecom.com/images/products/3/LN_850003_BP_3.jpg,https://www.waitrose.com/ecom/products/crosta-mollica-sorbetto-lemon/850003-804200-804201,Crosta & Mollica Sorbetto Lemon,150g,£4.40,£2.94/100g,20% Off. Was £5.50,Summer
422387,40cm Cream Napkins,G,false,1097,https://ecom-su-static-prod.wtrecom.com/images/products/3/LN_422387_BP_3.jpg,https://www.waitrose.com/ecom/products/40cm-cream-napkins/422387-307646-307647,40cm Cream Napkins,1,£3.00,£3 each,,Summer
511838,Costa Coffee Caramel Latte Iced Coffee Can,G,true,1098,https://ecom-su-static-prod.wtrecom.com/images/products/3/LN_511838_BP_3.jpg,https://www.waitrose.com/ecom/products/costa-coffee-caramel-latte-iced-coffee-can/511838-778556-778557,Costa Coffee Caramel Latte Iced Coffee Can,250ml,£2.00,80p/100ml,"£5 Food to Go Meal Deal: Add 1 Main, 1 Snack and 1 Drink",Summer
690527,Cooks' Ingredients Meringue Base,G,false,1099,https://ecom-su-static-prod.wtrecom.com/images/products/3/LN_690527_BP_3.jpg,https://www.waitrose.com/ecom/products/cooks-ingredients-meringue-base/690527-98085-98086,Cooks' Ingredients Meringue Base,Each,£2.10,£2.10 each,,Summer
640991,Crosta & Mollica Lemon Marmalade,G,false,1100,https://ecom-su-static-prod.wtrecom.com/images/products/3/LN_640991_BP_3.jpg,https://www.waitrose.com/ecom/products/crosta-mollica-lemon-marmalade/640991-801164-801165,Crosta & Mollica Lemon Marmalade,240g,£2.55,£1.07/100g,,Summer
611387,Hartley's Ready to Eat Jelly Strawberry Flavour,G,false,1101,https://ecom-su-static-prod.wtrecom.com/images/products/3/LN_611387_BP_3.jpg,https://www.waitrose.com/ecom/products/hartleys-ready-to-eat-jelly-strawberry-flavour/611387-824135-824136,Hartley's Ready to Eat Jelly Strawberry Flavour,125g,65p,52p/100g,,Summer
798963,Belazu Pardina Lentils,G,false,1102,https://ecom-su-static-prod.wtrecom.com/images/products/3/LN_798963_BP_3.jpg,https://www.waitrose.com/ecom/products/belazu-pardina-lentils/798963-819045-819046,Belazu Pardina Lentils,360g,£2.75,£7.64/kg,,Summer
509948,Crosta & Mollica Norma Pasta Sauce,G,false,1103,https://ecom-su-static-prod.wtrecom.com/images/products/3/LN_509948_BP_3.jpg,https://www.waitrose.com/ecom/products/crosta-mollica-norma-pasta-sauce/509948-783216-783217,Crosta & Mollica Norma Pasta Sauce,340g,£3.00,88.2p/100g,,Summer
411322,Little Moons Refreshos Very Berry,G,true,1104,https://ecom-su-static-prod.wtrecom.com/images/products/3/LN_411322_BP_3.jpg,https://www.waitrose.com/ecom/products/little-moons-refreshos-very-berry/411322-801728-801729,Little Moons Refreshos Very Berry,192g,£3.75,£1.96/100g,save £1.25. Was £5.00,Summer
513402,Violife Epic Plant Based Cheese Block,G,false,1105,https://ecom-su-static-prod.wtrecom.com/images/products/3/LN_513402_BP_3.jpg,https://www.waitrose.com/ecom/products/violife-epic-plant-based-cheese-block/513402-715078-715079,Violife Epic Plant Based Cheese Block,200g,£2.90,£14.50/kg,,Summer
757164,Sipsmith London Dry Gin,G,true,1106,https://ecom-su-static-prod.wtrecom.com/images/products/3/LN_757164_BP_3.jpg,https://www.waitrose.com/ecom/products/sipsmith-london-dry-gin/757164-107713-107714,Sipsmith London Dry Gin,70cl,£23.00,£32.86/litre,save £7.00. Was £30.00,Summer
417457,Waitrose All Butter Matured Gouda Cheese,G,false,1107,https://ecom-su-static-prod.wtrecom.com/images/products/3/LN_417457_BP_3.jpg,https://www.waitrose.com/ecom/products/waitrose-all-butter-matured-gouda-cheese/417457-753439-753440,Waitrose All Butter Matured Gouda Cheese,80g,£2.50,£3.13/100g,,Summer
018649,Sacla' Char-Grilled Aubergine Pesto,G,true,1108,https://ecom-su-static-prod.wtrecom.com/images/products/3/LN_018649_BP_3.jpg,https://www.waitrose.com/ecom/products/sacla-char-grilled-aubergine-pesto/018649-9013-9014,Sacla' Char-Grilled Aubergine Pesto,190g,£2.50,£1.32/100g,save £1.00. Was £3.50,Summer
005413,Ben & Jerry's Choc Fudge Brownie Ice Cream,G,true,1109,https://ecom-su-static-prod.wtrecom.com/images/products/3/LN_005413_BP_3.jpg,https://www.waitrose.com/ecom/products/ben-jerrys-choc-fudge-brownie-ice-cream/005413-2343-2344,Ben & Jerry's Choc Fudge Brownie Ice Cream,465ml,£3.75,80.6p/100ml,Save £1.75. Was £5.50,Summer
846864,Malfy Rosa Pink Grapefruit Flavoured Gin,G,true,1110,https://ecom-su-static-prod.wtrecom.com/images/products/3/LN_846864_BP_3.jpg,https://www.waitrose.com/ecom/products/malfy-rosa-pink-grapefruit-flavoured-gin/846864-727797-727798,Malfy Rosa Pink Grapefruit Flavoured Gin,70cl,£25.00,£35.72/litre,save £6.50. Was £31.50,Summer
700523,Bacardi Mango Mojito Premix Rum Cocktail,G,true,1111,https://ecom-su-static-prod.wtrecom.com/images/products/3/LN_700523_BP_3.jpg,https://www.waitrose.com/ecom/products/bacardi-mango-mojito-premix-rum-cocktail/700523-805425-805426,Bacardi Mango Mojito Premix Rum Cocktail,250ml,£2.00,£8/litre,Mix & Match Add 4 for 3 Cheapest Item Free,Summer
859883,Vault City Brewing Rhubarb & Custard,G,true,1112,https://ecom-su-static-prod.wtrecom.com/images/products/3/LN_859883_BP_3.jpg,https://www.waitrose.com/ecom/products/vault-city-brewing-rhubarb-custard/859883-815442-815443,Vault City Brewing Rhubarb & Custard,440ml,£3.00,£6.82/litre,Mix & Match Add 5 for 4 Cheapest Item Free,Summer
406963,La Española Olive Oil,G,true,1113,https://ecom-su-static-prod.wtrecom.com/images/products/3/LN_406963_BP_3.jpg,https://www.waitrose.com/ecom/products/la-espanola-olive-oil/406963-805735-805736,La Española Olive Oil,1litre,£11.00,£1.10/100ml,save £2.00. Was £13.00,Summer
734714,Henry Westons Organic Still Cider,G,false,1114,https://ecom-su-static-prod.wtrecom.com/images/products/3/LN_734714_BP_3.jpg,https://www.waitrose.com/ecom/products/henry-westons-organic-still-cider/734714-776800-776801,Henry Westons Organic Still Cider,3L,£9.45,£3.15/litre,,Summer
744214,Heinz Tomato & Chilli Pasta Sauce,G,true,1115,https://ecom-su-static-prod.wtrecom.com/images/products/3/LN_744214_BP_3.jpg,https://www.waitrose.com/ecom/products/heinz-tomato-chilli-pasta-sauce/744214-802610-802611,Heinz Tomato & Chilli Pasta Sauce,350g,£1.50,42.9p/100g,save £1.00. Was £2.50,Summer
867931,Cadbury Dairy Milk Caramel Ice Cream Tub,G,true,1116,https://ecom-su-static-prod.wtrecom.com/images/products/3/LN_867931_BP_3.jpg,https://www.waitrose.com/ecom/products/cadbury-dairy-milk-caramel-ice-cream-tub/867931-824420-824421,Cadbury Dairy Milk Caramel Ice Cream Tub,480ml,£3.65,76p/100ml,Add 2 for £5,Summer
895666,Deliciously Ella Lightly Salted Cracker Thins,G,true,1117,https://ecom-su-static-prod.wtrecom.com/images/products/3/LN_895666_BP_3.jpg,https://www.waitrose.com/ecom/products/deliciously-ella-lightly-salted-cracker-thins/895666-819426-819427,Deliciously Ella Lightly Salted Cracker Thins,100g,£2.00,£2/100g,save 50p. Was £2.50,Summer
757132,Belvoir Non-Alcoholic Lime & Yuzu Mojito,G,true,1118,https://ecom-su-static-prod.wtrecom.com/images/products/3/LN_757132_BP_3.jpg,https://www.waitrose.com/ecom/products/belvoir-non-alcoholic-lime-yuzu-mojito/757132-791871-791872,Belvoir Non-Alcoholic Lime & Yuzu Mojito,750ml,£2.50,33.3p/100ml,save 90p. Was £3.40,Summer
661626,Eat Natural Energy Peanut Almond Cocoa Bars,G,true,1119,https://ecom-su-static-prod.wtrecom.com/images/products/3/LN_661626_BP_3.jpg,https://www.waitrose.com/ecom/products/eat-natural-energy-peanut-almond-cocoa-bars/661626-806685-806686,Eat Natural Energy Peanut Almond Cocoa Bars,3x40g,£2.00,£1.67/100g,Save 75p. Was £2.75,Summer
565745,Secret Cellar Pinot Grigio South Africa,W,true,1120,https://ecom-su-static-prod.wtrecom.com/images/products/3/LN_565745_BP_3.jpg,https://www.waitrose.com/ecom/products/secret-cellar-pinot-grigio-south-africa/565745-371420-371421,Secret Cellar Pinot Grigio South Africa,75cl,£7.49,£7.49/75cl,save £2.50. Was £9.99,Summer
504261,BFree Gluten Free Multigrain Wraps,G,false,1121,https://ecom-su-static-prod.wtrecom.com/images/products/3/LN_504261_BP_3.jpg,https://www.waitrose.com/ecom/products/bfree-gluten-free-multigrain-wraps/504261-721965-721966,BFree Gluten Free Multigrain Wraps,252g,£3.75,£1.49/100g,,Summer
799540,No. 1 Free Range Blossom Honey Roast Ham,E,false,1122,https://ecom-su-static-prod.wtrecom.com/images/products/3/LN_799540_BP_3.jpg,https://www.waitrose.com/ecom/products/no-1-free-range-blossom-honey-roast-ham/799540-506115-506116,No. 1 Free Range Blossom Honey Roast Ham,Typical weight 2.5kg,£60.00,£24/kg,,Summer
837490,Higgidy Cheddar & Sweet Chilli Dinky Rolls,G,true,1123,https://ecom-su-static-prod.wtrecom.com/images/products/3/LN_837490_BP_3.jpg,https://www.waitrose.com/ecom/products/higgidy-cheddar-sweet-chilli-dinky-rolls/837490-712837-712838,Higgidy Cheddar & Sweet Chilli Dinky Rolls,170g,£3.00,£1.77/100g,save £1.00. Was £4.00,Summer
865972,Ben & Jerry's Tony's LoveA-Fair Chocolate Caramel Ice Cream Tub,G,true,1124,https://ecom-su-static-prod.wtrecom.com/images/products/3/LN_865972_BP_3.jpg,https://www.waitrose.com/ecom/products/ben-jerrys-tonys-lovea-fair-chocolate-caramel-ice-cream-tub/865972-785848-785849,Ben & Jerry's Tony's LoveA-Fair Chocolate Caramel Ice Cream Tub,465ml,£3.75,80.6p/100ml,Save £2.05. Was £5.80,Summer
709854,33cm Geo Flowers Red Napkins,G,true,1125,https://ecom-su-static-prod.wtrecom.com/images/products/3/LN_709854_BP_3.jpg,https://www.waitrose.com/ecom/products/33cm-geo-flowers-red-napkins/709854-822591-822592,33cm Geo Flowers Red Napkins,20Sheet,£1.50,,25% Off. Was £2.00,Summer
645845,Sacla' Vegan Tomato Pesto,G,false,1126,https://ecom-su-static-prod.wtrecom.com/images/products/3/LN_645845_BP_3.jpg,https://www.waitrose.com/ecom/products/sacla-vegan-tomato-pesto/645845-450546-450547,Sacla' Vegan Tomato Pesto,190g,£3.35,£1.77/100g,,Summer
711505,Inch's Medium Apple Cider Can 10PK,G,true,1127,https://ecom-su-static-prod.wtrecom.com/images/products/3/LN_711505_BP_3.jpg,https://www.waitrose.com/ecom/products/inchs-medium-apple-cider-can-10pk/711505-803811-803812,Inch's Medium Apple Cider Can 10PK,10x440ml,£9.00,£2.05/litre,save £2.00. Was £11.00,Summer
539824,Lipton Ice Tea Lemon,G,false,1128,https://ecom-su-static-prod.wtrecom.com/images/products/3/LN_539824_BP_3.jpg,https://www.waitrose.com/ecom/products/lipton-ice-tea-lemon/539824-823599-823600,Lipton Ice Tea Lemon,6x330ml,£3.50,17.7p/100ml,,Summer
659472,The Kraken Black Spiced Rum,G,false,1129,https://ecom-su-static-prod.wtrecom.com/images/products/3/LN_659472_BP_3.jpg,https://www.waitrose.com/ecom/products/the-kraken-black-spiced-rum/659472-216013-216014,The Kraken Black Spiced Rum,700ml,£29.00,£41.43/litre,,Summer
661134,Genius Gluten Free Pancakes,G,false,1130,https://ecom-su-static-prod.wtrecom.com/images/products/3/LN_661134_BP_3.jpg,https://www.waitrose.com/ecom/products/genius-gluten-free-pancakes/661134-450560-450561,Genius Gluten Free Pancakes,6s,£2.50,41.7p each,,Summer
402141,The Tofoo Co. Pepperoni Seitan,G,false,1131,https://ecom-su-static-prod.wtrecom.com/images/products/3/LN_402141_BP_3.jpg,https://www.waitrose.com/ecom/products/the-tofoo-co-pepperoni-seitan/402141-825013-825014,The Tofoo Co. Pepperoni Seitan,225g,£2.50,£1.12/100g,,Summer
664774,New York Lemon Cheesecake,E,false,1132,https://ecom-su-static-prod.wtrecom.com/images/products/3/LN_664774_BP_3.jpg,https://www.waitrose.com/ecom/products/new-york-lemon-cheesecake/664774-752743-752744,New York Lemon Cheesecake,Typical weight 1kg,£15.00,£1.50/100g,,Summer
388016,Waitrose Frozen New York Cheesecake,G,false,1133,https://ecom-su-static-prod.wtrecom.com/images/products/3/LN_388016_BP_3.jpg,https://www.waitrose.com/ecom/products/waitrose-frozen-new-york-cheesecake/388016-127301-127302,Waitrose Frozen New York Cheesecake,490g,£4.55,92.9p/100g,,Summer
687666,Pipers Jalapeno & Dill Crisps,G,false,1134,https://ecom-su-static-prod.wtrecom.com/images/products/3/LN_687666_BP_3.jpg,https://www.waitrose.com/ecom/products/pipers-jalapeno-dill-crisps/687666-823709-823710,Pipers Jalapeno & Dill Crisps,150g,£3.00,£2/100g,,Summer
688494,No.1 Mature Cheddar Cheese & Caramelised Onion Rolls,G,true,1135,https://ecom-su-static-prod.wtrecom.com/images/products/3/LN_688494_BP_3.jpg,https://www.waitrose.com/ecom/products/no1-mature-cheddar-cheese-caramelised-onion-rolls/688494-827218-827219,No.1 Mature Cheddar Cheese & Caramelised Onion Rolls,188g,£3.04,£1.62/100g,Introductory Offer.Will be £3.80,Summer
530589,Ben & Jerry's Peanut Butter Cup Ice Cream Tub,G,true,1136,https://ecom-su-static-prod.wtrecom.com/images/products/3/LN_530589_BP_3.jpg,https://www.waitrose.com/ecom/products/ben-jerrys-peanut-butter-cup-ice-cream-tub/530589-304776-304777,Ben & Jerry's Peanut Butter Cup Ice Cream Tub,465ml,£3.75,80.6p/100ml,Save £1.75. Was £5.50,Summer
463752,Ben & Jerry's Cookie & Brownie Mini Ice Cream Tubs,G,false,1137,https://ecom-su-static-prod.wtrecom.com/images/products/3/LN_463752_BP_3.jpg,https://www.waitrose.com/ecom/products/ben-jerrys-cookie-brownie-mini-ice-cream-tubs/463752-806662-806662,Ben & Jerry's Cookie & Brownie Mini Ice Cream Tubs,4x100ml,£5.60,£1.40/100ml,,Summer
514303,Bacardi Raspberry Mojito Premix Rum Cocktail,G,true,1138,https://ecom-su-static-prod.wtrecom.com/images/products/3/LN_514303_BP_3.jpg,https://www.waitrose.com/ecom/products/bacardi-raspberry-mojito-premix-rum-cocktail/514303-805421-805422,Bacardi Raspberry Mojito Premix Rum Cocktail,250ml,£2.00,£8/litre,Mix & Match Add 4 for 3 Cheapest Item Free,Summer
965637,"Gü Frozen Caramel, Chocolate & Hazelnut Sundae",G,false,1139,https://ecom-su-static-prod.wtrecom.com/images/products/3/LN_965637_BP_3.jpg,https://www.waitrose.com/ecom/products/gu-frozen-caramel-chocolate-hazelnut-sundae/965637-827160-827161,"Gü Frozen Caramel, Chocolate & Hazelnut Sundae",4x79g,£6.00,£18.99/kg,,Summer
937519,Gü Frozen Clotted Cream & Chocolate Crunch Sundae,G,false,1140,https://ecom-su-static-prod.wtrecom.com/images/products/3/LN_937519_BP_3.jpg,https://www.waitrose.com/ecom/products/gu-frozen-clotted-cream-chocolate-crunch-sundae/937519-827150-827151,Gü Frozen Clotted Cream & Chocolate Crunch Sundae,4x73.5g,£6.00,£20.41/kg,,Summer
906897,Gü Frozen Double Salted Caramel & Mascarpone Sundae,G,false,1141,https://ecom-su-static-prod.wtrecom.com/images/products/3/LN_906897_BP_3.jpg,https://www.waitrose.com/ecom/products/gu-frozen-double-salted-caramel-mascarpone-sundae/906897-827140-827141,Gü Frozen Double Salted Caramel & Mascarpone Sundae,4x85g,£6.00,£17.65/kg,,Summer
899358,Waitrose Garden Copper Snail Barrier Tape,G,false,1142,https://ecom-su-static-prod.wtrecom.com/images/products/3/LN_899358_BP_3.jpg,https://www.waitrose.com/ecom/products/waitrose-garden-copper-snail-barrier-tape/899358-408158-408159,Waitrose Garden Copper Snail Barrier Tape,Each,£4.00,£4 each,,Summer
899136,Schär Gluten Free Waffles,G,false,1143,https://ecom-su-static-prod.wtrecom.com/images/products/3/LN_899136_BP_3.jpg,https://www.waitrose.com/ecom/products/schar-gluten-free-waffles/899136-745691-745692,Schär Gluten Free Waffles,100g,£2.50,£2.50/100g,,Summer
898860,ClearAnt Control Granules 300G,G,false,1144,https://ecom-su-static-prod.wtrecom.com/images/products/3/LN_898860_BP_3.jpg,https://www.waitrose.com/ecom/products/clearant-control-granules-300g/898860-816510-816511,ClearAnt Control Granules 300G,300g,£7.50,,,Summer
898215,Mahou Spanish Lager,G,true,1145,https://ecom-su-static-prod.wtrecom.com/images/products/3/LN_898215_BP_3.jpg,https://www.waitrose.com/ecom/products/mahou-spanish-lager/898215-822341-822342,Mahou Spanish Lager,4x330ml,£5.75,£4.36/litre,save 50p. Was £6.25,Summer
894577,Tanqueray Sevilla 0.0,G,false,1146,https://ecom-su-static-prod.wtrecom.com/images/products/3/LN_894577_BP_3.jpg,https://www.waitrose.com/ecom/products/tanqueray-sevilla-00/894577-805731-805732,Tanqueray Sevilla 0.0,70cl,£18.00,£25.72/litre,,Summer
894423,Monster Ultra Peachy Keen,G,false,1147,https://ecom-su-static-prod.wtrecom.com/images/products/3/LN_894423_BP_3.jpg,https://www.waitrose.com/ecom/products/monster-ultra-peachy-keen/894423-823903-823904,Monster Ultra Peachy Keen,4x500ml,£4.50,0.1p/100ml,,Summer
893941,Seedlip Garden 108 Non-Alcoholic Spirit,G,false,1148,https://ecom-su-static-prod.wtrecom.com/images/products/3/LN_893941_BP_3.jpg,https://www.waitrose.com/ecom/products/seedlip-garden-108-non-alcoholic-spirit/893941-572851-572852,Seedlip Garden 108 Non-Alcoholic Spirit,70cl,£22.00,£31.43/litre,,Summer
892427,JL Mango Round Board,G,false,1149,https://ecom-su-static-prod.wtrecom.com/images/products/3/LN_892427_BP_3.jpg,https://www.waitrose.com/ecom/products/jl-mango-round-board/892427-776548-776549,JL Mango Round Board,each,£17.00,£17 each,,Summer
889478,John Lewis Cream Paper Plates,G,false,1150,https://ecom-su-static-prod.wtrecom.com/images/products/3/LN_889478_BP_3.jpg,https://www.waitrose.com/ecom/products/john-lewis-cream-paper-plates/889478-722716-722717,John Lewis Cream Paper Plates,8s,£2.25,28.1p each,,Summer
886538,Dewdrop Window Feeder,G,false,1151,https://ecom-su-static-prod.wtrecom.com/images/products/3/LN_886538_BP_3.jpg,https://www.waitrose.com/ecom/products/dewdrop-window-feeder/886538-772403-772404,Dewdrop Window Feeder,Each,£14.99,£14.99 each,,Summer
885948,John Lewis Lisbon Dinner Plate,G,true,1152,https://ecom-su-static-prod.wtrecom.com/images/products/3/LN_885948_BP_3.jpg,https://www.waitrose.com/ecom/products/john-lewis-lisbon-dinner-plate/885948-821921-821922,John Lewis Lisbon Dinner Plate,each,£12.00,£12 each,Save 1/3. Was £18.00,Summer
883382,Crosta & Mollica Cherry Conserve,G,false,1153,https://ecom-su-static-prod.wtrecom.com/images/products/3/LN_883382_BP_3.jpg,https://www.waitrose.com/ecom/products/crosta-mollica-cherry-conserve/883382-801276-801277,Crosta & Mollica Cherry Conserve,240g,£2.55,£1.07/100g,,Summer
883010,450ml Sandwich Ocean Bound Plastic,G,false,1154,https://ecom-su-static-prod.wtrecom.com/images/products/3/LN_883010_BP_3.jpg,https://www.waitrose.com/ecom/products/450ml-sandwich-ocean-bound-plastic/883010-794098-794099,450ml Sandwich Ocean Bound Plastic,each,£5.00,£5 each,,Summer
881836,GEO COCKTAIL NAPKIN 25CM 20PK,G,true,1155,https://ecom-su-static-prod.wtrecom.com/images/products/3/LN_881836_BP_3.jpg,https://www.waitrose.com/ecom/products/geo-cocktail-napkin-25cm-20pk/881836-817435-817436,GEO COCKTAIL NAPKIN 25CM 20PK,20s,£1.12,,25% Off. Was £1.50,Summer
881043,Fentimans Rose Lemonade,G,false,1156,https://ecom-su-static-prod.wtrecom.com/images/products/3/LN_881043_BP_3.jpg,https://www.waitrose.com/ecom/products/fentimans-rose-lemonade/881043-823883-823884,Fentimans Rose Lemonade,4x275ml,£4.00,36.4p/100ml,,Summer
879055,John Lewis Grill Topper,G,false,1157,https://ecom-su-static-prod.wtrecom.com/images/products/3/LN_879055_BP_3.jpg,https://www.waitrose.com/ecom/products/john-lewis-grill-topper/879055-680738-680739,John Lewis Grill Topper,each,£15.99,£15.99 each,,Summer
876660,1ltr Square Bottle Ocean Bound Plastic,G,false,1158,https://ecom-su-static-prod.wtrecom.com/images/products/3/LN_876660_BP_3.jpg,https://www.waitrose.com/ecom/products/1ltr-square-bottle-ocean-bound-plastic/876660-783142-783143,1ltr Square Bottle Ocean Bound Plastic,each,£8.00,£8 each,,Summer
875104,Waitrose Compost Bin,G,false,1159,https://ecom-su-static-prod.wtrecom.com/images/products/3/LN_875104_BP_3.jpg,https://www.waitrose.com/ecom/products/waitrose-compost-bin/875104-772367-772368,Waitrose Compost Bin,Each,£15.50,£15.50 each,,Summer
874395,Stackable Coloured Bowls,G,true,1160,https://ecom-su-static-prod.wtrecom.com/images/products/3/LN_874395_BP_3.jpg,https://www.waitrose.com/ecom/products/stackable-coloured-bowls/874395-821911-821912,Stackable Coloured Bowls,4s,£12.00,£3 each,Save 1/3. Was £12.00,Summer
874244,John Lewis Handheld Fan 4'' Yellow,G,false,1161,https://ecom-su-static-prod.wtrecom.com/images/products/3/LN_874244_BP_3.jpg,https://www.waitrose.com/ecom/products/john-lewis-handheld-fan-4-yellow/874244-823228-823229,John Lewis Handheld Fan 4'' Yellow,each,£12.00,£12 each,,Summer
872321,Brewdog Gluten Free Punk IPA,G,false,1162,https://ecom-su-static-prod.wtrecom.com/images/products/3/LN_872321_BP_3.jpg,https://www.waitrose.com/ecom/products/brewdog-gluten-free-punk-ipa/872321-777236-777237,Brewdog Gluten Free Punk IPA,4x330ml,£6.55,£4.97/litre,,Summer
870077,Tails Cocktails Espresso Martini Premixed Vodka Cocktail,G,false,1163,https://ecom-su-static-prod.wtrecom.com/images/products/3/LN_870077_BP_3.jpg,https://www.waitrose.com/ecom/products/tails-cocktails-espresso-martini-premixed-vodka-cocktail/870077-778480-778481,Tails Cocktails Espresso Martini Premixed Vodka Cocktail,50cl,£16.00,£32/litre,,Summer
868940,Casamigos Reposado,G,false,1164,https://ecom-su-static-prod.wtrecom.com/images/products/3/LN_868940_BP_3.jpg,https://www.waitrose.com/ecom/products/casamigos-reposado/868940-813024-813025,Casamigos Reposado,70cl,£40.00,£57.15/litre,,Summer
864797,Ben & Jerry's Vanilla Pecan Blondie Ice Cream Tub,G,true,1165,https://ecom-su-static-prod.wtrecom.com/images/products/3/LN_864797_BP_3.jpg,https://www.waitrose.com/ecom/products/ben-jerrys-vanilla-pecan-blondie-ice-cream-tub/864797-802196-802197,Ben & Jerry's Vanilla Pecan Blondie Ice Cream Tub,465ml,£3.75,80.6p/100ml,Save £1.75. Was £5.50,Summer
864714,Grey Goose Essences Vodka Spritz Watermelon & Basil Premix,G,true,1166,https://ecom-su-static-prod.wtrecom.com/images/products/3/LN_864714_BP_3.jpg,https://www.waitrose.com/ecom/products/grey-goose-essences-vodka-spritz-watermelon-basil-premix/864714-776890-776891,Grey Goose Essences Vodka Spritz Watermelon & Basil Premix,250ml,£2.90,£11.60/litre,Mix & Match Add 4 for 3 Cheapest Item Free,Summer
864364,Magnum Mint Ice Cream Sticks,G,true,1167,https://ecom-su-static-prod.wtrecom.com/images/products/3/LN_864364_BP_3.jpg,https://www.waitrose.com/ecom/products/magnum-mint-ice-cream-sticks/864364-777230-777231,Magnum Mint Ice Cream Sticks,3x100ml,£3.50,£1.17/100ml,Add 2 for £5,Summer
864301,Hot Cold Water Bottle Hugga,G,false,1168,https://ecom-su-static-prod.wtrecom.com/images/products/3/LN_864301_BP_3.jpg,https://www.waitrose.com/ecom/products/hot-cold-water-bottle-hugga/864301-823867-823868,Hot Cold Water Bottle Hugga,each,£15.00,£15 each,,Summer
863905,Activo Boom Bat & Ball Set,G,false,1169,https://ecom-su-static-prod.wtrecom.com/images/products/3/LN_863905_BP_3.jpg,https://www.waitrose.com/ecom/products/activo-boom-bat-ball-set/863905-751711-751712,Activo Boom Bat & Ball Set,each,£8.00,£8 each,,Summer
863140,Weedol Rapid Weed Control,G,false,1170,https://ecom-su-static-prod.wtrecom.com/images/products/3/LN_863140_BP_3.jpg,https://www.waitrose.com/ecom/products/weedol-rapid-weed-control/863140-794434-794435,Weedol Rapid Weed Control,1litre,£7.00,70p/100ml,,Summer
862564,Martini Non-Alcoholic Vibrante Aperitivo Vermouth,G,true,1171,https://ecom-su-static-prod.wtrecom.com/images/products/3/LN_862564_BP_3.jpg,https://www.waitrose.com/ecom/products/martini-non-alcoholic-vibrante-aperitivo-vermouth/862564-810124-810125,Martini Non-Alcoholic Vibrante Aperitivo Vermouth,75cl,£8.00,£8/75cl,save £2.50. Was £10.50,Summer
861839,Cocktail Collection Ciroc Cosmopolitan,G,false,1172,https://ecom-su-static-prod.wtrecom.com/images/products/3/LN_861839_BP_3.jpg,https://www.waitrose.com/ecom/products/cocktail-collection-ciroc-cosmopolitan/861839-819300-819301,Cocktail Collection Ciroc Cosmopolitan,50cl,£15.00,£30/litre,,Summer
859941,Westland Lawn Thickener 80sqm,G,false,1173,https://ecom-su-static-prod.wtrecom.com/images/products/3/LN_859941_BP_3.jpg,https://www.waitrose.com/ecom/products/westland-lawn-thickener-80sqm/859941-817038-817039,Westland Lawn Thickener 80sqm,Each,£16.00,,,Summer
858586,Ben & Jerrys Spectacu-love Caramel Cinnamon Ice Cream Tub,G,true,1174,https://ecom-su-static-prod.wtrecom.com/images/products/3/LN_858586_BP_3.jpg,https://www.waitrose.com/ecom/products/ben-jerrys-spectacu-love-caramel-cinnamon-ice-cream-tub/858586-824416-824417,Ben & Jerrys Spectacu-love Caramel Cinnamon Ice Cream Tub,465ml,£3.75,80.6p/100ml,Save £1.75. Was £5.50,Summer
857645,Miracle Gro Complete Herbicide Free Lawn Feed,G,false,1175,https://ecom-su-static-prod.wtrecom.com/images/products/3/LN_857645_BP_3.jpg,https://www.waitrose.com/ecom/products/miracle-gro-complete-herbicide-free-lawn-feed/857645-816184-816185,Miracle Gro Complete Herbicide Free Lawn Feed,EACH,£15.00,,,Summer
856287,Bubble Flurry Eco,G,false,1176,https://ecom-su-static-prod.wtrecom.com/images/products/3/LN_856287_BP_3.jpg,https://www.waitrose.com/ecom/products/bubble-flurry-eco/856287-772313-772314,Bubble Flurry Eco,each,£4.00,£4 each,,Summer
855762,Valdo Aquarius Sparkling Rosé NV,W,false,1177,https://ecom-su-static-prod.wtrecom.com/images/products/3/LN_855762_BP_3.jpg,https://www.waitrose.com/ecom/products/valdo-aquarius-sparkling-rose-nv/855762-826196-826197,Valdo Aquarius Sparkling Rosé NV,75cl,£12.99,£12.99/75cl,,Summer
855442,John Lewis Corn On The Cob Holders,G,false,1178,https://ecom-su-static-prod.wtrecom.com/images/products/3/LN_855442_BP_3.jpg,https://www.waitrose.com/ecom/products/john-lewis-corn-on-the-cob-holders/855442-682075-682076,John Lewis Corn On The Cob Holders,8s,£6.00,75p each,,Summer
854574,Diagonal Check Cushion 50x50cm,G,true,1179,https://ecom-su-static-prod.wtrecom.com/images/products/3/LN_854574_BP_3.jpg,https://www.waitrose.com/ecom/products/diagonal-check-cushion-50x50cm/854574-823949-823950,Diagonal Check Cushion 50x50cm,each,£10.00,£10 each,Save 1/3. Was £15.00,Summer
853740,John Lewis Anyday Stackable Coloured Tumblers Set Of 4,G,true,1180,https://ecom-su-static-prod.wtrecom.com/images/products/3/LN_853740_BP_3.jpg,https://www.waitrose.com/ecom/products/john-lewis-anyday-stackable-coloured-tumblers-set-of-4/853740-821893-821894,John Lewis Anyday Stackable Coloured Tumblers Set Of 4,4s,£11.00,£2.75 each,Save 1/3. Was £11.00,Summer
851701,Jubel Beer Cut with Peach,G,false,1181,https://ecom-su-static-prod.wtrecom.com/images/products/3/LN_851701_BP_3.jpg,https://www.waitrose.com/ecom/products/jubel-beer-cut-with-peach/851701-802950-802951,Jubel Beer Cut with Peach,4x330ml,£6.75,£5.12/litre,,Summer
851102,The Glenlivet Caribbean Reserve Single Malt Whisky,G,false,1182,https://ecom-su-static-prod.wtrecom.com/images/products/3/LN_851102_BP_3.jpg,https://www.waitrose.com/ecom/products/the-glenlivet-caribbean-reserve-single-malt-whisky/851102-744079-744080,The Glenlivet Caribbean Reserve Single Malt Whisky,70cl,£41.50,£59.29/litre,,Summer
850806,Touch of Strawberry Sparkling Sugar Free Flavoured Water by Volvic,G,true,1183,https://ecom-su-static-prod.wtrecom.com/images/products/3/LN_850806_BP_3.jpg,https://www.waitrose.com/ecom/products/touch-of-strawberry-sparkling-sugar-free-flavoured-water-by-volvic/850806-823853-823854,Touch of Strawberry Sparkling Sugar Free Flavoured Water by Volvic,4x330ml,£2.50,18.9p/100ml,save 90p. Was £3.40,Summer
850511,Heinz Roasted Tomato & Black Garlic Pasta Sauce,G,true,1184,https://ecom-su-static-prod.wtrecom.com/images/products/3/LN_850511_BP_3.jpg,https://www.waitrose.com/ecom/products/heinz-roasted-tomato-black-garlic-pasta-sauce/850511-815023-815024,Heinz Roasted Tomato & Black Garlic Pasta Sauce,350g,£1.50,42.9p/100g,save £1.00. Was £2.50,Summer
847660,Bees Cotton Grips Medium Gloves,G,false,1185,https://ecom-su-static-prod.wtrecom.com/images/products/3/LN_847660_BP_3.jpg,https://www.waitrose.com/ecom/products/bees-cotton-grips-medium-gloves/847660-794524-794525,Bees Cotton Grips Medium Gloves,3s,£6.00,£2 each,,Summer
844149,Waitrose King Prawns in Paprika & Garlic,G,false,1186,https://ecom-su-static-prod.wtrecom.com/images/products/3/LN_844149_BP_3.jpg,https://www.waitrose.com/ecom/products/waitrose-king-prawns-in-paprika-garlic/844149-791953-791954,Waitrose King Prawns in Paprika & Garlic,150g,£4.50,£3/100g,,Summer
843311,Gluten Free Twix Chocolate & Caramel Cookie Multipack,G,false,1187,https://ecom-su-static-prod.wtrecom.com/images/products/3/LN_843311_BP_3.jpg,https://www.waitrose.com/ecom/products/gluten-free-twix-chocolate-caramel-cookie-multipack/843311-812571-812572,Gluten Free Twix Chocolate & Caramel Cookie Multipack,4x30g,£2.95,£2.46/100g,,Summer
842019,Taylors of Harrogate Rich Italian Beans,G,false,1188,https://ecom-su-static-prod.wtrecom.com/images/products/3/LN_842019_BP_3.jpg,https://www.waitrose.com/ecom/products/taylors-of-harrogate-rich-italian-beans/842019-793174-793175,Taylors of Harrogate Rich Italian Beans,700g,£11.00,£1.58/100g,,Summer
841700,Jude's Vegan Salted Caramel Ice Cream Sticks,G,true,1189,https://ecom-su-static-prod.wtrecom.com/images/products/3/LN_841700_BP_3.jpg,https://www.waitrose.com/ecom/products/judes-vegan-salted-caramel-ice-cream-sticks/841700-782820-782821,Jude's Vegan Salted Caramel Ice Cream Sticks,3x80ml,£3.00,£1.25/100ml,save £1.15. Was £4.15,Summer
841653,John Lewis Lisbon Bowls Set,G,true,1190,https://ecom-su-static-prod.wtrecom.com/images/products/3/LN_841653_BP_3.jpg,https://www.waitrose.com/ecom/products/john-lewis-lisbon-bowls-set/841653-821881-821882,John Lewis Lisbon Bowls Set,4s,£10.00,£2.50 each,Save 1/3. Was £15.00,Summer
841382,Seedlip Spice 94 Aromatic Non-Alcoholic Spirit,G,false,1191,https://ecom-su-static-prod.wtrecom.com/images/products/3/LN_841382_BP_3.jpg,https://www.waitrose.com/ecom/products/seedlip-spice-94-aromatic-non-alcoholic-spirit/841382-572751-572752,Seedlip Spice 94 Aromatic Non-Alcoholic Spirit,70cl,£22.00,£31.43/litre,,Summer
840603,No.1 Dry Aged Bone in Sirloin of British Beef,E,false,1192,https://ecom-su-static-prod.wtrecom.com/images/products/3/LN_840603_BP_3.jpg,https://www.waitrose.com/ecom/products/no1-dry-aged-bone-in-sirloin-of-british-beef/840603-701754-701755,No.1 Dry Aged Bone in Sirloin of British Beef,(1.2kg-1.7kg),£42-£60 each est.,£35 / kg,,Summer
839459,Pentire Coastal Spritz Non-Alcoholic Spirit,G,true,1193,https://ecom-su-static-prod.wtrecom.com/images/products/3/LN_839459_BP_3.jpg,https://www.waitrose.com/ecom/products/pentire-coastal-spritz-non-alcoholic-spirit/839459-810116-810117,Pentire Coastal Spritz Non-Alcoholic Spirit,700ml,£21.60,£3.09/100ml,20% Off. Was £27.00,Summer
838804,1664 Blanc Lager Bottles,G,true,1194,https://ecom-su-static-prod.wtrecom.com/images/products/3/LN_838804_BP_3.jpg,https://www.waitrose.com/ecom/products/1664-blanc-lager-bottles/838804-822273-822274,1664 Blanc Lager Bottles,12x330ml,£15.00,£3.79/litre,save £3.00. Was £18.00,Summer
838266,Ciroc Passion & Lemonade,G,true,1195,https://ecom-su-static-prod.wtrecom.com/images/products/3/LN_838266_BP_3.jpg,https://www.waitrose.com/ecom/products/ciroc-passion-lemonade/838266-822845-822846,Ciroc Passion & Lemonade,250ml,£2.90,£11.60/litre,Mix & Match Add 4 for 3 Cheapest Item Free,Summer
837454,Campari Negroni Ready to Drink,G,true,1196,https://ecom-su-static-prod.wtrecom.com/images/products/3/LN_837454_BP_3.jpg,https://www.waitrose.com/ecom/products/campari-negroni-ready-to-drink/837454-791245-791246,Campari Negroni Ready to Drink,50cl,£19.00,£38/litre,save £3.00. Was £22.00,Summer
835867,J2O Party Pack Apple & Raspberry,G,false,1197,https://ecom-su-static-prod.wtrecom.com/images/products/3/LN_835867_BP_3.jpg,https://www.waitrose.com/ecom/products/j2o-party-pack-apple-raspberry/835867-757511-757512,J2O Party Pack Apple & Raspberry,10x275ml,£6.50,23.6p/100ml,,Summer
831162,Bombay Citron Presse Citrus Collins Premix Gin Cocktail,G,true,1198,https://ecom-su-static-prod.wtrecom.com/images/products/3/LN_831162_BP_3.jpg,https://www.waitrose.com/ecom/products/bombay-citron-presse-citrus-collins-premix-gin-cocktail/831162-805429-805430,Bombay Citron Presse Citrus Collins Premix Gin Cocktail,250ml,£2.60,£10.40/litre,Mix & Match Add 4 for 3 Cheapest Item Free,Summer
830663,Sacla' Coriander & Chilli Pesto,G,true,1199,https://ecom-su-static-prod.wtrecom.com/images/products/3/LN_830663_BP_3.jpg,https://www.waitrose.com/ecom/products/sacla-coriander-chilli-pesto/830663-785186-785187,Sacla' Coriander & Chilli Pesto,190g,£2.50,£1.32/100g,save £1.00. Was £3.50,Summer
829701,Nest It 5 Pack Mixed Sizes,G,false,1200,https://ecom-su-static-prod.wtrecom.com/images/products/3/LN_829701_BP_3.jpg,https://www.waitrose.com/ecom/products/nest-it-5-pack-mixed-sizes/829701-782938-782939,Nest It 5 Pack Mixed Sizes,5s,£15.00,£3 each,,Summer
828576,Heinz Lemon Ricotta Pasta Sauce,G,true,1201,https://ecom-su-static-prod.wtrecom.com/images/products/3/LN_828576_BP_3.jpg,https://www.waitrose.com/ecom/products/heinz-lemon-ricotta-pasta-sauce/828576-815017-815018,Heinz Lemon Ricotta Pasta Sauce,350g,£1.50,42.9p/100g,save £1.00. Was £2.50,Summer
827819,PlantGrow Indoor Houseplant Booster,G,false,1202,https://ecom-su-static-prod.wtrecom.com/images/products/3/LN_827819_BP_3.jpg,https://www.waitrose.com/ecom/products/plantgrow-indoor-houseplant-booster/827819-794426-794427,PlantGrow Indoor Houseplant Booster,2500ml,£10.00,40p/100ml,,Summer
823632,John Lewis Acrylic Beer Goblet,G,false,1203,https://ecom-su-static-prod.wtrecom.com/images/products/3/LN_823632_BP_3.jpg,https://www.waitrose.com/ecom/products/john-lewis-acrylic-beer-goblet/823632-658751-658752,John Lewis Acrylic Beer Goblet,each,£4.50,£4.50 each,,Summer
822591,Old Mout Cider Berries & Cherries Can 4PK,G,false,1204,https://ecom-su-static-prod.wtrecom.com/images/products/3/LN_822591_BP_3.jpg,https://www.waitrose.com/ecom/products/old-mout-cider-berries-cherries-can-4pk/822591-822259-822260,Old Mout Cider Berries & Cherries Can 4PK,4x330ml,£5.50,£4.17/litre,,Summer
822238,John Lewis Coastal Napkin 33cm,G,true,1205,https://ecom-su-static-prod.wtrecom.com/images/products/3/LN_822238_BP_3.jpg,https://www.waitrose.com/ecom/products/john-lewis-coastal-napkin-33cm/822238-794994-794995,John Lewis Coastal Napkin 33cm,20s,£1.50,7.5p each,25% Off. Was £2.00,Summer
819955,Robinsons Elderflower Cordial,G,true,1206,https://ecom-su-static-prod.wtrecom.com/images/products/3/LN_819955_BP_3.jpg,https://www.waitrose.com/ecom/products/robinsons-elderflower-cordial/819955-824914-824915,Robinsons Elderflower Cordial,500ml,£2.50,50p/100ml,save 65p. Was £3.15,Summer
819276,Sipsmith FreeGlider Non-alcoholic Spirit,G,true,1207,https://ecom-su-static-prod.wtrecom.com/images/products/3/LN_819276_BP_3.jpg,https://www.waitrose.com/ecom/products/sipsmith-freeglider-non-alcoholic-spirit/819276-747590-747591,Sipsmith FreeGlider Non-alcoholic Spirit,70cl,£15.00,£21.43/litre,save £4.00. Was £19.00,Summer
819170,Lekue Ice Tray Round Blue,G,true,1208,https://ecom-su-static-prod.wtrecom.com/images/products/3/LN_819170_BP_3.jpg,https://www.waitrose.com/ecom/products/lekue-ice-tray-round-blue/819170-821869-821870,Lekue Ice Tray Round Blue,each,£4.87,£4.87 each,25% Off. Was £6.50,Summer
816864,Weedol Path & Gravel Control,G,false,1209,https://ecom-su-static-prod.wtrecom.com/images/products/3/LN_816864_BP_3.jpg,https://www.waitrose.com/ecom/products/weedol-path-gravel-control/816864-794412-794413,Weedol Path & Gravel Control,1litre,£7.00,70p/100ml,,Summer
810662,118x180CM Duni Yellow Table Cover,G,true,1210,https://ecom-su-static-prod.wtrecom.com/images/products/3/LN_810662_BP_3.jpg,https://www.waitrose.com/ecom/products/118x180cm-duni-yellow-table-cover/810662-822653-822654,118x180CM Duni Yellow Table Cover,1Each,£2.62,£2.62 each,25% Off. Was £3.50,Summer
810498,Jack Daniel's & Coca-Cola,G,true,1211,https://ecom-su-static-prod.wtrecom.com/images/products/3/LN_810498_BP_3.jpg,https://www.waitrose.com/ecom/products/jack-daniels-coca-cola/810498-805427-805428,Jack Daniel's & Coca-Cola,330ml,£2.30,£6.97/litre,Mix & Match Add 4 for 3 Cheapest Item Free,Summer
809879,"Lékué Ice Cube Box, White",G,true,1212,https://ecom-su-static-prod.wtrecom.com/images/products/3/LN_809879_BP_3.jpg,https://www.waitrose.com/ecom/products/lekue-ice-cube-box-white/809879-824005-824006,"Lékué Ice Cube Box, White",each,£9.67,£9.67 each,25% Off. Was £12.90,Summer
807690,Grey Goose Essences Vodka Spritz Strawberry & Lemon Premix,G,true,1213,https://ecom-su-static-prod.wtrecom.com/images/products/3/LN_807690_BP_3.jpg,https://www.waitrose.com/ecom/products/grey-goose-essences-vodka-spritz-strawberry-lemon-premix/807690-776852-776853,Grey Goose Essences Vodka Spritz Strawberry & Lemon Premix,250ml,£2.90,£11.60/litre,Mix & Match Add 4 for 3 Cheapest Item Free,Summer
807160,Fanta Fruit Twist,G,false,1214,https://ecom-su-static-prod.wtrecom.com/images/products/3/LN_807160_BP_3.jpg,https://www.waitrose.com/ecom/products/fanta-fruit-twist/807160-823805-823806,Fanta Fruit Twist,18x330ml,£7.50,0.1p/100ml,,Summer
807017,Unearthed Paprika & Chilli Anchovies,G,true,1215,https://ecom-su-static-prod.wtrecom.com/images/products/3/LN_807017_BP_3.jpg,https://www.waitrose.com/ecom/products/unearthed-paprika-chilli-anchovies/807017-824602-824603,Unearthed Paprika & Chilli Anchovies,100g,£2.25,£2.25/100g,25% Off. Was £3.00,Summer
806583,Mutti Parma Doppio Concentrato Di Pomodoro,G,false,1216,https://ecom-su-static-prod.wtrecom.com/images/products/3/LN_806583_BP_3.jpg,https://www.waitrose.com/ecom/products/mutti-parma-doppio-concentrato-di-pomodoro/806583-806836-806837,Mutti Parma Doppio Concentrato Di Pomodoro,140g,£1.50,£1.08/100g,,Summer
806334,British Native Breed Whole Shin of Beef,E,false,1217,https://ecom-su-static-prod.wtrecom.com/images/products/3/LN_806334_BP_3.jpg,https://www.waitrose.com/ecom/products/british-native-breed-whole-shin-of-beef/806334-415394-415395,British Native Breed Whole Shin of Beef,(2kg-2.8kg),£20-£28 each est.,£10 / kg,,Summer
803452,Doritos Spicy Guacamole Sharing Dip,G,true,1218,https://ecom-su-static-prod.wtrecom.com/images/products/3/LN_803452_BP_3.jpg,https://www.waitrose.com/ecom/products/doritos-spicy-guacamole-sharing-dip/803452-804188-804189,Doritos Spicy Guacamole Sharing Dip,270g,£1.75,64.8p/100g,save 75p. Was £2.50,Summer
802411,Sistema 500ml Stainless Steel Bottle Assorted Colours,G,false,1219,https://ecom-su-static-prod.wtrecom.com/images/products/3/LN_802411_BP_3.jpg,https://www.waitrose.com/ecom/products/sistema-500ml-stainless-steel-bottle-assorted-colours/802411-689614-689615,Sistema 500ml Stainless Steel Bottle Assorted Colours,each,£15.00,£15 each,,Summer
802043,Casamigos Blanco Tequila,G,true,1220,https://ecom-su-static-prod.wtrecom.com/images/products/3/LN_802043_BP_3.jpg,https://www.waitrose.com/ecom/products/casamigos-blanco-tequila/802043-728510-728511,Casamigos Blanco Tequila,70cl,£35.00,£50/litre,save £15.00. Was £50.00,Summer
801834,John Lewis Portable BBQ,G,false,1221,https://ecom-su-static-prod.wtrecom.com/images/products/3/LN_801834_BP_3.jpg,https://www.waitrose.com/ecom/products/john-lewis-portable-bbq/801834-794764-794765,John Lewis Portable BBQ,each,£29.99,£29.99 each,,Summer
800620,John Lewis Handheld Sage Fan,G,false,1222,https://ecom-su-static-prod.wtrecom.com/images/products/3/LN_800620_BP_3.jpg,https://www.waitrose.com/ecom/products/john-lewis-handheld-sage-fan/800620-806653-806654,John Lewis Handheld Sage Fan,each,£12.00,£12 each,,Summer
799160,Bubble Solution 1L Transparent Bottle,G,false,1223,https://ecom-su-static-prod.wtrecom.com/images/products/3/LN_799160_BP_3.jpg,https://www.waitrose.com/ecom/products/bubble-solution-1l-transparent-bottle/799160-807225-807226,Bubble Solution 1L Transparent Bottle,each,£1.99,£1.99 each,,Summer
795958,John Lewis Infusing Jug,G,true,1224,https://ecom-su-static-prod.wtrecom.com/images/products/3/LN_795958_BP_3.jpg,https://www.waitrose.com/ecom/products/john-lewis-infusing-jug/795958-658653-658654,John Lewis Infusing Jug,each,£15.00,£15 each,25% Off. Was £15.00,Summer
794331,Miracle-Gro Pour & Feed All Purpose,G,true,1225,https://ecom-su-static-prod.wtrecom.com/images/products/3/LN_794331_BP_3.jpg,https://www.waitrose.com/ecom/products/miracle-gro-pour-feed-all-purpose/794331-794404-794405,Miracle-Gro Pour & Feed All Purpose,1litre,£4.50,45p/100ml,25% Off. Was £6.00,Summer
790840,Schär Gluten Free Taralli,G,false,1226,https://ecom-su-static-prod.wtrecom.com/images/products/3/LN_790840_BP_3.jpg,https://www.waitrose.com/ecom/products/schar-gluten-free-taralli/790840-791203-791204,Schär Gluten Free Taralli,120g,£2.55,£2.13/100g,,Summer
785823,R Whites Lemonade,G,false,1227,https://ecom-su-static-prod.wtrecom.com/images/products/3/LN_785823_BP_3.jpg,https://www.waitrose.com/ecom/products/r-whites-lemonade/785823-823785-823786,R Whites Lemonade,24x330ml,£8.00,10.1p/100ml,,Summer
782233,No.1 Espresso Martini,G,true,1228,https://ecom-su-static-prod.wtrecom.com/images/products/3/LN_782233_BP_3.jpg,https://www.waitrose.com/ecom/products/no1-espresso-martini/782233-812539-812540,No.1 Espresso Martini,50cl,£14.00,£28/litre,save £4.00. Was £18.00,Summer
780620,Peckish Extra Goodness Nuggets,G,false,1229,https://ecom-su-static-prod.wtrecom.com/images/products/3/LN_780620_BP_3.jpg,https://www.waitrose.com/ecom/products/peckish-extra-goodness-nuggets/780620-802622-802623,Peckish Extra Goodness Nuggets,1Kg,£4.50,£4.50/kg,,Summer
780506,Häagen-Dazs Macaron Collection Ice Cream,G,false,1230,https://ecom-su-static-prod.wtrecom.com/images/products/3/LN_780506_BP_3.jpg,https://www.waitrose.com/ecom/products/haagen-dazs-macaron-collection-ice-cream/780506-824401-824401,Häagen-Dazs Macaron Collection Ice Cream,4x95ml,£5.65,£1.49/100ml,,Summer
779053,Lillet Rosé Wine-Based Aperitif,G,false,1231,https://ecom-su-static-prod.wtrecom.com/images/products/3/LN_779053_BP_3.jpg,https://www.waitrose.com/ecom/products/lillet-rose-wine-based-aperitif/779053-778414-778415,Lillet Rosé Wine-Based Aperitif,75cl,£20.00,£26.67/litre,,Summer
778597,Tinc Hot Cold Water Bottle Mallo,G,false,1232,https://ecom-su-static-prod.wtrecom.com/images/products/3/LN_778597_BP_3.jpg,https://www.waitrose.com/ecom/products/tinc-hot-cold-water-bottle-mallo/778597-823773-823774,Tinc Hot Cold Water Bottle Mallo,each,£15.00,£15 each,,Summer
773236,John Lewis Anyday Wine Glass Set Of 4 Ribbed Blue,G,true,1233,https://ecom-su-static-prod.wtrecom.com/images/products/3/LN_773236_BP_3.jpg,https://www.waitrose.com/ecom/products/john-lewis-anyday-wine-glass-set-of-4-ribbed-blue/773236-821851-821852,John Lewis Anyday Wine Glass Set Of 4 Ribbed Blue,4s,£9.00,£2.25 each,Save 1/3. Was £9.00,Summer
771581,Montecillo Reserva Rioja,W,true,1234,https://ecom-su-static-prod.wtrecom.com/images/products/3/LN_771581_BP_3.jpg,https://www.waitrose.com/ecom/products/montecillo-reserva-rioja/771581-812970-812971,Montecillo Reserva Rioja,75cl,£10.99,£10.99/75cl,save £5.00. Was £15.99,Summer
768622,John Lewis Classic Side Plate,G,false,1235,https://ecom-su-static-prod.wtrecom.com/images/products/3/LN_768622_BP_3.jpg,https://www.waitrose.com/ecom/products/john-lewis-classic-side-plate/768622-821849-821850,John Lewis Classic Side Plate,each,£12.00,£12 each,,Summer
765367,Brewdog Wingman,G,true,1236,https://ecom-su-static-prod.wtrecom.com/images/products/3/LN_765367_BP_3.jpg,https://www.waitrose.com/ecom/products/brewdog-wingman/765367-815359-815360,Brewdog Wingman,440ml,£3.00,£6.82/litre,Mix & Match Add 5 for 4 Cheapest Item Free,Summer
765175,KP Spicy Chilli Flavour Peanuts,G,true,1237,https://ecom-su-static-prod.wtrecom.com/images/products/3/LN_765175_BP_3.jpg,https://www.waitrose.com/ecom/products/kp-spicy-chilli-flavour-peanuts/765175-812527-812528,KP Spicy Chilli Flavour Peanuts,225g,£3.25,£1.45/100g,Add 2 for £5.50,Summer
763532,Cocktail Collection Johnnie Walker Old Fashioned,G,false,1238,https://ecom-su-static-prod.wtrecom.com/images/products/3/LN_763532_BP_3.jpg,https://www.waitrose.com/ecom/products/cocktail-collection-johnnie-walker-old-fashioned/763532-818965-818966,Cocktail Collection Johnnie Walker Old Fashioned,50cl,£15.00,£30/litre,,Summer
762190,John Lewis Lisbon Stripe Hi Ball Blue,G,true,1239,https://ecom-su-static-prod.wtrecom.com/images/products/3/LN_762190_BP_3.jpg,https://www.waitrose.com/ecom/products/john-lewis-lisbon-stripe-hi-ball-blue/762190-821847-821848,John Lewis Lisbon Stripe Hi Ball Blue,each,£3.00,£3 each,Save 1/3. Was £4.50,Summer
761446,Lékué Stackable Ice Mini Lolly Mould,G,true,1240,https://ecom-su-static-prod.wtrecom.com/images/products/3/LN_761446_BP_3.jpg,https://www.waitrose.com/ecom/products/lekue-stackable-ice-mini-lolly-mould/761446-785544-785545,Lékué Stackable Ice Mini Lolly Mould,each,£12.67,£12.67 each,25% Off. Was £16.90,Summer
760773,Spear & Jackson Fabric Twin Pack Grow Bags,G,false,1241,https://ecom-su-static-prod.wtrecom.com/images/products/3/LN_760773_BP_3.jpg,https://www.waitrose.com/ecom/products/spear-jackson-fabric-twin-pack-grow-bags/760773-745381-745382,Spear & Jackson Fabric Twin Pack Grow Bags,each,£13.00,,,Summer
758883,Camden Eazy IPA,G,false,1242,https://ecom-su-static-prod.wtrecom.com/images/products/3/LN_758883_BP_3.jpg,https://www.waitrose.com/ecom/products/camden-eazy-ipa/758883-815355-815356,Camden Eazy IPA,4x330ml,£6.75,£5.12/litre,,Summer
757764,John Lewis Anyday Grid Rug,G,false,1243,https://ecom-su-static-prod.wtrecom.com/images/products/3/LN_757764_BP_3.jpg,https://www.waitrose.com/ecom/products/john-lewis-anyday-grid-rug/757764-821845-821846,John Lewis Anyday Grid Rug,each,£12.00,£12 each,,Summer
756621,John Lewis Acrylic Tumbler,G,false,1244,https://ecom-su-static-prod.wtrecom.com/images/products/3/LN_756621_BP_3.jpg,https://www.waitrose.com/ecom/products/john-lewis-acrylic-tumbler/756621-658571-658572,John Lewis Acrylic Tumbler,each,£3.50,£3.50 each,,Summer
755327,Waitrose Free From Gluten Danish Swirl,G,false,1245,https://ecom-su-static-prod.wtrecom.com/images/products/3/LN_755327_BP_3.jpg,https://www.waitrose.com/ecom/products/waitrose-free-from-gluten-danish-swirl/755327-768539-768540,Waitrose Free From Gluten Danish Swirl,2s,£2.95,£1.48 each,,Summer
750738,Häagen-Dazs Bites Salted Caramel Ice Cream,G,true,1246,https://ecom-su-static-prod.wtrecom.com/images/products/3/LN_750738_BP_3.jpg,https://www.waitrose.com/ecom/products/haagen-dazs-bites-salted-caramel-ice-cream/750738-824397-824398,Häagen-Dazs Bites Salted Caramel Ice Cream,128ml,£3.50,£2.74/100ml,save £1.50. Was £5.00,Summer
750717,Touch of Mango Passion Sparkling Sugar Free Flavoured Water by Volvic,G,true,1247,https://ecom-su-static-prod.wtrecom.com/images/products/3/LN_750717_BP_3.jpg,https://www.waitrose.com/ecom/products/touch-of-mango-passion-sparkling-sugar-free-flavoured-water-by-volvic/750717-823761-823762,Touch of Mango Passion Sparkling Sugar Free Flavoured Water by Volvic,4x330ml,£2.50,18.9p/100ml,save 90p. Was £3.40,Summer
747441,Smirnoff Passionfruit Martini Cocktail Premix Can,G,true,1248,https://ecom-su-static-prod.wtrecom.com/images/products/3/LN_747441_BP_3.jpg,https://www.waitrose.com/ecom/products/smirnoff-passionfruit-martini-cocktail-premix-can/747441-756075-756076,Smirnoff Passionfruit Martini Cocktail Premix Can,250ml,£2.60,£10.40/litre,Mix & Match Add 4 for 3 Cheapest Item Free,Summer
745721,Pepsi Max Cherry,G,false,1249,https://ecom-su-static-prod.wtrecom.com/images/products/3/LN_745721_BP_3.jpg,https://www.waitrose.com/ecom/products/pepsi-max-cherry/745721-780381-780382,Pepsi Max Cherry,24x330ml,£9.00,11.4p/100ml,,Summer
745181,Waitrose Home Stainless Steel Skewers,G,false,1250,https://ecom-su-static-prod.wtrecom.com/images/products/3/LN_745181_BP_3.jpg,https://www.waitrose.com/ecom/products/waitrose-home-stainless-steel-skewers/745181-680405-680406,Waitrose Home Stainless Steel Skewers,6s,£4.99,83.2p each,,Summer
742779,Unearthed Anchovy Banderillas,G,true,1251,https://ecom-su-static-prod.wtrecom.com/images/products/3/LN_742779_BP_3.jpg,https://www.waitrose.com/ecom/products/unearthed-anchovy-banderillas/742779-804338-804339,Unearthed Anchovy Banderillas,150g,£2.62,£1.75/100g,25% Off. Was £3.50,Summer
739603,Waitrose French Dressing,G,false,1252,https://ecom-su-static-prod.wtrecom.com/images/products/3/LN_739603_BP_3.jpg,https://www.waitrose.com/ecom/products/waitrose-french-dressing/739603-826766-826767,Waitrose French Dressing,235ml,£2.20,93.6p/100ml,,Summer
739443,Tails Cocktails Passion Fruit Martini Premixed Cocktail,G,false,1253,https://ecom-su-static-prod.wtrecom.com/images/products/3/LN_739443_BP_3.jpg,https://www.waitrose.com/ecom/products/tails-cocktails-passion-fruit-martini-premixed-cocktail/739443-778390-778391,Tails Cocktails Passion Fruit Martini Premixed Cocktail,50cl,£16.00,£32/litre,,Summer
736956,Roku Japanese Gin Premium Craft Gin,G,true,1254,https://ecom-su-static-prod.wtrecom.com/images/products/3/LN_736956_BP_3.jpg,https://www.waitrose.com/ecom/products/roku-japanese-gin-premium-craft-gin/736956-654267-654268,Roku Japanese Gin Premium Craft Gin,70cl,£26.00,£37.15/litre,save £7.50. Was £33.50,Summer
735971,CleanCo Clean G Rhubarb Non-Alcoholic Gin Replacement,G,true,1255,https://ecom-su-static-prod.wtrecom.com/images/products/3/LN_735971_BP_3.jpg,https://www.waitrose.com/ecom/products/cleanco-clean-g-rhubarb-non-alcoholic-gin-replacement/735971-793548-793549,CleanCo Clean G Rhubarb Non-Alcoholic Gin Replacement,70cl,£12.00,£17.15/litre,save £5.00. Was £17.00,Summer
734728,Waitrose Garden Climbing Plant Wire 50m,G,false,1256,https://ecom-su-static-prod.wtrecom.com/images/products/3/LN_734728_BP_3.jpg,https://www.waitrose.com/ecom/products/waitrose-garden-climbing-plant-wire-50m/734728-407286-407287,Waitrose Garden Climbing Plant Wire 50m,Each,£4.00,£4 each,,Summer
733163,CleanCo Clean W Non-Alcoholic Whiskey,G,false,1257,https://ecom-su-static-prod.wtrecom.com/images/products/3/LN_733163_BP_3.jpg,https://www.waitrose.com/ecom/products/cleanco-clean-w-non-alcoholic-whiskey/733163-793542-793543,CleanCo Clean W Non-Alcoholic Whiskey,70cl,£18.00,£25.72/litre,,Summer
732396,John Lewis Anyday 3 Piece Barbecue Tool Set,G,false,1258,https://ecom-su-static-prod.wtrecom.com/images/products/3/LN_732396_BP_3.jpg,https://www.waitrose.com/ecom/products/john-lewis-anyday-3-piece-barbecue-tool-set/732396-680389-680390,John Lewis Anyday 3 Piece Barbecue Tool Set,each,£11.99,£11.99 each,,Summer
729100,Guinness 0.0%,G,false,1259,https://ecom-su-static-prod.wtrecom.com/images/products/3/LN_729100_BP_3.jpg,https://www.waitrose.com/ecom/products/guinness-00/729100-805723-805724,Guinness 0.0%,10x440ml,£12.00,£2.73/litre,,Summer
727742,Rosa Blanca Cans,G,false,1260,https://ecom-su-static-prod.wtrecom.com/images/products/3/LN_727742_BP_3.jpg,https://www.waitrose.com/ecom/products/rosa-blanca-cans/727742-822195-822196,Rosa Blanca Cans,4x440ml,£5.00,£2.85/litre,,Summer
726952,Waitrose Home Barbecue Grill Basket,G,false,1261,https://ecom-su-static-prod.wtrecom.com/images/products/3/LN_726952_BP_3.jpg,https://www.waitrose.com/ecom/products/waitrose-home-barbecue-grill-basket/726952-680383-680384,Waitrose Home Barbecue Grill Basket,each,£10.99,£10.99 each,,Summer
726389,Bucket & Spade,G,false,1262,https://ecom-su-static-prod.wtrecom.com/images/products/3/LN_726389_BP_3.jpg,https://www.waitrose.com/ecom/products/bucket-spade/726389-814821-814822,Bucket & Spade,each,£6.99,£6.99 each,,Summer
725286,Small Split Ocean Bound Plastic,G,false,1263,https://ecom-su-static-prod.wtrecom.com/images/products/3/LN_725286_BP_3.jpg,https://www.waitrose.com/ecom/products/small-split-ocean-bound-plastic/725286-783124-783125,Small Split Ocean Bound Plastic,each,£4.50,£4.50 each,,Summer
724969,No.1 British Venison Rack,E,false,1264,https://ecom-su-static-prod.wtrecom.com/images/products/3/LN_724969_BP_3.jpg,https://www.waitrose.com/ecom/products/no1-british-venison-rack/724969-102995-102996,No.1 British Venison Rack,(1kg-2kg),£55-£110 each est.,£55 / kg,,Summer
723682,Fever-Tree Classic Margarita Mixer,G,false,1265,https://ecom-su-static-prod.wtrecom.com/images/products/3/LN_723682_BP_3.jpg,https://www.waitrose.com/ecom/products/fever-tree-classic-margarita-mixer/723682-803220-803221,Fever-Tree Classic Margarita Mixer,500ml,£4.50,90p/100ml,,Summer
723529,"Waitrose Pineapple, Pink Lady Apple & Black Grape",G,false,1266,https://ecom-su-static-prod.wtrecom.com/images/products/3/LN_723529_BP_3.jpg,https://www.waitrose.com/ecom/products/waitrose-pineapple-pink-lady-apple-black-grape/723529-813892-813893,"Waitrose Pineapple, Pink Lady Apple & Black Grape",115g,£1.50,£1.31/100g,,Summer
723410,Schär Gluten Free Jaffa Cakes,G,false,1267,https://ecom-su-static-prod.wtrecom.com/images/products/3/LN_723410_BP_3.jpg,https://www.waitrose.com/ecom/products/schar-gluten-free-jaffa-cakes/723410-745329-745330,Schär Gluten Free Jaffa Cakes,150g,£1.50,£1/100g,,Summer
721974,John Lewis Union Jack Napkins 33cm,G,true,1268,https://ecom-su-static-prod.wtrecom.com/images/products/3/LN_721974_BP_3.jpg,https://www.waitrose.com/ecom/products/john-lewis-union-jack-napkins-33cm/721974-747029-747030,John Lewis Union Jack Napkins 33cm,16s,£1.50,9.4p each,25% Off. Was £2.00,Summer
720480,Big Flower Cushion 50x50cm,G,true,1269,https://ecom-su-static-prod.wtrecom.com/images/products/3/LN_720480_BP_3.jpg,https://www.waitrose.com/ecom/products/big-flower-cushion-50x50cm/720480-823999-824000,Big Flower Cushion 50x50cm,each,£10.00,£10 each,Save 1/3. Was £15.00,Summer
716734,PK Extra Goodness Energy Ball 6 Pack,G,false,1270,https://ecom-su-static-prod.wtrecom.com/images/products/3/LN_716734_BP_3.jpg,https://www.waitrose.com/ecom/products/pk-extra-goodness-energy-ball-6-pack/716734-816474-816475,PK Extra Goodness Energy Ball 6 Pack,12Each,£3.99,,,Summer
715467,Westland SafeLawn 80m2 Spreader Box,G,false,1271,https://ecom-su-static-prod.wtrecom.com/images/products/3/LN_715467_BP_3.jpg,https://www.waitrose.com/ecom/products/westland-safelawn-80m2-spreader-box/715467-816472-816473,Westland SafeLawn 80m2 Spreader Box,Each,£10.99,£10.99 each,,Summer
713646,JL Classic Check Rug XL Green,G,false,1272,https://ecom-su-static-prod.wtrecom.com/images/products/3/LN_713646_BP_3.jpg,https://www.waitrose.com/ecom/products/jl-classic-check-rug-xl-green/713646-821819-821820,JL Classic Check Rug XL Green,each,£30.00,£30 each,,Summer
713353,John Lewis Lisbon Triangle Personal Cooler 5 Litre,G,false,1273,https://ecom-su-static-prod.wtrecom.com/images/products/3/LN_713353_BP_3.jpg,https://www.waitrose.com/ecom/products/john-lewis-lisbon-triangle-personal-cooler-5-litre/713353-823997-823998,John Lewis Lisbon Triangle Personal Cooler 5 Litre,each,£15.00,£15 each,,Summer
712715,Levington Organic Tomorite Tomato Food,G,true,1274,https://ecom-su-static-prod.wtrecom.com/images/products/3/LN_712715_BP_3.jpg,https://www.waitrose.com/ecom/products/levington-organic-tomorite-tomato-food/712715-771973-771974,Levington Organic Tomorite Tomato Food,1litre,£8.40,£8.40/litre,Add 2 get 2nd half price,Summer
710510,Lékué Rectangular Ice Cube Tray Red,G,true,1275,https://ecom-su-static-prod.wtrecom.com/images/products/3/LN_710510_BP_3.jpg,https://www.waitrose.com/ecom/products/lekue-rectangular-ice-cube-tray-red/710510-785526-785527,Lékué Rectangular Ice Cube Tray Red,each,£4.87,£4.87 each,25% Off. Was £6.50,Summer
709270,Big K Woodies Firelighters,G,false,1276,https://ecom-su-static-prod.wtrecom.com/images/products/3/LN_709270_BP_3.jpg,https://www.waitrose.com/ecom/products/big-k-woodies-firelighters/709270-688331-688332,Big K Woodies Firelighters,300g,£4.00,£1.34/100g,,Summer
707390,KP Flavour Kravers Flame Grilled Steak Peanuts,G,false,1277,https://ecom-su-static-prod.wtrecom.com/images/products/3/LN_707390_BP_3.jpg,https://www.waitrose.com/ecom/products/kp-flavour-kravers-flame-grilled-steak-peanuts/707390-812505-812506,KP Flavour Kravers Flame Grilled Steak Peanuts,140g,£3.00,£2.15/100g,,Summer
705081,Big K Premium-Grade Charcoal,G,false,1278,https://ecom-su-static-prod.wtrecom.com/images/products/3/LN_705081_BP_3.jpg,https://www.waitrose.com/ecom/products/big-k-premium-grade-charcoal/705081-688329-688330,Big K Premium-Grade Charcoal,5kg,£11.75,£2.35/kg,,Summer
704556,Lekue Tropical Fruit Molds,G,true,1279,https://ecom-su-static-prod.wtrecom.com/images/products/3/LN_704556_BP_3.jpg,https://www.waitrose.com/ecom/products/lekue-tropical-fruit-molds/704556-821815-821816,Lekue Tropical Fruit Molds,4s,£12.67,£3.17 each,25% Off. Was £16.90,Summer
702316,Fabulous Free From Factory Vegan Sea-Salted Fudge Bites,G,false,1280,https://ecom-su-static-prod.wtrecom.com/images/products/3/LN_702316_BP_3.jpg,https://www.waitrose.com/ecom/products/fabulous-free-from-factory-vegan-sea-salted-fudge-bites/702316-728392-728393,Fabulous Free From Factory Vegan Sea-Salted Fudge Bites,65g,£1.80,£2.77/100g,,Summer
701426,Plants By Deliciously Ella Golden Turmeric Tagliolini,G,true,1281,https://ecom-su-static-prod.wtrecom.com/images/products/3/LN_701426_BP_3.jpg,https://www.waitrose.com/ecom/products/plants-by-deliciously-ella-golden-turmeric-tagliolini/701426-802604-802605,Plants By Deliciously Ella Golden Turmeric Tagliolini,250g,£2.00,£8/kg,20% Off. Was £2.50,Summer
700972,Lavazza Espresso Italiano Classico Coffee,G,false,1282,https://ecom-su-static-prod.wtrecom.com/images/products/3/LN_700972_BP_3.jpg,https://www.waitrose.com/ecom/products/lavazza-espresso-italiano-classico-coffee/700972-727504-727505,Lavazza Espresso Italiano Classico Coffee,2x250g,£8.50,£1.70/100g,,Summer
698355,King Prawn Cocktail,E,false,1283,https://ecom-su-static-prod.wtrecom.com/images/products/3/LN_698355_BP_3.jpg,https://www.waitrose.com/ecom/products/king-prawn-cocktail/698355-133136-133137,King Prawn Cocktail,Typical weight 700g,£17.00,£24.29/kg,,Summer
698132,Starbucks Caramel Macchiato Iced Coffee Large,G,true,1284,https://ecom-su-static-prod.wtrecom.com/images/products/3/LN_698132_BP_3.jpg,https://www.waitrose.com/ecom/products/starbucks-caramel-macchiato-iced-coffee-large/698132-810957-810958,Starbucks Caramel Macchiato Iced Coffee Large,750ml,£2.50,£3.34/litre,save £1.45. Was £3.95,Summer
697061,Peckish No Grow,G,false,1285,https://ecom-su-static-prod.wtrecom.com/images/products/3/LN_697061_BP_3.jpg,https://www.waitrose.com/ecom/products/peckish-no-grow/697061-802600-802601,Peckish No Grow,1.7Kg,£5.25,£3.09/kg,,Summer
695182,Haagen-Dazs Macadamia Nut Brittle,G,true,1286,https://ecom-su-static-prod.wtrecom.com/images/products/3/LN_695182_BP_3.jpg,https://www.waitrose.com/ecom/products/haagen-dazs-macadamia-nut-brittle/695182-824391-824392,Haagen-Dazs Macadamia Nut Brittle,460ml,£3.75,81.5p/100ml,save £1.85. Was £5.60,Summer
692982,"Lékué Ice Pop Lolly Moulds, Set of 3",G,true,1287,https://ecom-su-static-prod.wtrecom.com/images/products/3/LN_692982_BP_3.jpg,https://www.waitrose.com/ecom/products/lekue-ice-pop-lolly-moulds-set-of-3/692982-823993-823994,"Lékué Ice Pop Lolly Moulds, Set of 3",each,£9.67,£9.67 each,25% Off. Was £12.90,Summer
690808,John Lewis Ripple Tumbler Green,G,true,1288,https://ecom-su-static-prod.wtrecom.com/images/products/3/LN_690808_BP_3.jpg,https://www.waitrose.com/ecom/products/john-lewis-ripple-tumbler-green/690808-823713-823714,John Lewis Ripple Tumbler Green,each,£4.00,£4 each,25% Off. Was £4.00,Summer
690283,Heinz Tomato and Nduja Pasta Sauce,G,true,1289,https://ecom-su-static-prod.wtrecom.com/images/products/3/LN_690283_BP_3.jpg,https://www.waitrose.com/ecom/products/heinz-tomato-and-nduja-pasta-sauce/690283-814983-814984,Heinz Tomato and Nduja Pasta Sauce,350g,£1.50,42.9p/100g,save £1.00. Was £2.50,Summer
688229,Lunch Plus With Cutlery Ocean Bound Plastic,G,false,1290,https://ecom-su-static-prod.wtrecom.com/images/products/3/LN_688229_BP_3.jpg,https://www.waitrose.com/ecom/products/lunch-plus-with-cutlery-ocean-bound-plastic/688229-790417-790418,Lunch Plus With Cutlery Ocean Bound Plastic,each,£7.50,£7.50 each,,Summer
685568,TINC LOVELY MALLO SATCHEL LUNCHBOX,G,false,1291,https://ecom-su-static-prod.wtrecom.com/images/products/3/LN_685568_BP_3.jpg,https://www.waitrose.com/ecom/products/tinc-lovely-mallo-satchel-lunchbox/685568-823705-823706,TINC LOVELY MALLO SATCHEL LUNCHBOX,each,£15.00,£15 each,,Summer
683325,John Lewis Acrylic Drinks Dispenser,G,true,1292,https://ecom-su-static-prod.wtrecom.com/images/products/3/LN_683325_BP_3.jpg,https://www.waitrose.com/ecom/products/john-lewis-acrylic-drinks-dispenser/683325-680308-680309,John Lewis Acrylic Drinks Dispenser,each,£15.00,£15 each,25% Off. Was £20.00,Summer
683220,Talisker Skye Single Malt Scotch Whisky,G,true,1293,https://ecom-su-static-prod.wtrecom.com/images/products/3/LN_683220_BP_3.jpg,https://www.waitrose.com/ecom/products/talisker-skye-single-malt-scotch-whisky/683220-442956-442957,Talisker Skye Single Malt Scotch Whisky,70cl,£28.00,£40/litre,save £18.00. Was £46.00,Summer
680973,John Lewis Acrylic Champagne Glass,G,false,1294,https://ecom-su-static-prod.wtrecom.com/images/products/3/LN_680973_BP_3.jpg,https://www.waitrose.com/ecom/products/john-lewis-acrylic-champagne-glass/680973-713938-713939,John Lewis Acrylic Champagne Glass,each,£4.50,£4.50 each,,Summer
676707,Carvery Leg of British Lamb Studded with Garlic & Rosemary,E,false,1295,https://ecom-su-static-prod.wtrecom.com/images/products/3/LN_676707_BP_3.jpg,https://www.waitrose.com/ecom/products/carvery-leg-of-british-lamb-studded-with-garlic-rosemary/676707-96113-96114,Carvery Leg of British Lamb Studded with Garlic & Rosemary,(1.4kg-1.8kg),£30-£38 each est.,£21 / kg,,Summer
673597,Blue Stripe Napkin 33CM 20PK,G,true,1296,https://ecom-su-static-prod.wtrecom.com/images/products/3/LN_673597_BP_3.jpg,https://www.waitrose.com/ecom/products/blue-stripe-napkin-33cm-20pk/673597-817415-817416,Blue Stripe Napkin 33CM 20PK,each,£1.50,£1.50 each,25% Off. Was £2.00,Summer
672421,Smash Burger Press,G,false,1297,https://ecom-su-static-prod.wtrecom.com/images/products/3/LN_672421_BP_3.jpg,https://www.waitrose.com/ecom/products/smash-burger-press/672421-817383-817384,Smash Burger Press,each,£9.99,£9.99 each,,Summer
671972,Sipsmith London Dry Light G&T,G,true,1298,https://ecom-su-static-prod.wtrecom.com/images/products/3/LN_671972_BP_3.jpg,https://www.waitrose.com/ecom/products/sipsmith-london-dry-light-gt/671972-695128-695129,Sipsmith London Dry Light G&T,250ml,£3.10,£12.40/litre,Mix & Match Add 4 for 3 Cheapest Item Free,Summer
669805,Miracle-Gro Rose & Shrub Plant Food,G,true,1299,https://ecom-su-static-prod.wtrecom.com/images/products/3/LN_669805_BP_3.jpg,https://www.waitrose.com/ecom/products/miracle-gro-rose-shrub-plant-food/669805-794384-794385,Miracle-Gro Rose & Shrub Plant Food,800ml,£5.10,63.8p/100ml,25% Off. Was £6.85,Summer
669056,MULTI STRIPE NAPKIN 33CM 20PK,G,true,1300,https://ecom-su-static-prod.wtrecom.com/images/products/3/LN_669056_BP_3.jpg,https://www.waitrose.com/ecom/products/multi-stripe-napkin-33cm-20pk/669056-817413-817414,MULTI STRIPE NAPKIN 33CM 20PK,20s,£1.50,,25% Off. Was £2.00,Summer
668161,Polar Gear Freezer Boards Medium,G,true,1301,https://ecom-su-static-prod.wtrecom.com/images/products/3/LN_668161_BP_3.jpg,https://www.waitrose.com/ecom/products/polar-gear-freezer-boards-medium/668161-823695-823696,Polar Gear Freezer Boards Medium,each,£2.62,£2.62 each,25% Off. Was £3.50,Summer
667021,Violife Smoky Cheddar Alternative Sliced Cheese,G,false,1302,https://ecom-su-static-prod.wtrecom.com/images/products/3/LN_667021_BP_3.jpg,https://www.waitrose.com/ecom/products/violife-smoky-cheddar-alternative-sliced-cheese/667021-769158-769159,Violife Smoky Cheddar Alternative Sliced Cheese,200g,£2.95,£14.75/kg,,Summer
664285,JL Anyday Checkerboard 30 Litre Cool Bag,G,true,1303,https://ecom-su-static-prod.wtrecom.com/images/products/3/LN_664285_BP_3.jpg,https://www.waitrose.com/ecom/products/jl-anyday-checkerboard-30-litre-cool-bag/664285-821805-821806,JL Anyday Checkerboard 30 Litre Cool Bag,each,£11.25,£11.25 each,25% Off. Was £15.00,Summer
662476,DRTY Mango Passion Vodka Seltzer,G,true,1304,https://ecom-su-static-prod.wtrecom.com/images/products/3/LN_662476_BP_3.jpg,https://www.waitrose.com/ecom/products/drty-mango-passion-vodka-seltzer/662476-769154-769155,DRTY Mango Passion Vodka Seltzer,330ml,£2.50,£7.58/litre,Mix & Match Add 4 for 3 Cheapest Item Free,Summer
661165,Miracle-Gro Peat Free All Purpose Compost,G,false,1305,https://ecom-su-static-prod.wtrecom.com/images/products/3/LN_661165_BP_3.jpg,https://www.waitrose.com/ecom/products/miracle-gro-peat-free-all-purpose-compost/661165-771877-771878,Miracle-Gro Peat Free All Purpose Compost,20Litre,£6.00,30p/litre,,Summer
661128,33CM Duni Yellow Napkins,G,true,1306,https://ecom-su-static-prod.wtrecom.com/images/products/3/LN_661128_BP_3.jpg,https://www.waitrose.com/ecom/products/33cm-duni-yellow-napkins/661128-822637-822638,33CM Duni Yellow Napkins,20Sheet,£1.50,,25% Off. Was £2.00,Summer
660041,Absolut Raspberry Lemonade,G,true,1307,https://ecom-su-static-prod.wtrecom.com/images/products/3/LN_660041_BP_3.jpg,https://www.waitrose.com/ecom/products/absolut-raspberry-lemonade/660041-791149-791150,Absolut Raspberry Lemonade,25cl,£2.25,£9/litre,Mix & Match Add 4 for 3 Cheapest Item Free,Summer
659810,Moo Free Vegan Choccy Buttons,G,false,1308,https://ecom-su-static-prod.wtrecom.com/images/products/3/LN_659810_BP_3.jpg,https://www.waitrose.com/ecom/products/moo-free-vegan-choccy-buttons/659810-745241-745242,Moo Free Vegan Choccy Buttons,25g,95p,£3.80/100g,,Summer
657358,No.1 Pork Cheese & Nduja Sausage Rolls,G,true,1309,https://ecom-su-static-prod.wtrecom.com/images/products/3/LN_657358_BP_3.jpg,https://www.waitrose.com/ecom/products/no1-pork-cheese-nduja-sausage-rolls/657358-827214-827215,No.1 Pork Cheese & Nduja Sausage Rolls,188g,£3.04,£1.62/100g,Introductory Offer.Will be £3.80,Summer
656140,John Lewis White Paper Plates,G,false,1310,https://ecom-su-static-prod.wtrecom.com/images/products/3/LN_656140_BP_3.jpg,https://www.waitrose.com/ecom/products/john-lewis-white-paper-plates/656140-722225-722226,John Lewis White Paper Plates,8s,£2.25,28.1p each,,Summer
655539,Fanta Orange,G,false,1311,https://ecom-su-static-prod.wtrecom.com/images/products/3/LN_655539_BP_3.jpg,https://www.waitrose.com/ecom/products/fanta-orange/655539-803882-803883,Fanta Orange,18x330ml,£7.50,12.6p/100ml,,Summer
654221,Little Moons Refreshos Pineapple,G,true,1312,https://ecom-su-static-prod.wtrecom.com/images/products/3/LN_654221_BP_3.jpg,https://www.waitrose.com/ecom/products/little-moons-refreshos-pineapple/654221-801958-801959,Little Moons Refreshos Pineapple,192g,£3.75,£1.96/100g,save £1.25. Was £5.00,Summer
653831,Monster Energy Lewis Hamilton Zero Sugar,G,false,1313,https://ecom-su-static-prod.wtrecom.com/images/products/3/LN_653831_BP_3.jpg,https://www.waitrose.com/ecom/products/monster-energy-lewis-hamilton-zero-sugar/653831-823675-823676,Monster Energy Lewis Hamilton Zero Sugar,4x500ml,£4.50,0.1p/100ml,,Summer
652822,Clean Co Clean G Non-Alcoholic Gin Replacement,G,false,1314,https://ecom-su-static-prod.wtrecom.com/images/products/3/LN_652822_BP_3.jpg,https://www.waitrose.com/ecom/products/clean-co-clean-g-non-alcoholic-gin-replacement/652822-793502-793503,Clean Co Clean G Non-Alcoholic Gin Replacement,70cl,£17.00,£24.29/litre,,Summer
651407,Little Moons Refreshos Blood Orange & Pink Grapefruit,G,true,1315,https://ecom-su-static-prod.wtrecom.com/images/products/3/LN_651407_BP_3.jpg,https://www.waitrose.com/ecom/products/little-moons-refreshos-blood-orange-pink-grapefruit/651407-817166-817167,Little Moons Refreshos Blood Orange & Pink Grapefruit,6x32g,£3.75,£1.96/100g,save £1.25. Was £5.00,Summer
650555,John Lewis Barbecue Starter,G,false,1316,https://ecom-su-static-prod.wtrecom.com/images/products/3/LN_650555_BP_3.jpg,https://www.waitrose.com/ecom/products/john-lewis-barbecue-starter/650555-680262-680263,John Lewis Barbecue Starter,each,£16.99,£16.99 each,,Summer
648130,Paolo Leo Primitivo di Manduria DOP,W,false,1317,https://ecom-su-static-prod.wtrecom.com/images/products/3/LN_648130_BP_3.jpg,https://www.waitrose.com/ecom/products/paolo-leo-primitivo-di-manduria-dop/648130-129196-129197,Paolo Leo Primitivo di Manduria DOP,75cl,£12.99,£12.99/75cl,,Summer
647853,John Lewis Lisbon Pasta Bowl,G,false,1318,https://ecom-su-static-prod.wtrecom.com/images/products/3/LN_647853_BP_3.jpg,https://www.waitrose.com/ecom/products/john-lewis-lisbon-pasta-bowl/647853-821795-821796,John Lewis Lisbon Pasta Bowl,each,£18.00,£18 each,,Summer
646311,No.1 Five Bone French-Trimmed British Veal Rib,E,false,1319,https://ecom-su-static-prod.wtrecom.com/images/products/3/LN_646311_BP_3.jpg,https://www.waitrose.com/ecom/products/no1-five-bone-french-trimmed-british-veal-rib/646311-442699-442700,No.1 Five Bone French-Trimmed British Veal Rib,(2kg-3.4kg),£54-£92 each est.,£27 / kg,,Summer
645365,Insane Grain Gluten Free BBQ Sticks,G,true,1320,https://ecom-su-static-prod.wtrecom.com/images/products/3/LN_645365_BP_3.jpg,https://www.waitrose.com/ecom/products/insane-grain-gluten-free-bbq-sticks/645365-812475-812476,Insane Grain Gluten Free BBQ Sticks,80g,£1.50,£1.88/100g,save 50p. Was £2.00,Summer
643913,Haagen-Dazs Strawberry Cheesecake Ice Cream,G,true,1321,https://ecom-su-static-prod.wtrecom.com/images/products/3/LN_643913_BP_3.jpg,https://www.waitrose.com/ecom/products/haagen-dazs-strawberry-cheesecake-ice-cream/643913-786196-786197,Haagen-Dazs Strawberry Cheesecake Ice Cream,460ml,£3.75,81.5p/100ml,save £1.95. Was £5.70,Summer
641263,Lazy Day Gluten Free & Vegan Salted Caramel Crispies,G,false,1322,https://ecom-su-static-prod.wtrecom.com/images/products/3/LN_641263_BP_3.jpg,https://www.waitrose.com/ecom/products/lazy-day-gluten-free-vegan-salted-caramel-crispies/641263-791135-791136,Lazy Day Gluten Free & Vegan Salted Caramel Crispies,150g,£2.65,£1.77/100g,,Summer
639035,Eat Real Quinoa Chips Sour Cream & Chive Flavour,G,false,1323,https://ecom-su-static-prod.wtrecom.com/images/products/3/LN_639035_BP_3.jpg,https://www.waitrose.com/ecom/products/eat-real-quinoa-chips-sour-cream-chive-flavour/639035-818706-818707,Eat Real Quinoa Chips Sour Cream & Chive Flavour,90g,£2.10,£2.34/100g,,Summer
636994,Polar Gear Large Cooler 16L,G,true,1324,https://ecom-su-static-prod.wtrecom.com/images/products/3/LN_636994_BP_3.jpg,https://www.waitrose.com/ecom/products/polar-gear-large-cooler-16l/636994-823665-823666,Polar Gear Large Cooler 16L,each,£14.99,£14.99 each,25% Off. Was £19.99,Summer
636975,Crosta & Mollica Sorbetto Pomegranate,G,true,1325,https://ecom-su-static-prod.wtrecom.com/images/products/3/LN_636975_BP_3.jpg,https://www.waitrose.com/ecom/products/crosta-mollica-sorbetto-pomegranate/636975-804128-804129,Crosta & Mollica Sorbetto Pomegranate,150g,£4.40,£2.94/100g,20% Off. Was £5.50,Summer
636688,The Singleton 12 YO Single Malt Scotch Whisky,G,true,1326,https://ecom-su-static-prod.wtrecom.com/images/products/3/LN_636688_BP_3.jpg,https://www.waitrose.com/ecom/products/the-singleton-12-yo-single-malt-scotch-whisky/636688-755979-755980,The Singleton 12 YO Single Malt Scotch Whisky,70cl,£28.00,£40/litre,save £16.00. Was £44.00,Summer
635959,Sacla Roasted Pepper and Almond Pesto,G,true,1327,https://ecom-su-static-prod.wtrecom.com/images/products/3/LN_635959_BP_3.jpg,https://www.waitrose.com/ecom/products/sacla-roasted-pepper-and-almond-pesto/635959-805787-805788,Sacla Roasted Pepper and Almond Pesto,190g,£2.50,£1.32/100g,save £1.00. Was £3.50,Summer
635697,Belazu 1.25 Balsamic Vinegar of Modena,G,false,1328,https://ecom-su-static-prod.wtrecom.com/images/products/3/LN_635697_BP_3.jpg,https://www.waitrose.com/ecom/products/belazu-125-balsamic-vinegar-of-modena/635697-547040-547041,Belazu 1.25 Balsamic Vinegar of Modena,250ml,£9.75,£3.90/100ml,,Summer
634839,Sistema Quick Flip Drinks Bottle 520ml,G,false,1329,https://ecom-su-static-prod.wtrecom.com/images/products/3/LN_634839_BP_3.jpg,https://www.waitrose.com/ecom/products/sistema-quick-flip-drinks-bottle-520ml/634839-658381-658382,Sistema Quick Flip Drinks Bottle 520ml,each,£9.00,£9 each,,Summer
629105,Sistema Snack 'N' Nest To Go Pots,G,false,1330,https://ecom-su-static-prod.wtrecom.com/images/products/3/LN_629105_BP_3.jpg,https://www.waitrose.com/ecom/products/sistema-snack-n-nest-to-go-pots/629105-551626-551627,Sistema Snack 'N' Nest To Go Pots,each,£8.50,£8.50 each,,Summer
625490,John Lewis Anyday Tumblers Set Of 4 Ribbed Blue,G,true,1331,https://ecom-su-static-prod.wtrecom.com/images/products/3/LN_625490_BP_3.jpg,https://www.waitrose.com/ecom/products/john-lewis-anyday-tumblers-set-of-4-ribbed-blue/625490-821785-821786,John Lewis Anyday Tumblers Set Of 4 Ribbed Blue,4s,£8.00,£2 each,25% Off. Was £8.00,Summer
624102,Medium Fresh Whole Scottish Salmon,E,false,1332,https://ecom-su-static-prod.wtrecom.com/images/products/3/LN_624102_BP_3.jpg,https://www.waitrose.com/ecom/products/medium-fresh-whole-scottish-salmon/624102-486589-486590,Medium Fresh Whole Scottish Salmon,(3kg-4kg),£60-£80 each est.,£20 / kg,,Summer
622791,Big K Instant Light Charcoal Briquettes,G,false,1333,https://ecom-su-static-prod.wtrecom.com/images/products/3/LN_622791_BP_3.jpg,https://www.waitrose.com/ecom/products/big-k-instant-light-charcoal-briquettes/622791-131996-131997,Big K Instant Light Charcoal Briquettes,1.5kg,£4.75,£3.17/kg,,Summer
622643,Aspall Premier Cru Cyder,G,true,1334,https://ecom-su-static-prod.wtrecom.com/images/products/3/LN_622643_BP_3.jpg,https://www.waitrose.com/ecom/products/aspall-premier-cru-cyder/622643-692606-692607,Aspall Premier Cru Cyder,6x500ml,£12.00,£4/litre,save £3.00. Was £15.00,Summer
615198,John Lewis Ripple Jug Aqua,G,true,1335,https://ecom-su-static-prod.wtrecom.com/images/products/3/LN_615198_BP_3.jpg,https://www.waitrose.com/ecom/products/john-lewis-ripple-jug-aqua/615198-803803-803804,John Lewis Ripple Jug Aqua,each,£10.00,£10 each,25% Off. Was £15.00,Summer
611701,Belazu Vegan Ve-Du-Ya Paste,G,false,1336,https://ecom-su-static-prod.wtrecom.com/images/products/3/LN_611701_BP_3.jpg,https://www.waitrose.com/ecom/products/belazu-vegan-ve-du-ya-paste/611701-784978-784979,Belazu Vegan Ve-Du-Ya Paste,170g,£4.45,£2.62/100g,,Summer
604662,"Levington Fish, Blood & Bone Plant Food",G,false,1337,https://ecom-su-static-prod.wtrecom.com/images/products/3/LN_604662_BP_3.jpg,https://www.waitrose.com/ecom/products/levington-fish-blood-bone-plant-food/604662-794366-794367,"Levington Fish, Blood & Bone Plant Food",1.5Kg,£7.00,46.7p/100g,,Summer
601447,Waitrose Garden Jute Twine,G,false,1338,https://ecom-su-static-prod.wtrecom.com/images/products/3/LN_601447_BP_3.jpg,https://www.waitrose.com/ecom/products/waitrose-garden-jute-twine/601447-327790-327791,Waitrose Garden Jute Twine,Each,£3.90,£3.90 each,,Summer
601147,Klip It Lunch 400ml 3 Pack,G,false,1339,https://ecom-su-static-prod.wtrecom.com/images/products/3/LN_601147_BP_3.jpg,https://www.waitrose.com/ecom/products/klip-it-lunch-400ml-3-pack/601147-783478-783479,Klip It Lunch 400ml 3 Pack,3s,£7.50,£2.50 each,,Summer
600271,Orange Foliage Napkin 33cm,G,true,1340,https://ecom-su-static-prod.wtrecom.com/images/products/3/LN_600271_BP_3.jpg,https://www.waitrose.com/ecom/products/orange-foliage-napkin-33cm/600271-817409-817410,Orange Foliage Napkin 33cm,each,£1.50,£1.50 each,25% Off. Was £2.00,Summer
597988,Sistema Twist 'N' Sip Bottle,G,false,1341,https://ecom-su-static-prod.wtrecom.com/images/products/3/LN_597988_BP_3.jpg,https://www.waitrose.com/ecom/products/sistema-twist-n-sip-bottle/597988-84776-84777,Sistema Twist 'N' Sip Bottle,each,£3.69,£3.69 each,,Summer
597513,MOTH Espresso Martini,G,false,1342,https://ecom-su-static-prod.wtrecom.com/images/products/3/LN_597513_BP_3.jpg,https://www.waitrose.com/ecom/products/moth-espresso-martini/597513-818621-818622,MOTH Espresso Martini,4x125ml,£16.00,£32/litre,,Summer
591701,Dr Pepper,G,false,1343,https://ecom-su-static-prod.wtrecom.com/images/products/3/LN_591701_BP_3.jpg,https://www.waitrose.com/ecom/products/dr-pepper/591701-803874-803875,Dr Pepper,18x330ml,£7.50,12.6p/100ml,,Summer
591099,Shackleton Blended Malt Whisky,G,true,1344,https://ecom-su-static-prod.wtrecom.com/images/products/3/LN_591099_BP_3.jpg,https://www.waitrose.com/ecom/products/shackleton-blended-malt-whisky/591099-665470-665471,Shackleton Blended Malt Whisky,70cl,£20.00,£28.58/litre,save £11.00. Was £31.00,Summer
590516,Belazu Early Harvest Olive Oil,G,false,1345,https://ecom-su-static-prod.wtrecom.com/images/products/3/LN_590516_BP_3.jpg,https://www.waitrose.com/ecom/products/belazu-early-harvest-olive-oil/590516-203260-203261,Belazu Early Harvest Olive Oil,500ml,£14.75,£2.95/100ml,,Summer
589163,DRTY Raspberry Rose Vodka Seltzer,G,false,1346,https://ecom-su-static-prod.wtrecom.com/images/products/3/LN_589163_BP_3.jpg,https://www.waitrose.com/ecom/products/drty-raspberry-rose-vodka-seltzer/589163-741170-741171,DRTY Raspberry Rose Vodka Seltzer,330ml,£2.50,£7.58/litre,,Summer
588345,Sistema Bento Lunch Box,G,false,1347,https://ecom-su-static-prod.wtrecom.com/images/products/3/LN_588345_BP_3.jpg,https://www.waitrose.com/ecom/products/sistema-bento-lunch-box/588345-658309-658310,Sistema Bento Lunch Box,each,£8.00,£8 each,,Summer
584381,KP Flavour Kravers Smokin' Paprika Peanuts,G,false,1348,https://ecom-su-static-prod.wtrecom.com/images/products/3/LN_584381_BP_3.jpg,https://www.waitrose.com/ecom/products/kp-flavour-kravers-smokin-paprika-peanuts/584381-812457-812458,KP Flavour Kravers Smokin' Paprika Peanuts,140g,£3.00,£2.15/100g,,Summer
584357,Seedlip Grove 42 Non-Alcoholic Spirit,G,true,1349,https://ecom-su-static-prod.wtrecom.com/images/products/3/LN_584357_BP_3.jpg,https://www.waitrose.com/ecom/products/seedlip-grove-42-non-alcoholic-spirit/584357-674512-674513,Seedlip Grove 42 Non-Alcoholic Spirit,700ml,£18.00,£25.72/litre,save £4.00. Was £22.00,Summer
584329,Belvoir Non-Alcoholic Rhubarb & Ginger G&T,G,true,1350,https://ecom-su-static-prod.wtrecom.com/images/products/3/LN_584329_BP_3.jpg,https://www.waitrose.com/ecom/products/belvoir-non-alcoholic-rhubarb-ginger-gt/584329-810719-810720,Belvoir Non-Alcoholic Rhubarb & Ginger G&T,750ml,£2.50,33.3p/100ml,save 90p. Was £3.40,Summer
581335,Japan Menyū 4 Vegan Jackfruit 'No Chicken' drumsticks,G,true,1351,https://ecom-su-static-prod.wtrecom.com/images/products/3/LN_581335_BP_3.jpg,https://www.waitrose.com/ecom/products/japan-meny-4-vegan-jackfruit-no-chicken-drumsticks/581335-810919-810920,Japan Menyū 4 Vegan Jackfruit 'No Chicken' drumsticks,170g,£2.80,£1.65/100g,20% Off. Was £3.50,Summer
580465,JL Mango Sald Servers,G,false,1352,https://ecom-su-static-prod.wtrecom.com/images/products/3/LN_580465_BP_3.jpg,https://www.waitrose.com/ecom/products/jl-mango-sald-servers/580465-771725-771726,JL Mango Sald Servers,each,£7.00,£7 each,,Summer
579650,Jim Jams Vegan Hazelnut Chocolate Spread,G,false,1353,https://ecom-su-static-prod.wtrecom.com/images/products/3/LN_579650_BP_3.jpg,https://www.waitrose.com/ecom/products/jim-jams-vegan-hazelnut-chocolate-spread/579650-728266-728267,Jim Jams Vegan Hazelnut Chocolate Spread,330g,£3.00,90.9p/100g,,Summer
579342,London Essence Co Indian Tonic Water,G,false,1354,https://ecom-su-static-prod.wtrecom.com/images/products/3/LN_579342_BP_3.jpg,https://www.waitrose.com/ecom/products/london-essence-co-indian-tonic-water/579342-823631-823632,London Essence Co Indian Tonic Water,10x150ml,£4.50,30p/100ml,,Summer
579127,Belazu White Condimento of Modena,G,false,1355,https://ecom-su-static-prod.wtrecom.com/images/products/3/LN_579127_BP_3.jpg,https://www.waitrose.com/ecom/products/belazu-white-condimento-of-modena/579127-805765-805766,Belazu White Condimento of Modena,250ml,£8.75,£3.50/100ml,,Summer
577552,Round Grill Basket,G,false,1356,https://ecom-su-static-prod.wtrecom.com/images/products/3/LN_577552_BP_3.jpg,https://www.waitrose.com/ecom/products/round-grill-basket/577552-817381-817382,Round Grill Basket,each,£9.99,£9.99 each,,Summer
575447,Carte D'or New York Cheesecake Ice Cream,G,true,1357,https://ecom-su-static-prod.wtrecom.com/images/products/3/LN_575447_BP_3.jpg,https://www.waitrose.com/ecom/products/carte-dor-new-york-cheesecake-ice-cream/575447-817162-817163,Carte D'or New York Cheesecake Ice Cream,825ml,£3.50,42.4p/100ml,save £1.00. Was £4.50,Summer
574495,No.1 30 Day Dry Aged Jubilee Rib of British Beef,E,false,1358,https://ecom-su-static-prod.wtrecom.com/images/products/3/LN_574495_BP_3.jpg,https://www.waitrose.com/ecom/products/no1-30-day-dry-aged-jubilee-rib-of-british-beef/574495-215983-215984,No.1 30 Day Dry Aged Jubilee Rib of British Beef,(6kg-7kg),£168-£196 each est.,£28 / kg,,Summer
571131,John Lewis Acrylic White Wine Goblet,G,false,1359,https://ecom-su-static-prod.wtrecom.com/images/products/3/LN_571131_BP_3.jpg,https://www.waitrose.com/ecom/products/john-lewis-acrylic-white-wine-goblet/571131-658275-658276,John Lewis Acrylic White Wine Goblet,each,£4.50,£4.50 each,,Summer
570891,Multi Purpose Compost with John Innes Peat Free 40L,G,false,1360,https://ecom-su-static-prod.wtrecom.com/images/products/3/LN_570891_BP_3.jpg,https://www.waitrose.com/ecom/products/multi-purpose-compost-with-john-innes-peat-free-40l/570891-824057-824058,Multi Purpose Compost with John Innes Peat Free 40L,40litre,£8.00,,,Summer
568564,Peroni Capri,G,true,1361,https://ecom-su-static-prod.wtrecom.com/images/products/3/LN_568564_BP_3.jpg,https://www.waitrose.com/ecom/products/peroni-capri/568564-804106-804107,Peroni Capri,10x330ml,£14.00,£4.25/litre,Add 2 for £22,Summer
567595,JL Mango Salad Bowl 24cm,G,false,1362,https://ecom-su-static-prod.wtrecom.com/images/products/3/LN_567595_BP_3.jpg,https://www.waitrose.com/ecom/products/jl-mango-salad-bowl-24cm/567595-771699-771700,JL Mango Salad Bowl 24cm,each,£13.50,£13.50 each,,Summer
565175,WR MULTI DOG 33CM 20PK,G,true,1363,https://ecom-su-static-prod.wtrecom.com/images/products/3/LN_565175_BP_3.jpg,https://www.waitrose.com/ecom/products/wr-multi-dog-33cm-20pk/565175-817403-817404,WR MULTI DOG 33CM 20PK,20s,£1.50,,25% Off. Was £2.00,Summer
563611,Nest It 3 Pack Mixed Sizes,G,false,1364,https://ecom-su-static-prod.wtrecom.com/images/products/3/LN_563611_BP_3.jpg,https://www.waitrose.com/ecom/products/nest-it-3-pack-mixed-sizes/563611-791445-791446,Nest It 3 Pack Mixed Sizes,each,£10.00,£3.34 each,,Summer
562817,Jude's Vegan Honeycomb Ice Cream,G,true,1365,https://ecom-su-static-prod.wtrecom.com/images/products/3/LN_562817_BP_3.jpg,https://www.waitrose.com/ecom/products/judes-vegan-honeycomb-ice-cream/562817-786118-786119,Jude's Vegan Honeycomb Ice Cream,460ml,£3.00,65.2p/100ml,save £1.80. Was £4.80,Summer
562485,Belazu Wild Mushroom Pesto,G,false,1366,https://ecom-su-static-prod.wtrecom.com/images/products/3/LN_562485_BP_3.jpg,https://www.waitrose.com/ecom/products/belazu-wild-mushroom-pesto/562485-784926-784927,Belazu Wild Mushroom Pesto,170g,£3.40,£2/100g,,Summer
561198,John Lewis Anyday BBQ Tongs,G,false,1367,https://ecom-su-static-prod.wtrecom.com/images/products/3/LN_561198_BP_3.jpg,https://www.waitrose.com/ecom/products/john-lewis-anyday-bbq-tongs/561198-680117-680118,John Lewis Anyday BBQ Tongs,each,£8.99,£8.99 each,,Summer
558388,Ciroc Summer Citrus & Lemonade,G,true,1368,https://ecom-su-static-prod.wtrecom.com/images/products/3/LN_558388_BP_3.jpg,https://www.waitrose.com/ecom/products/ciroc-summer-citrus-lemonade/558388-822733-822734,Ciroc Summer Citrus & Lemonade,250ml,£2.90,£11.60/litre,Mix & Match Add 4 for 3 Cheapest Item Free,Summer
554731,Belazu Sour Cherry Harissa,G,false,1369,https://ecom-su-static-prod.wtrecom.com/images/products/3/LN_554731_BP_3.jpg,https://www.waitrose.com/ecom/products/belazu-sour-cherry-harissa/554731-820070-820071,Belazu Sour Cherry Harissa,170g,£4.50,£2.65/100g,,Summer
554007,JL Mango Serve Board,G,false,1370,https://ecom-su-static-prod.wtrecom.com/images/products/3/LN_554007_BP_3.jpg,https://www.waitrose.com/ecom/products/jl-mango-serve-board/554007-775724-775725,JL Mango Serve Board,each,£12.00,£12 each,,Summer
552595,Bottlegreen Blood Orange Spritz,G,false,1371,https://ecom-su-static-prod.wtrecom.com/images/products/3/LN_552595_BP_3.jpg,https://www.waitrose.com/ecom/products/bottlegreen-blood-orange-spritz/552595-803180-803181,Bottlegreen Blood Orange Spritz,750ml,£3.35,44.7p/100ml,,Summer
552450,Gordon's Pink 0.0% & Lemonade,G,true,1372,https://ecom-su-static-prod.wtrecom.com/images/products/3/LN_552450_BP_3.jpg,https://www.waitrose.com/ecom/products/gordons-pink-00-lemonade/552450-805719-805720,Gordon's Pink 0.0% & Lemonade,4x250ml,£4.00,40p/100ml,save £1.80. Was £5.80,Summer
546425,Belazu Organic Balsamic Vinegar,G,false,1373,https://ecom-su-static-prod.wtrecom.com/images/products/3/LN_546425_BP_3.jpg,https://www.waitrose.com/ecom/products/belazu-organic-balsamic-vinegar/546425-690188-690189,Belazu Organic Balsamic Vinegar,250ml,£18.25,£7.30/100ml,,Summer
544362,British Native Breed Whole Beef Brisket,E,false,1374,https://ecom-su-static-prod.wtrecom.com/images/products/3/LN_544362_BP_3.jpg,https://www.waitrose.com/ecom/products/british-native-breed-whole-beef-brisket/544362-506103-506104,British Native Breed Whole Beef Brisket,(2.2kg-2.8kg),£31-£40 each est.,£14 / kg,,Summer
544202,Plant Grow Natural Fertiliser Plant Food,G,false,1375,https://ecom-su-static-prod.wtrecom.com/images/products/3/LN_544202_BP_3.jpg,https://www.waitrose.com/ecom/products/plant-grow-natural-fertiliser-plant-food/544202-749439-749440,Plant Grow Natural Fertiliser Plant Food,1 Litre,£7.00,£7/litre,,Summer
544025,Robinsons Ginger & Orange Cordial,G,true,1376,https://ecom-su-static-prod.wtrecom.com/images/products/3/LN_544025_BP_3.jpg,https://www.waitrose.com/ecom/products/robinsons-ginger-orange-cordial/544025-824792-824793,Robinsons Ginger & Orange Cordial,500ml,£2.50,50p/100ml,save 65p. Was £3.15,Summer
543902,John Lewis Ripple Wine Glass Green,G,true,1377,https://ecom-su-static-prod.wtrecom.com/images/products/3/LN_543902_BP_3.jpg,https://www.waitrose.com/ecom/products/john-lewis-ripple-wine-glass-green/543902-823605-823606,John Lewis Ripple Wine Glass Green,each,£4.50,£4.50 each,Save 1/3. Was £4.50,Summer
543854,Twist & Chug 900ml Tritan,G,false,1378,https://ecom-su-static-prod.wtrecom.com/images/products/3/LN_543854_BP_3.jpg,https://www.waitrose.com/ecom/products/twist-chug-900ml-tritan/543854-783450-783451,Twist & Chug 900ml Tritan,each,£14.00,£14 each,,Summer
543623,TINC HUGGA CAMO LUNCLUNCHBOX,G,false,1379,https://ecom-su-static-prod.wtrecom.com/images/products/3/LN_543623_BP_3.jpg,https://www.waitrose.com/ecom/products/tinc-hugga-camo-lunclunchbox/543623-823603-823604,TINC HUGGA CAMO LUNCLUNCHBOX,each,£15.00,£15 each,,Summer
543052,Touch of Lemon & Lime Sparkling Sugar Free Flavoured Water by Volvic,G,true,1380,https://ecom-su-static-prod.wtrecom.com/images/products/3/LN_543052_BP_3.jpg,https://www.waitrose.com/ecom/products/touch-of-lemon-lime-sparkling-sugar-free-flavoured-water-by-volvic/543052-823601-823602,Touch of Lemon & Lime Sparkling Sugar Free Flavoured Water by Volvic,4x330ml,£2.50,18.9p/100ml,save 90p. Was £3.40,Summer
537271,John Lewis Handheld Fan 4'' Lake Blue,G,false,1381,https://ecom-su-static-prod.wtrecom.com/images/products/3/LN_537271_BP_3.jpg,https://www.waitrose.com/ecom/products/john-lewis-handheld-fan-4-lake-blue/537271-823220-823221,John Lewis Handheld Fan 4'' Lake Blue,each,£12.00,£12 each,,Summer
537013,Red Bull Sugar Free Summer Edition,G,false,1382,https://ecom-su-static-prod.wtrecom.com/images/products/3/LN_537013_BP_3.jpg,https://www.waitrose.com/ecom/products/red-bull-sugar-free-summer-edition/537013-823597-823598,Red Bull Sugar Free Summer Edition,4x250ml,£3.50,35p/100ml,,Summer
536228,Doughlicious Chocolate Chip Ready to Bake Cookie Dough,G,false,1383,https://ecom-su-static-prod.wtrecom.com/images/products/3/LN_536228_BP_3.jpg,https://www.waitrose.com/ecom/products/doughlicious-chocolate-chip-ready-to-bake-cookie-dough/536228-826526-826527,Doughlicious Chocolate Chip Ready to Bake Cookie Dough,6x34g,£3.00,£14.71/kg,,Summer
535035,No.1 Free Range Easy Carve British Pork Leg Joint,E,false,1384,https://ecom-su-static-prod.wtrecom.com/images/products/3/LN_535035_BP_3.jpg,https://www.waitrose.com/ecom/products/no1-free-range-easy-carve-british-pork-leg-joint/535035-783886-783887,No.1 Free Range Easy Carve British Pork Leg Joint,(2kg-3kg),£25-£38 each est.,£12.5 / kg,,Summer
533748,Sistema Lunch Stack,G,false,1385,https://ecom-su-static-prod.wtrecom.com/images/products/3/LN_533748_BP_3.jpg,https://www.waitrose.com/ecom/products/sistema-lunch-stack/533748-803606-803607,Sistema Lunch Stack,each,£9.50,£9.50 each,,Summer
528417,Belazu Smoked Chilli Harissa,G,false,1386,https://ecom-su-static-prod.wtrecom.com/images/products/3/LN_528417_BP_3.jpg,https://www.waitrose.com/ecom/products/belazu-smoked-chilli-harissa/528417-702689-702690,Belazu Smoked Chilli Harissa,170g,£4.50,£2.65/100g,,Summer
527390,Eureka! Firefly Lantern,G,false,1387,https://ecom-su-static-prod.wtrecom.com/images/products/3/LN_527390_BP_3.jpg,https://www.waitrose.com/ecom/products/eureka-firefly-lantern/527390-794478-794479,Eureka! Firefly Lantern,Each,£6.99,£6.99 each,,Summer
525217,Fragata Olives with Chorizo,G,false,1388,https://ecom-su-static-prod.wtrecom.com/images/products/3/LN_525217_BP_3.jpg,https://www.waitrose.com/ecom/products/fragata-olives-with-chorizo/525217-658193-658194,Fragata Olives with Chorizo,drained 150g,£2.35,£1.57/100g,,Summer
521861,Sistema Snack Capsule To Go Assorted,G,false,1389,https://ecom-su-static-prod.wtrecom.com/images/products/3/LN_521861_BP_3.jpg,https://www.waitrose.com/ecom/products/sistema-snack-capsule-to-go-assorted/521861-803604-803605,Sistema Snack Capsule To Go Assorted,each,£6.50,£6.50 each,,Summer
519662,Häagen-Dazs Bites Chocolate Ice Cream,G,true,1390,https://ecom-su-static-prod.wtrecom.com/images/products/3/LN_519662_BP_3.jpg,https://www.waitrose.com/ecom/products/haagen-dazs-bites-chocolate-ice-cream/519662-824359-824360,Häagen-Dazs Bites Chocolate Ice Cream,128ml,£3.50,£2.74/100ml,save £1.50. Was £5.00,Summer
515812,Al'Fez Falafel Mix,G,false,1391,https://ecom-su-static-prod.wtrecom.com/images/products/3/LN_515812_BP_3.jpg,https://www.waitrose.com/ecom/products/alfez-falafel-mix/515812-72901-72902,Al'Fez Falafel Mix,150g,£2.00,£13.34/kg,,Summer
513226,British Native Breed Beef Fillet,E,false,1392,https://ecom-su-static-prod.wtrecom.com/images/products/3/LN_513226_BP_3.jpg,https://www.waitrose.com/ecom/products/british-native-breed-beef-fillet/513226-673539-673540,British Native Breed Beef Fillet,(1.8kg-2.2kg),£94-£115 each est.,£52 / kg,,Summer
512364,Belvoir Non-Alcoholic Passionfruit Martini,G,true,1393,https://ecom-su-static-prod.wtrecom.com/images/products/3/LN_512364_BP_3.jpg,https://www.waitrose.com/ecom/products/belvoir-non-alcoholic-passionfruit-martini/512364-791831-791832,Belvoir Non-Alcoholic Passionfruit Martini,750ml,£2.50,33.3p/100ml,save 90p. Was £3.40,Summer
511689,Marques de Calatrava Reserva,W,true,1394,https://ecom-su-static-prod.wtrecom.com/images/products/3/LN_511689_BP_3.jpg,https://www.waitrose.com/ecom/products/marques-de-calatrava-reserva/511689-795026-795027,Marques de Calatrava Reserva,75cl,£7.99,£7.99/75cl,save £1.00. Was £8.99,Summer
510160,Olmeca Altos Plata Tequila,G,false,1395,https://ecom-su-static-prod.wtrecom.com/images/products/3/LN_510160_BP_3.jpg,https://www.waitrose.com/ecom/products/olmeca-altos-plata-tequila/510160-298551-298552,Olmeca Altos Plata Tequila,700ml,£30.00,£42.86/litre,,Summer
509378,Fresh Whole Scottish Salmon Fillet,E,false,1396,https://ecom-su-static-prod.wtrecom.com/images/products/3/LN_509378_BP_3.jpg,https://www.waitrose.com/ecom/products/fresh-whole-scottish-salmon-fillet/509378-486499-486500,Fresh Whole Scottish Salmon Fillet,(0.9kg-1.3kg),£27-£39 each est.,£30 / kg,,Summer
508434,Sistema Cutlery Set,G,false,1397,https://ecom-su-static-prod.wtrecom.com/images/products/3/LN_508434_BP_3.jpg,https://www.waitrose.com/ecom/products/sistema-cutlery-set/508434-723264-723265,Sistema Cutlery Set,each,£7.00,£7 each,,Summer
507534,Red Bull Sugar Free Juneberry,G,false,1398,https://ecom-su-static-prod.wtrecom.com/images/products/3/LN_507534_BP_3.jpg,https://www.waitrose.com/ecom/products/red-bull-sugar-free-juneberry/507534-823575-823576,Red Bull Sugar Free Juneberry,4x250ml,£3.50,35p/100ml,,Summer
505220,Stackable Coloured Wine Glasses,G,true,1399,https://ecom-su-static-prod.wtrecom.com/images/products/3/LN_505220_BP_3.jpg,https://www.waitrose.com/ecom/products/stackable-coloured-wine-glasses/505220-821753-821754,Stackable Coloured Wine Glasses,4s,£12.00,£3 each,Save 1/3. Was £12.00,Summer
502007,33cm Tropical Leaves Napkins,G,true,1400,https://ecom-su-static-prod.wtrecom.com/images/products/3/LN_502007_BP_3.jpg,https://www.waitrose.com/ecom/products/33cm-tropical-leaves-napkins/502007-822561-822562,33cm Tropical Leaves Napkins,25Sheet,£1.68,,25% Off. Was £2.25,Summer
499735,Westland Boost All Purpose Plant Food 1L,G,false,1401,https://ecom-su-static-prod.wtrecom.com/images/products/3/LN_499735_BP_3.jpg,https://www.waitrose.com/ecom/products/westland-boost-all-purpose-plant-food-1l/499735-816426-816427,Westland Boost All Purpose Plant Food 1L,1litre,£5.99,,,Summer
498304,"Miracle-Gro Azalea, Camellia & Rhododendron",G,true,1402,https://ecom-su-static-prod.wtrecom.com/images/products/3/LN_498304_BP_3.jpg,https://www.waitrose.com/ecom/products/miracle-gro-azalea-camellia-rhododendron/498304-794334-794335,"Miracle-Gro Azalea, Camellia & Rhododendron",800ml,£5.70,71.3p/100ml,25% Off. Was £7.60,Summer
498169,Fentimans Ginger Beer,G,false,1403,https://ecom-su-static-prod.wtrecom.com/images/products/3/LN_498169_BP_3.jpg,https://www.waitrose.com/ecom/products/fentimans-ginger-beer/498169-803859-803860,Fentimans Ginger Beer,4x275ml,£4.00,36.4p/100ml,,Summer
498107,Deliciously Ella Gluten Free & Vegan Cashew Berry Bars,G,false,1404,https://ecom-su-static-prod.wtrecom.com/images/products/3/LN_498107_BP_3.jpg,https://www.waitrose.com/ecom/products/deliciously-ella-gluten-free-vegan-cashew-berry-bars/498107-791053-791054,Deliciously Ella Gluten Free & Vegan Cashew Berry Bars,3x40g,£3.00,£2.50/100g,,Summer
493769,Schär Mini Calzone Bites,G,true,1405,https://ecom-su-static-prod.wtrecom.com/images/products/3/LN_493769_BP_3.jpg,https://www.waitrose.com/ecom/products/schar-mini-calzone-bites/493769-812425-812426,Schär Mini Calzone Bites,250g,£2.90,£1.16/100g,20% Off. Was £3.65,Summer
493105,Mahou Premium Beer,G,false,1406,https://ecom-su-static-prod.wtrecom.com/images/products/3/LN_493105_BP_3.jpg,https://www.waitrose.com/ecom/products/mahou-premium-beer/493105-778250-778251,Mahou Premium Beer,12x330ml,£16.50,£4.17/litre,,Summer
492946,"Smart Solar Fence, Wall & Post Light",G,false,1407,https://ecom-su-static-prod.wtrecom.com/images/products/3/LN_492946_BP_3.jpg,https://www.waitrose.com/ecom/products/smart-solar-fence-wall-post-light/492946-794468-794469,"Smart Solar Fence, Wall & Post Light",1Each,£3.99,£3.99 each,,Summer
492749,Miracle-Gro All Purpose Continuous Release,G,false,1408,https://ecom-su-static-prod.wtrecom.com/images/products/3/LN_492749_BP_3.jpg,https://www.waitrose.com/ecom/products/miracle-gro-all-purpose-continuous-release/492749-794332-794333,Miracle-Gro All Purpose Continuous Release,900g,£9.00,£1/100g,,Summer
491895,Big K Cocoshell Barbecue Briquettes,G,false,1409,https://ecom-su-static-prod.wtrecom.com/images/products/3/LN_491895_BP_3.jpg,https://www.waitrose.com/ecom/products/big-k-cocoshell-barbecue-briquettes/491895-688279-688280,Big K Cocoshell Barbecue Briquettes,4kg,£9.25,£2.32/kg,,Summer
487685,Tails Cocktails Rum Daiquiri Premixed Rum Cocktail,G,false,1410,https://ecom-su-static-prod.wtrecom.com/images/products/3/LN_487685_BP_3.jpg,https://www.waitrose.com/ecom/products/tails-cocktails-rum-daiquiri-premixed-rum-cocktail/487685-778248-778249,Tails Cocktails Rum Daiquiri Premixed Rum Cocktail,50cl,£16.00,£32/litre,,Summer
484869,Cinzano Bianco,G,false,1411,https://ecom-su-static-prod.wtrecom.com/images/products/3/LN_484869_BP_3.jpg,https://www.waitrose.com/ecom/products/cinzano-bianco/484869-791043-791044,Cinzano Bianco,75cl,£11.00,£14.67/litre,,Summer
479850,Miracle-Gro House Plant Potting Peat Free,G,false,1412,https://ecom-su-static-prod.wtrecom.com/images/products/3/LN_479850_BP_3.jpg,https://www.waitrose.com/ecom/products/miracle-gro-house-plant-potting-peat-free/479850-794330-794331,Miracle-Gro House Plant Potting Peat Free,10litre,£5.00,50p/litre,,Summer
478150,Gordon's Pink Alcohol Free,G,false,1413,https://ecom-su-static-prod.wtrecom.com/images/products/3/LN_478150_BP_3.jpg,https://www.waitrose.com/ecom/products/gordons-pink-alcohol-free/478150-783860-783861,Gordon's Pink Alcohol Free,70cl,£15.50,£22.15/litre,,Summer
477555,Big K Smoking Pellets,G,false,1414,https://ecom-su-static-prod.wtrecom.com/images/products/3/LN_477555_BP_3.jpg,https://www.waitrose.com/ecom/products/big-k-smoking-pellets/477555-771525-771526,Big K Smoking Pellets,Each,£21.00,£21 each,,Summer
476705,John Lewis Lisbon Stripe Tumbler Blue,G,true,1415,https://ecom-su-static-prod.wtrecom.com/images/products/3/LN_476705_BP_3.jpg,https://www.waitrose.com/ecom/products/john-lewis-lisbon-stripe-tumbler-blue/476705-821745-821746,John Lewis Lisbon Stripe Tumbler Blue,each,£2.66,£2.66 each,Save 1/3. Was £4.00,Summer
473120,100 Warm White Firefly Solar String,G,false,1416,https://ecom-su-static-prod.wtrecom.com/images/products/3/LN_473120_BP_3.jpg,https://www.waitrose.com/ecom/products/100-warm-white-firefly-solar-string/473120-794460-794461,100 Warm White Firefly Solar String,Each,£12.99,£12.99 each,,Summer
471731,Captain Morgan Spiced Gold 0.0% Alcohol Free Spirit,G,false,1417,https://ecom-su-static-prod.wtrecom.com/images/products/3/LN_471731_BP_3.jpg,https://www.waitrose.com/ecom/products/captain-morgan-spiced-gold-00-alcohol-free-spirit/471731-810048-810049,Captain Morgan Spiced Gold 0.0% Alcohol Free Spirit,70cl,£15.00,£21.43/litre,,Summer
471551,Halo Top Honeycomb Crunch Ice Cream,G,true,1418,https://ecom-su-static-prod.wtrecom.com/images/products/3/LN_471551_BP_3.jpg,https://www.waitrose.com/ecom/products/halo-top-honeycomb-crunch-ice-cream/471551-824347-824348,Halo Top Honeycomb Crunch Ice Cream,460ml,£4.00,87p/100ml,save £1.50. Was £5.50,Summer
467508,Orangina,G,false,1419,https://ecom-su-static-prod.wtrecom.com/images/products/3/LN_467508_BP_3.jpg,https://www.waitrose.com/ecom/products/orangina/467508-823549-823550,Orangina,6x330ml,£3.00,15.2p/100ml,,Summer
461467,Sipsmith London Dry G&T,G,true,1420,https://ecom-su-static-prod.wtrecom.com/images/products/3/LN_461467_BP_3.jpg,https://www.waitrose.com/ecom/products/sipsmith-london-dry-gt/461467-695000-695001,Sipsmith London Dry G&T,250ml,£3.10,£12.40/litre,Mix & Match Add 4 for 3 Cheapest Item Free,Summer
458583,KP Snack Packs Dry Roasted Peanuts,G,false,1421,https://ecom-su-static-prod.wtrecom.com/images/products/3/LN_458583_BP_3.jpg,https://www.waitrose.com/ecom/products/kp-snack-packs-dry-roasted-peanuts/458583-778932-778933,KP Snack Packs Dry Roasted Peanuts,5x30g,£3.40,£2.27/100g,,Summer
458365,Peppadew Sweet Yellow Piquante Peppers Mild Whole,G,false,1422,https://ecom-su-static-prod.wtrecom.com/images/products/3/LN_458365_BP_3.jpg,https://www.waitrose.com/ecom/products/peppadew-sweet-yellow-piquante-peppers-mild-whole/458365-805749-805750,Peppadew Sweet Yellow Piquante Peppers Mild Whole,400g,£3.40,£24.29/kg,,Summer
456821,Miracle-Gro All Purpose Concentrated Liquid,G,true,1423,https://ecom-su-static-prod.wtrecom.com/images/products/3/LN_456821_BP_3.jpg,https://www.waitrose.com/ecom/products/miracle-gro-all-purpose-concentrated-liquid/456821-794316-794317,Miracle-Gro All Purpose Concentrated Liquid,800ml,£5.10,63.8p/100ml,25% Off. Was £6.85,Summer
453316,Love Raw Vegan Peanut Butter Cups,G,false,1424,https://ecom-su-static-prod.wtrecom.com/images/products/3/LN_453316_BP_3.jpg,https://www.waitrose.com/ecom/products/love-raw-vegan-peanut-butter-cups/453316-798700-798701,Love Raw Vegan Peanut Butter Cups,34g,£1.80,£5.30/100g,,Summer
450886,Flying Whistle Ball,G,false,1425,https://ecom-su-static-prod.wtrecom.com/images/products/3/LN_450886_BP_3.jpg,https://www.waitrose.com/ecom/products/flying-whistle-ball/450886-802708-802709,Flying Whistle Ball,each,£4.99,£4.99 each,,Summer
450266,Tinc Waterproof Speaker,G,false,1426,https://ecom-su-static-prod.wtrecom.com/images/products/3/LN_450266_BP_3.jpg,https://www.waitrose.com/ecom/products/tinc-waterproof-speaker/450266-823539-823540,Tinc Waterproof Speaker,each,£25.00,£25 each,,Summer
446007,Talking Tables Eco Bright Cups 8pk,G,false,1427,https://ecom-su-static-prod.wtrecom.com/images/products/3/LN_446007_BP_3.jpg,https://www.waitrose.com/ecom/products/talking-tables-eco-bright-cups-8pk/446007-762950-762951,Talking Tables Eco Bright Cups 8pk,8s,£5.00,62.5p each,,Summer
445689,Ben & Jerry's Chocolate Half Baked Ice Cream Tub,G,true,1428,https://ecom-su-static-prod.wtrecom.com/images/products/3/LN_445689_BP_3.jpg,https://www.waitrose.com/ecom/products/ben-jerrys-chocolate-half-baked-ice-cream-tub/445689-62746-62747,Ben & Jerry's Chocolate Half Baked Ice Cream Tub,465ml,£3.75,80.6p/100ml,Save £1.75. Was £5.50,Summer
445400,Strongbow Zest Cider Can 4PK,G,true,1429,https://ecom-su-static-prod.wtrecom.com/images/products/3/LN_445400_BP_3.jpg,https://www.waitrose.com/ecom/products/strongbow-zest-cider-can-4pk/445400-822053-822054,Strongbow Zest Cider Can 4PK,4x440ml,£5.50,£3.13/litre,save £1.00. Was £6.50,Summer
444358,Cocktail Collection Tanqueray Negroni,G,false,1430,https://ecom-su-static-prod.wtrecom.com/images/products/3/LN_444358_BP_3.jpg,https://www.waitrose.com/ecom/products/cocktail-collection-tanqueray-negroni/444358-818301-818302,Cocktail Collection Tanqueray Negroni,50cl,£15.00,£30/litre,,Summer
444210,No.1 Free Range British Pork Hog Roast with Sage & Onion Stuffing and Apple Sauce,E,false,1431,https://ecom-su-static-prod.wtrecom.com/images/products/3/LN_444210_BP_3.jpg,https://www.waitrose.com/ecom/products/no1-free-range-british-pork-hog-roast-with-sage-onion-stuffing-and-apple-sauce/444210-357186-357187,No.1 Free Range British Pork Hog Roast with Sage & Onion Stuffing and Apple Sauce,(3.1kg-3.7kg),£35-£41 each est.,£11 / kg,,Summer
443816,The Tofoo Co. Sriracha,G,false,1432,https://ecom-su-static-prod.wtrecom.com/images/products/3/LN_443816_BP_3.jpg,https://www.waitrose.com/ecom/products/the-tofoo-co-sriracha/443816-779042-779043,The Tofoo Co. Sriracha,280g,£2.90,£10.36/kg,,Summer
443518,Cuvee Royale Cremant de Limoux Rosé,W,true,1433,https://ecom-su-static-prod.wtrecom.com/images/products/3/LN_443518_BP_3.jpg,https://www.waitrose.com/ecom/products/cuvee-royale-cremant-de-limoux-rose/443518-812848-812849,Cuvee Royale Cremant de Limoux Rosé,75cl,£10.99,£10.99/75cl,save £4.50. Was £15.49,Summer
442901,Terre Di Faiano Primitivo IGP Puglia Organic,W,false,1434,https://ecom-su-static-prod.wtrecom.com/images/products/3/LN_442901_BP_3.jpg,https://www.waitrose.com/ecom/products/terre-di-faiano-primitivo-igp-puglia-organic/442901-822667-822668,Terre Di Faiano Primitivo IGP Puglia Organic,1.5L,£19.99,£10/75cl,,Summer
438195,Waitrose Garden Stainless Steel Trowel,G,false,1435,https://ecom-su-static-prod.wtrecom.com/images/products/3/LN_438195_BP_3.jpg,https://www.waitrose.com/ecom/products/waitrose-garden-stainless-steel-trowel/438195-247209-247210,Waitrose Garden Stainless Steel Trowel,each,£8.00,£8 each,,Summer
438028,Häagen-Dazs Caramel Lotus Biscuit & Cream Ice Cream,G,true,1436,https://ecom-su-static-prod.wtrecom.com/images/products/3/LN_438028_BP_3.jpg,https://www.waitrose.com/ecom/products/haagen-dazs-caramel-lotus-biscuit-cream-ice-cream/438028-824339-824340,Häagen-Dazs Caramel Lotus Biscuit & Cream Ice Cream,460ml,£3.75,81.5p/100ml,save £1.85. Was £5.60,Summer
437723,Empress Premium Lager,G,false,1437,https://ecom-su-static-prod.wtrecom.com/images/products/3/LN_437723_BP_3.jpg,https://www.waitrose.com/ecom/products/empress-premium-lager/437723-791021-791022,Empress Premium Lager,330ml,£2.30,£6.97/litre,,Summer
434410,Granarolo Scamorza Affumicata Italian Mozzarella Cheese,G,false,1438,https://ecom-su-static-prod.wtrecom.com/images/products/3/LN_434410_BP_3.jpg,https://www.waitrose.com/ecom/products/granarolo-scamorza-affumicata-italian-mozzarella-cheese/434410-595090-595091,Granarolo Scamorza Affumicata Italian Mozzarella Cheese,250g,£3.50,£14/kg,,Summer
432954,Sprite,G,false,1439,https://ecom-su-static-prod.wtrecom.com/images/products/3/LN_432954_BP_3.jpg,https://www.waitrose.com/ecom/products/sprite/432954-803849-803850,Sprite,18x330ml,£7.50,12.6p/100ml,,Summer
431159,33CM Duni Mint Blue Napkins,G,true,1440,https://ecom-su-static-prod.wtrecom.com/images/products/3/LN_431159_BP_3.jpg,https://www.waitrose.com/ecom/products/33cm-duni-mint-blue-napkins/431159-822629-822630,33CM Duni Mint Blue Napkins,20Sheet,£1.50,,25% Off. Was £2.00,Summer
430283,Aspall Crisp Apple Cans,G,true,1441,https://ecom-su-static-prod.wtrecom.com/images/products/3/LN_430283_BP_3.jpg,https://www.waitrose.com/ecom/products/aspall-crisp-apple-cans/430283-822037-822038,Aspall Crisp Apple Cans,10x330ml,£10.00,£3.04/litre,save £1.25. Was £11.25,Summer
428742,Pimm's & Lemonade,G,true,1442,https://ecom-su-static-prod.wtrecom.com/images/products/3/LN_428742_BP_3.jpg,https://www.waitrose.com/ecom/products/pimms-lemonade/428742-728110-728111,Pimm's & Lemonade,10x250ml,£10.00,£4/litre,save £3.50. Was £13.50,Summer
428276,Strongbow Tropical Cider Can,G,false,1443,https://ecom-su-static-prod.wtrecom.com/images/products/3/LN_428276_BP_3.jpg,https://www.waitrose.com/ecom/products/strongbow-tropical-cider-can/428276-812403-812404,Strongbow Tropical Cider Can,4x440ml,£6.50,£3.70/litre,,Summer
427741,John Lewis Lisbon Stripe Wine Glass Blue,G,true,1444,https://ecom-su-static-prod.wtrecom.com/images/products/3/LN_427741_BP_3.jpg,https://www.waitrose.com/ecom/products/john-lewis-lisbon-stripe-wine-glass-blue/427741-821723-821724,John Lewis Lisbon Stripe Wine Glass Blue,each,£3.00,£3 each,Save 1/3. Was £4.50,Summer
424722,Gin Mare,G,false,1445,https://ecom-su-static-prod.wtrecom.com/images/products/3/LN_424722_BP_3.jpg,https://www.waitrose.com/ecom/products/gin-mare/424722-136845-136846,Gin Mare,700ml,£39.00,£55.72/litre,,Summer
424057,No.1 Caramelised Shallot Dip,G,true,1446,https://ecom-su-static-prod.wtrecom.com/images/products/3/LN_424057_BP_3.jpg,https://www.waitrose.com/ecom/products/no1-caramelised-shallot-dip/424057-827188-827189,No.1 Caramelised Shallot Dip,170g,£2.28,£1.35/100g,Introductory Offer.Will be £2.85,Summer
423964,Tango Orange,G,false,1447,https://ecom-su-static-prod.wtrecom.com/images/products/3/LN_423964_BP_3.jpg,https://www.waitrose.com/ecom/products/tango-orange/423964-823519-823520,Tango Orange,24x330ml,£8.00,10.1p/100ml,,Summer
422937,VEGETABLES NAPKIN 33CM 20PK,G,true,1448,https://ecom-su-static-prod.wtrecom.com/images/products/3/LN_422937_BP_3.jpg,https://www.waitrose.com/ecom/products/vegetables-napkin-33cm-20pk/422937-817387-817388,VEGETABLES NAPKIN 33CM 20PK,20s,£1.50,,25% Off. Was £2.00,Summer
417647,Crackle Globe Stake Light 5 Pack,G,false,1449,https://ecom-su-static-prod.wtrecom.com/images/products/3/LN_417647_BP_3.jpg,https://www.waitrose.com/ecom/products/crackle-globe-stake-light-5-pack/417647-794450-794451,Crackle Globe Stake Light 5 Pack,Each,£19.99,£19.99 each,,Summer
415470,Guinness NitroSurge Pouring Device,G,false,1450,https://ecom-su-static-prod.wtrecom.com/images/products/3/LN_415470_BP_3.jpg,https://www.waitrose.com/ecom/products/guinness-nitrosurge-pouring-device/415470-807544-807545,Guinness NitroSurge Pouring Device,each,£30.00,£30 each,,Summer
414075,Poretti Lager Cans,G,true,1451,https://ecom-su-static-prod.wtrecom.com/images/products/3/LN_414075_BP_3.jpg,https://www.waitrose.com/ecom/products/poretti-lager-cans/414075-822029-822030,Poretti Lager Cans,4x440ml,£5.50,£3.13/litre,save £1.00. Was £6.50,Summer
411666,33cm Pastel Perfection Napkins,G,true,1452,https://ecom-su-static-prod.wtrecom.com/images/products/3/LN_411666_BP_3.jpg,https://www.waitrose.com/ecom/products/33cm-pastel-perfection-napkins/411666-822553-822554,33cm Pastel Perfection Napkins,25Sheet,£1.68,,25% Off. Was £2.25,Summer
411254,Belazu Rose Harissa Pesto,G,false,1453,https://ecom-su-static-prod.wtrecom.com/images/products/3/LN_411254_BP_3.jpg,https://www.waitrose.com/ecom/products/belazu-rose-harissa-pesto/411254-703925-703926,Belazu Rose Harissa Pesto,165g,£3.35,£2.04/100g,,Summer
408561,John Lewis Anyday Barbecue Cleaning Brush,G,false,1454,https://ecom-su-static-prod.wtrecom.com/images/products/3/LN_408561_BP_3.jpg,https://www.waitrose.com/ecom/products/john-lewis-anyday-barbecue-cleaning-brush/408561-679842-679843,John Lewis Anyday Barbecue Cleaning Brush,each,£5.99,£5.99 each,,Summer
405547,Cruzcampo,G,false,1455,https://ecom-su-static-prod.wtrecom.com/images/products/3/LN_405547_BP_3.jpg,https://www.waitrose.com/ecom/products/cruzcampo/405547-823507-823508,Cruzcampo,12x330ml,£10.00,£2.53/litre,,Summer
404979,John Lewis Acrylic Red Wine Goblet,G,false,1456,https://ecom-su-static-prod.wtrecom.com/images/products/3/LN_404979_BP_3.jpg,https://www.waitrose.com/ecom/products/john-lewis-acrylic-red-wine-goblet/404979-658005-658006,John Lewis Acrylic Red Wine Goblet,each,£4.50,£4.50 each,,Summer
404001,Waitrose Garden Natural Twine,G,false,1457,https://ecom-su-static-prod.wtrecom.com/images/products/3/LN_404001_BP_3.jpg,https://www.waitrose.com/ecom/products/waitrose-garden-natural-twine/404001-246871-246872,Waitrose Garden Natural Twine,Each,£3.20,£3.20 each,,Summer
402479,MOTH Margarita,G,true,1458,https://ecom-su-static-prod.wtrecom.com/images/products/3/LN_402479_BP_3.jpg,https://www.waitrose.com/ecom/products/moth-margarita/402479-814911-814912,MOTH Margarita,6x125ml,£17.00,£22.67/litre,save £3.00. Was £20.00,Summer
401855,WTrue Espresso Martini Shake,G,true,1459,https://ecom-su-static-prod.wtrecom.com/images/products/3/LN_401855_BP_3.jpg,https://www.waitrose.com/ecom/products/wtrue-espresso-martini-shake/401855-826094-826095,WTrue Espresso Martini Shake,440ml,£3.25,£7.39/litre,Mix & Match Add 5 for 4 Cheapest Item Free,Summer
397626,No.1 Free Range British Pork Crackling 10 Bone Rack,E,false,1460,https://ecom-su-static-prod.wtrecom.com/images/products/3/LN_397626_BP_3.jpg,https://www.waitrose.com/ecom/products/no1-free-range-british-pork-crackling-10-bone-rack/397626-55898-55899,No.1 Free Range British Pork Crackling 10 Bone Rack,(2.6kg-3kg),£39-£45 each est.,£15 / kg,,Summer
323107,"Lost and Grounded X Caravan Collaboration, Coffee Pale Ale",G,true,1461,https://ecom-su-static-prod.wtrecom.com/images/products/3/LN_323107_BP_3.jpg,https://www.waitrose.com/ecom/products/lost-and-grounded-x-caravan-collaboration-coffee-pale-ale/323107-826056-826057,"Lost and Grounded X Caravan Collaboration, Coffee Pale Ale",440ml,£3.50,£7.96/litre,Mix & Match Add 5 for 4 Cheapest Item Free,Summer
098795,Henderson's Relish,G,false,1462,https://ecom-su-static-prod.wtrecom.com/images/products/3/LN_098795_BP_3.jpg,https://www.waitrose.com/ecom/products/hendersons-relish/098795-50373-50374,Henderson's Relish,284ml,£2.00,70.4p/100ml,,Summer
095138,Captain Morgan Spiced Gold Rum Based Spirit Drink,G,false,1463,https://ecom-su-static-prod.wtrecom.com/images/products/3/LN_095138_BP_3.jpg,https://www.waitrose.com/ecom/products/captain-morgan-spiced-gold-rum-based-spirit-drink/095138-48765-48766,Captain Morgan Spiced Gold Rum Based Spirit Drink,70cl,£19.50,£27.86/litre,,Summer
093974,Lavazza Espresso Italiano Coffee Beans,G,true,1464,https://ecom-su-static-prod.wtrecom.com/images/products/3/LN_093974_BP_3.jpg,https://www.waitrose.com/ecom/products/lavazza-espresso-italiano-coffee-beans/093974-48236-48237,Lavazza Espresso Italiano Coffee Beans,250g,£3.75,£1.50/100g,save 75p. Was £4.50,Summer
079552,Boneless Leg of British Lamb with Apricot & Rosemary,E,false,1465,https://ecom-su-static-prod.wtrecom.com/images/products/3/LN_079552_BP_3.jpg,https://www.waitrose.com/ecom/products/boneless-leg-of-british-lamb-with-apricot-rosemary/079552-40485-40486,Boneless Leg of British Lamb with Apricot & Rosemary,(1.1kg-1.5kg),£24-£32 each est.,£21 / kg,,Summer
035351,Big K Barbecue Lighting Gel,G,false,1466,https://ecom-su-static-prod.wtrecom.com/images/products/3/LN_035351_BP_3.jpg,https://www.waitrose.com/ecom/products/big-k-barbecue-lighting-gel/035351-17807-17808,Big K Barbecue Lighting Gel,1litre,£5.50,£5.50/litre,,Summer
023095,No.1 Italian Espresso SLow Roasted Ground Coffee,G,false,1467,https://ecom-su-static-prod.wtrecom.com/images/products/3/LN_023095_BP_3.jpg,https://www.waitrose.com/ecom/products/no1-italian-espresso-slow-roasted-ground-coffee/023095-11229-11230,No.1 Italian Espresso SLow Roasted Ground Coffee,250g,£6.00,£2.40/100g,,Summer
018018,No.1 Chateaubriand with Garlic & Chive Butter,E,false,1468,https://ecom-su-static-prod.wtrecom.com/images/products/3/LN_018018_BP_3.jpg,https://www.waitrose.com/ecom/products/no1-chateaubriand-with-garlic-chive-butter/018018-8740-8741,No.1 Chateaubriand with Garlic & Chive Butter,Typical weight 0.49kg,£30.00,£61.86/kg,,Summer
008145,Santa Marta Limoncello,G,false,1469,https://ecom-su-static-prod.wtrecom.com/images/products/3/LN_008145_BP_3.jpg,https://www.waitrose.com/ecom/products/santa-marta-limoncello/008145-3872-3873,Santa Marta Limoncello,50cl,£18.00,£36/litre,,Summer
607603,Essential Beetroot Salad,G,false,1470,https://ecom-su-static-prod.wtrecom.com/images/products/3/LN_607603_BP_3.jpg,https://www.waitrose.com/ecom/products/essential-beetroot-salad/607603-801390-801391,Essential Beetroot Salad,300g,£1.85,61.7p/100g,,Summer
744490,Magnum Classic Chocolate Vanilla Ice Cream Sticks,G,false,1471,https://ecom-su-static-prod.wtrecom.com/images/products/3/LN_744490_BP_3.jpg,https://www.waitrose.com/ecom/products/magnum-classic-chocolate-vanilla-ice-cream-sticks/744490-802044-802045,Magnum Classic Chocolate Vanilla Ice Cream Sticks,6x100ml,£6.15,£1.03/100ml,,Summer
847785,No. 1 Mozzarella Di Bufala Campana DOP Italian Mozzarella Cheese Strength 2,G,false,1472,https://ecom-su-static-prod.wtrecom.com/images/products/3/LN_847785_BP_3.jpg,https://www.waitrose.com/ecom/products/no-1-mozzarella-di-bufala-campana-dop-italian-mozzarella-cheese-strength-2/847785-769274-769275,No. 1 Mozzarella Di Bufala Campana DOP Italian Mozzarella Cheese Strength 2,drained 125g,£3.00,£24/kg,,Summer
618332,Crosta & Mollica Torinesi Grissini,G,false,1473,https://ecom-su-static-prod.wtrecom.com/images/products/3/LN_618332_BP_3.jpg,https://www.waitrose.com/ecom/products/crosta-mollica-torinesi-grissini/618332-146626-146627,Crosta & Mollica Torinesi Grissini,120g,£1.65,£1.38/100g,,Summer
556893,Waitrose All Butter Cheddar Cheese Nibbles,G,false,1474,https://ecom-su-static-prod.wtrecom.com/images/products/3/LN_556893_BP_3.jpg,https://www.waitrose.com/ecom/products/waitrose-all-butter-cheddar-cheese-nibbles/556893-753905-753906,Waitrose All Butter Cheddar Cheese Nibbles,100g,£2.50,£2.50/100g,,Summer
544188,Crosta & Mollica Tarallini Fennel Seed,G,false,1475,https://ecom-su-static-prod.wtrecom.com/images/products/3/LN_544188_BP_3.jpg,https://www.waitrose.com/ecom/products/crosta-mollica-tarallini-fennel-seed/544188-76934-76935,Crosta & Mollica Tarallini Fennel Seed,180g,£2.10,£1.17/100g,,Summer
461151,Crosta & Mollica Torinesi Breadsticks,G,false,1476,https://ecom-su-static-prod.wtrecom.com/images/products/3/LN_461151_BP_3.jpg,https://www.waitrose.com/ecom/products/crosta-mollica-torinesi-breadsticks/461151-491925-491926,Crosta & Mollica Torinesi Breadsticks,120g,£1.65,£1.38/100g,,Summer
407620,Brooklyn Special Effects Low Alcohol Lager,G,false,1477,https://ecom-su-static-prod.wtrecom.com/images/products/3/LN_407620_BP_3.jpg,https://www.waitrose.com/ecom/products/brooklyn-special-effects-low-alcohol-lager/407620-755757-755758,Brooklyn Special Effects Low Alcohol Lager,4x330ml,£5.00,£3.79/litre,,Summer
090729,Cooks' Ingredients Croutons,G,false,1478,https://ecom-su-static-prod.wtrecom.com/images/products/3/LN_090729_BP_3.jpg,https://www.waitrose.com/ecom/products/cooks-ingredients-croutons/090729-46741-46742,Cooks' Ingredients Croutons,100g,£1.50,15p/10g,,Summer
831161,illy Classico Lungo Capsules 10s,G,true,1479,https://ecom-su-static-prod.wtrecom.com/images/products/3/LN_831161_BP_3.jpg,https://www.waitrose.com/ecom/products/illy-classico-lungo-capsules-10s/831161-719905-719906,illy Classico Lungo Capsules 10s,57g,£3.50,£6.15/100g,save £1.75. Was £5.25,Summer
484859,Crosta & Mollica Crostini With Oregano,G,false,1480,https://ecom-su-static-prod.wtrecom.com/images/products/3/LN_484859_BP_3.jpg,https://www.waitrose.com/ecom/products/crosta-mollica-crostini-with-oregano/484859-311152-311153,Crosta & Mollica Crostini With Oregano,150g,£2.10,£1.40/100g,,Summer
718178,Belazu Rosemary Nut Mix,G,true,1481,https://ecom-su-static-prod.wtrecom.com/images/products/3/LN_718178_BP_3.jpg,https://www.waitrose.com/ecom/products/belazu-rosemary-nut-mix/718178-778978-778979,Belazu Rosemary Nut Mix,120g,£3.30,£2.75/100g,20% Off. Was £4.15,Summer
409465,Crosta & Mollica Bolli Crackers Black Pepper,G,false,1482,https://ecom-su-static-prod.wtrecom.com/images/products/3/LN_409465_BP_3.jpg,https://www.waitrose.com/ecom/products/crosta-mollica-bolli-crackers-black-pepper/409465-361601-361602,Crosta & Mollica Bolli Crackers Black Pepper,120g,£2.10,£1.75/100g,,Summer
597482,Belazu Truffle & Pecorino Nut Mix,G,true,1483,https://ecom-su-static-prod.wtrecom.com/images/products/3/LN_597482_BP_3.jpg,https://www.waitrose.com/ecom/products/belazu-truffle-pecorino-nut-mix/597482-754063-754064,Belazu Truffle & Pecorino Nut Mix,135g,£4.00,£2.97/100g,20% Off. Was £5.00,Summer
837931,Daura Damm Gluten Free,G,false,1484,https://ecom-su-static-prod.wtrecom.com/images/products/3/LN_837931_BP_3.jpg,https://www.waitrose.com/ecom/products/daura-damm-gluten-free/837931-745541-745542,Daura Damm Gluten Free,330ml,£2.25,£6.82/litre,,Summer
009596,Waitrose Cherry Vine Tomatoes,G,false,1485,https://ecom-su-static-prod.wtrecom.com/images/products/3/LN_009596_BP_3.jpg,https://www.waitrose.com/ecom/products/waitrose-cherry-vine-tomatoes/009596-4741-4742,Waitrose Cherry Vine Tomatoes,400g,£3.25,£8.13/kg,,Summer
019062,Essential Baked Beans in Tomato Sauce,G,true,1486,https://ecom-su-static-prod.wtrecom.com/images/products/3/LN_019062_BP_3.jpg,https://www.waitrose.com/ecom/products/essential-baked-beans-in-tomato-sauce/019062-9205-9206,Essential Baked Beans in Tomato Sauce,420g,55p,£1.31/kg,Add 4 for £1.90,Summer
088460,Cooks' Ingredients Unwaxed Lemons,G,false,1487,https://ecom-su-static-prod.wtrecom.com/images/products/3/LN_088460_BP_3.jpg,https://www.waitrose.com/ecom/products/cooks-ingredients-unwaxed-lemons/088460-45401-45402,Cooks' Ingredients Unwaxed Lemons,4s,£1.70,42.5p each,,Summer
088036,Essential Blueberries,G,false,1488,https://ecom-su-static-prod.wtrecom.com/images/products/3/LN_088036_BP_3.jpg,https://www.waitrose.com/ecom/products/essential-blueberries/088036-45014-45015,Essential Blueberries,150g,£2.00,£13.34/kg,,Summer
058044,Sweet Peppers,G,true,1489,https://ecom-su-static-prod.wtrecom.com/images/products/3/LN_058044_BP_3.jpg,https://www.waitrose.com/ecom/products/sweet-peppers/058044-29138-29139,Sweet Peppers,3s,£1.42,47.3p each,25% Off. Was £1.90,Summer
890609,Essential Raspberries,G,false,1490,https://ecom-su-static-prod.wtrecom.com/images/products/3/LN_890609_BP_3.jpg,https://www.waitrose.com/ecom/products/essential-raspberries/890609-151436-151437,Essential Raspberries,150g,£2.00,£13.34/kg,,Summer
088973,Duchy Organic Blueberries,G,false,1491,https://ecom-su-static-prod.wtrecom.com/images/products/3/LN_088973_BP_3.jpg,https://www.waitrose.com/ecom/products/duchy-organic-blueberries/088973-45748-45749,Duchy Organic Blueberries,125g,£2.50,£20/kg,,Summer
067520,Waitrose Baby Spinach,G,false,1492,https://ecom-su-static-prod.wtrecom.com/images/products/3/LN_067520_BP_3.jpg,https://www.waitrose.com/ecom/products/waitrose-baby-spinach/067520-34265-34266,Waitrose Baby Spinach,120g,£1.50,£1.25/100g,,Summer
476506,Waitrose Midi Cucumber,G,false,1493,https://ecom-su-static-prod.wtrecom.com/images/products/3/LN_476506_BP_3.jpg,https://www.waitrose.com/ecom/products/waitrose-midi-cucumber/476506-381748-381749,Waitrose Midi Cucumber,each,65p,65p each,,Summer
088461,Essential Limes,G,false,1494,https://ecom-su-static-prod.wtrecom.com/images/products/3/LN_088461_BP_3.jpg,https://www.waitrose.com/ecom/products/essential-limes/088461-45403-45404,Essential Limes,Each,30p,30p each,,Summer
805332,Waitrose Blueberries,G,false,1495,https://ecom-su-static-prod.wtrecom.com/images/products/3/LN_805332_BP_3.jpg,https://www.waitrose.com/ecom/products/waitrose-blueberries/805332-665151-665152,Waitrose Blueberries,360g,£4.60,£12.78/kg,,Summer
487080,Waitrose Blueberries,G,false,1496,https://ecom-su-static-prod.wtrecom.com/images/products/3/LN_487080_BP_3.jpg,https://www.waitrose.com/ecom/products/waitrose-blueberries/487080-497722-497723,Waitrose Blueberries,225g,£3.50,£15.56/kg,,Summer
564598,Duchy Organic Salad Cucumber,G,false,1497,https://ecom-su-static-prod.wtrecom.com/images/products/3/LN_564598_BP_3.jpg,https://www.waitrose.com/ecom/products/duchy-organic-salad-cucumber/564598-79966-79967,Duchy Organic Salad Cucumber,each,£1.40,£1.40 each,,Summer
370623,Waitrose 2 MSC Wild Keta Salmon Fillets,G,true,1498,https://ecom-su-static-prod.wtrecom.com/images/products/3/LN_370623_BP_3.jpg,https://www.waitrose.com/ecom/products/waitrose-2-msc-wild-keta-salmon-fillets/370623-237474-237475,Waitrose 2 MSC Wild Keta Salmon Fillets,220g,£5.50,£25/kg,Add 3 for £12,Summer
873282,Essential Oval Paracetamol Tablets,G,false,1499,https://ecom-su-static-prod.wtrecom.com/images/products/3/LN_873282_BP_3.jpg,https://www.waitrose.com/ecom/products/essential-oval-paracetamol-tablets/873282-311482-311483,Essential Oval Paracetamol Tablets,16s,60p,3.8p each,,Summer
086926,Waitrose Wild Rocket,G,false,1500,https://ecom-su-static-prod.wtrecom.com/images/products/3/LN_086926_BP_3.jpg,https://www.waitrose.com/ecom/products/waitrose-wild-rocket/086926-44412-44413,Waitrose Wild Rocket,90g,£1.75,£1.95/100g,,Summer
437574,No.1 Speciality British Strawberries,G,true,1501,https://ecom-su-static-prod.wtrecom.com/images/products/3/LN_437574_BP_3.jpg,https://www.waitrose.com/ecom/products/no1-speciality-british-strawberries/437574-61584-61585,No.1 Speciality British Strawberries,365g,£4.00,£10.96/kg,Add 2 for £6,Summer
531920,Waitrose 2 Mediterranean Sea Bass Fillets,G,true,1502,https://ecom-su-static-prod.wtrecom.com/images/products/3/LN_531920_BP_3.jpg,https://www.waitrose.com/ecom/products/waitrose-2-mediterranean-sea-bass-fillets/531920-237538-237539,Waitrose 2 Mediterranean Sea Bass Fillets,180g,£5.50,£30.56/kg,Add 3 for £12,Summer
053924,Duchy Organic Homogenised Semi-Skimmed Milk 4 pints,G,false,1503,https://ecom-su-static-prod.wtrecom.com/images/products/3/LN_053924_BP_3.jpg,https://www.waitrose.com/ecom/products/duchy-organic-homogenised-semi-skimmed-milk-4-pints/053924-27034-27035,Duchy Organic Homogenised Semi-Skimmed Milk 4 pints,2.272litre,£2.25,99p/litre,,Summer
017798,Waitrose Mixed Baby Tomatoes,G,false,1504,https://ecom-su-static-prod.wtrecom.com/images/products/3/LN_017798_BP_3.jpg,https://www.waitrose.com/ecom/products/waitrose-mixed-baby-tomatoes/017798-8616-8617,Waitrose Mixed Baby Tomatoes,250g,£2.50,£10/kg,,Summer
771324,Waitrose Sweet Cos,G,false,1505,https://ecom-su-static-prod.wtrecom.com/images/products/3/LN_771324_BP_3.jpg,https://www.waitrose.com/ecom/products/waitrose-sweet-cos/771324-350037-350038,Waitrose Sweet Cos,2s,£1.55,77.5p each,,Summer
085481,Essential Sweetcorn,G,false,1506,https://ecom-su-static-prod.wtrecom.com/images/products/3/LN_085481_BP_3.jpg,https://www.waitrose.com/ecom/products/essential-sweetcorn/085481-43548-43549,Essential Sweetcorn,2s,£1.50,75p each,,Summer
075319,Waitrose Super Soft White Medium Sliced,G,false,1507,https://ecom-su-static-prod.wtrecom.com/images/products/3/LN_075319_BP_3.jpg,https://www.waitrose.com/ecom/products/waitrose-super-soft-white-medium-sliced/075319-38210-38211,Waitrose Super Soft White Medium Sliced,800g,£1.00,12.5p/100g,,Summer
018732,Duchy Organic Unhomogenised Whole Milk 4 Pints,G,false,1508,https://ecom-su-static-prod.wtrecom.com/images/products/3/LN_018732_BP_3.jpg,https://www.waitrose.com/ecom/products/duchy-organic-unhomogenised-whole-milk-4-pints/018732-9053-9054,Duchy Organic Unhomogenised Whole Milk 4 Pints,2.272litre,£2.25,99p/litre,,Summer
819223,Waitrose Butterhead Salad,G,false,1509,https://ecom-su-static-prod.wtrecom.com/images/products/3/LN_819223_BP_3.jpg,https://www.waitrose.com/ecom/products/waitrose-butterhead-salad/819223-350085-350086,Waitrose Butterhead Salad,120g,£2.00,£1.67/100g,,Summer
016971,Waitrose Beetroot Salad,G,false,1510,https://ecom-su-static-prod.wtrecom.com/images/products/3/LN_016971_BP_3.jpg,https://www.waitrose.com/ecom/products/waitrose-beetroot-salad/016971-8193-8194,Waitrose Beetroot Salad,140g,£2.00,£1.43/100g,,Summer
005277,Waitrose Babyleaf Salad,G,false,1511,https://ecom-su-static-prod.wtrecom.com/images/products/3/LN_005277_BP_3.jpg,https://www.waitrose.com/ecom/products/waitrose-babyleaf-salad/005277-2277-2278,Waitrose Babyleaf Salad,120g,£2.00,£1.67/100g,,Summer
483605,Duchy Organic Babyleaf & Rocket Salad,G,false,1512,https://ecom-su-static-prod.wtrecom.com/images/products/3/LN_483605_BP_3.jpg,https://www.waitrose.com/ecom/products/duchy-organic-babyleaf-rocket-salad/483605-349790-349791,Duchy Organic Babyleaf & Rocket Salad,100g,£2.15,£2.15/100g,,Summer
056493,Waitrose Lambs Lettuce,G,false,1513,https://ecom-su-static-prod.wtrecom.com/images/products/3/LN_056493_BP_3.jpg,https://www.waitrose.com/ecom/products/waitrose-lambs-lettuce/056493-28365-28366,Waitrose Lambs Lettuce,90g,£1.75,£1.95/100g,,Summer
090899,Waitrose Watercress,G,false,1514,https://ecom-su-static-prod.wtrecom.com/images/products/3/LN_090899_BP_3.jpg,https://www.waitrose.com/ecom/products/waitrose-watercress/090899-46817-46818,Waitrose Watercress,80g,£1.50,£1.88/100g,,Summer
015880,Waitrose Watercress Spinach Rocket Salad,G,false,1515,https://ecom-su-static-prod.wtrecom.com/images/products/3/LN_015880_BP_3.jpg,https://www.waitrose.com/ecom/products/waitrose-watercress-spinach-rocket-salad/015880-7597-7598,Waitrose Watercress Spinach Rocket Salad,110g,£2.00,£1.82/100g,,Summer
792711,Waitrose Roast Chicken Breast Fillets 2,G,false,1516,https://ecom-su-static-prod.wtrecom.com/images/products/3/LN_792711_BP_3.jpg,https://www.waitrose.com/ecom/products/waitrose-roast-chicken-breast-fillets-2/792711-112765-112766,Waitrose Roast Chicken Breast Fillets 2,Typical weight 0.17kg,£3.72 each est.,£21.75/kg,,Summer
088473,Waitrose Large Orange,G,false,1517,https://ecom-su-static-prod.wtrecom.com/images/products/3/LN_088473_BP_3.jpg,https://www.waitrose.com/ecom/products/waitrose-large-orange/088473-45415-45416,Waitrose Large Orange,Each,65p,65p each,,Summer
055041,Waitrose Wholemeal Farmhouse Medium Sliced,G,false,1518,https://ecom-su-static-prod.wtrecom.com/images/products/3/LN_055041_BP_3.jpg,https://www.waitrose.com/ecom/products/waitrose-wholemeal-farmhouse-medium-sliced/055041-27651-27652,Waitrose Wholemeal Farmhouse Medium Sliced,800g,£1.45,18.1p/100g,,Summer
025926,Waitrose Ruby Gem Lettuce…,G,false,1519,https://ecom-su-static-prod.wtrecom.com/images/products/3/LN_025926_BP_3.jpg,https://www.waitrose.com/ecom/products/waitrose-ruby-gem-lettuce/025926-12638-12639,Waitrose Ruby Gem Lettuce…,2s,£1.55,77.5p each,,Summer
062220,No.1 2 Wild Alaskan Sockeye Salmon Fillets,G,false,1520,https://ecom-su-static-prod.wtrecom.com/images/products/3/LN_062220_BP_3.jpg,https://www.waitrose.com/ecom/products/no1-2-wild-alaskan-sockeye-salmon-fillets/062220-31555-31556,No.1 2 Wild Alaskan Sockeye Salmon Fillets,220g,£8.00,£36.37/kg,,Summer
053688,Waitrose Mango Chunks,G,false,1521,https://ecom-su-static-prod.wtrecom.com/images/products/3/LN_053688_BP_3.jpg,https://www.waitrose.com/ecom/products/waitrose-mango-chunks/053688-427093-26907,Waitrose Mango Chunks,280g,£3.65,£13.04/kg,,Summer
018056,Waitrose Babyleaf Herb Salad,G,false,1522,https://ecom-su-static-prod.wtrecom.com/images/products/3/LN_018056_BP_3.jpg,https://www.waitrose.com/ecom/products/waitrose-babyleaf-herb-salad/018056-8758-8759,Waitrose Babyleaf Herb Salad,100g,£2.00,£20/kg,,Summer
367846,Essential Paracetamol Capsules,G,false,1523,https://ecom-su-static-prod.wtrecom.com/images/products/3/LN_367846_BP_3.jpg,https://www.waitrose.com/ecom/products/essential-paracetamol-capsules/367846-311100-311101,Essential Paracetamol Capsules,16Each,80p,5p each,,Summer
088405,Waitrose Large Oranges,G,true,1524,https://ecom-su-static-prod.wtrecom.com/images/products/3/LN_088405_BP_3.jpg,https://www.waitrose.com/ecom/products/waitrose-large-oranges/088405-45357-45358,Waitrose Large Oranges,6s,£2.80,46.7p each,20% Off. Was £3.50,Summer
795374,Waitrose Hot Smoked Scottish Mackerel Fillets,G,true,1525,https://ecom-su-static-prod.wtrecom.com/images/products/3/LN_795374_BP_3.jpg,https://www.waitrose.com/ecom/products/waitrose-hot-smoked-scottish-mackerel-fillets/795374-324846-324847,Waitrose Hot Smoked Scottish Mackerel Fillets,210g,£6.00,£28.58/kg,Add 3 for £12,Summer
036483,Waitrose Sweetcorn Kebabs,G,false,1526,https://ecom-su-static-prod.wtrecom.com/images/products/3/LN_036483_BP_3.jpg,https://www.waitrose.com/ecom/products/waitrose-sweetcorn-kebabs/036483-18291-18292,Waitrose Sweetcorn Kebabs,4s,£1.85,46.3p each,,Summer
406134,Essential Chicken Wings,G,false,1527,https://ecom-su-static-prod.wtrecom.com/images/products/3/LN_406134_BP_3.jpg,https://www.waitrose.com/ecom/products/essential-chicken-wings/406134-57143-57144,Essential Chicken Wings,475g,£1.60,£3.37/kg,,Summer
002713,"Essential Chicken Thigh Fillets, Skinless & Boneless Large Pack",G,false,1528,https://ecom-su-static-prod.wtrecom.com/images/products/3/LN_002713_BP_3.jpg,https://www.waitrose.com/ecom/products/essential-chicken-thigh-fillets-skinless-boneless-large-pack/002713-948-949,"Essential Chicken Thigh Fillets, Skinless & Boneless Large Pack",1Kg,£8.50,£8.50/kg,,Summer
463468,Waitrose Multi-Seeded Farmhouse,G,false,1529,https://ecom-su-static-prod.wtrecom.com/images/products/3/LN_463468_BP_3.jpg,https://www.waitrose.com/ecom/products/waitrose-multi-seeded-farmhouse/463468-65326-65327,Waitrose Multi-Seeded Farmhouse,800g,£1.55,19.4p/100g,,Summer
721403,Essential Diced Chicken Breast,G,true,1530,https://ecom-su-static-prod.wtrecom.com/images/products/3/LN_721403_BP_3.jpg,https://www.waitrose.com/ecom/products/essential-diced-chicken-breast/721403-389023-389024,Essential Diced Chicken Breast,418g,£4.60,£11.01/kg,Add 3 for £12,Summer
077466,Waitrose Caesar Salad,G,false,1531,https://ecom-su-static-prod.wtrecom.com/images/products/3/LN_077466_BP_3.jpg,https://www.waitrose.com/ecom/products/waitrose-caesar-salad/077466-39406-39407,Waitrose Caesar Salad,250g,£2.10,84p/100g,,Summer
067651,Waitrose 4 Scottish Salmon Fillets,G,false,1532,https://ecom-su-static-prod.wtrecom.com/images/products/3/LN_067651_BP_3.jpg,https://www.waitrose.com/ecom/products/waitrose-4-scottish-salmon-fillets/067651-34341-34342,Waitrose 4 Scottish Salmon Fillets,480g,£10.50,£21.88/kg,,Summer
006290,Waitrose Pome Dei Moro Tomatoes,G,false,1533,https://ecom-su-static-prod.wtrecom.com/images/products/3/LN_006290_BP_3.jpg,https://www.waitrose.com/ecom/products/waitrose-pome-dei-moro-tomatoes/006290-2796-2797,Waitrose Pome Dei Moro Tomatoes,225g,£2.30,£10.23/kg,,Summer
548970,Waitrose 2 Poached Scottish Salmon Fillets,G,false,1534,https://ecom-su-static-prod.wtrecom.com/images/products/3/LN_548970_BP_3.jpg,https://www.waitrose.com/ecom/products/waitrose-2-poached-scottish-salmon-fillets/548970-77639-77640,Waitrose 2 Poached Scottish Salmon Fillets,170g,£6.95,£4.09/100g,,Summer
696932,Waitrose Pomegranate,G,false,1535,https://ecom-su-static-prod.wtrecom.com/images/products/3/LN_696932_BP_3.jpg,https://www.waitrose.com/ecom/products/waitrose-pomegranate/696932-512936-512937,Waitrose Pomegranate,210g,£2.95,£1.41/100g,,Summer
767801,Essential Baby Wipes,G,false,1536,https://ecom-su-static-prod.wtrecom.com/images/products/3/LN_767801_BP_3.jpg,https://www.waitrose.com/ecom/products/essential-baby-wipes/767801-156319-156320,Essential Baby Wipes,80s,95p,1.2p each,,Summer
086187,Essential Honeydew Melon,G,false,1537,https://ecom-su-static-prod.wtrecom.com/images/products/3/LN_086187_BP_3.jpg,https://www.waitrose.com/ecom/products/essential-honeydew-melon/086187-428553-44023,Essential Honeydew Melon,Each,£1.90,£1.90 each,,Summer
045953,Cooks' Ingredients Flat Leaf Parsley,G,false,1538,https://ecom-su-static-prod.wtrecom.com/images/products/3/LN_045953_BP_3.jpg,https://www.waitrose.com/ecom/products/cooks-ingredients-flat-leaf-parsley/045953-22629-22630,Cooks' Ingredients Flat Leaf Parsley,100g,£1.65,16.5p/10g,,Summer
076326,Waitrose Cooked Flamegrilled Chicken Pieces,G,true,1539,https://ecom-su-static-prod.wtrecom.com/images/products/3/LN_076326_BP_3.jpg,https://www.waitrose.com/ecom/products/waitrose-cooked-flamegrilled-chicken-pieces/076326-38770-38771,Waitrose Cooked Flamegrilled Chicken Pieces,120g,£3.25,£2.71/100g,Add 2 for £5.50,Summer
498730,Waitrose Sliced Runner Beans,G,true,1540,https://ecom-su-static-prod.wtrecom.com/images/products/3/LN_498730_BP_3.jpg,https://www.waitrose.com/ecom/products/waitrose-sliced-runner-beans/498730-70467-70468,Waitrose Sliced Runner Beans,80g,£1.20,£1.50/100g,Add 3 for £3,Summer
057079,Essential Wholemeal Baps,G,false,1541,https://ecom-su-static-prod.wtrecom.com/images/products/3/LN_057079_BP_3.jpg,https://www.waitrose.com/ecom/products/essential-wholemeal-baps/057079-28695-28696,Essential Wholemeal Baps,6s,90p,15p each,,Summer
887538,Waitrose Cooked Flamegrilled Chicken Pieces,G,false,1542,https://ecom-su-static-prod.wtrecom.com/images/products/3/LN_887538_BP_3.jpg,https://www.waitrose.com/ecom/products/waitrose-cooked-flamegrilled-chicken-pieces/887538-311500-311501,Waitrose Cooked Flamegrilled Chicken Pieces,200g,£4.25,£2.13/100g,,Summer
039527,Waitrose Wild Rocket,G,false,1543,https://ecom-su-static-prod.wtrecom.com/images/products/3/LN_039527_BP_3.jpg,https://www.waitrose.com/ecom/products/waitrose-wild-rocket/039527-19581-19582,Waitrose Wild Rocket,150g,£2.55,£1.70/100g,,Summer
003011,No.1 Scottish Salmon Prime Fillet,G,false,1544,https://ecom-su-static-prod.wtrecom.com/images/products/3/LN_003011_BP_3.jpg,https://www.waitrose.com/ecom/products/no1-scottish-salmon-prime-fillet/003011-1108-1109,No.1 Scottish Salmon Prime Fillet,500g,£12.95,£25.90/kg,,Summer
088050,No.1 Speciality Raspberries,G,true,1545,https://ecom-su-static-prod.wtrecom.com/images/products/3/LN_088050_BP_3.jpg,https://www.waitrose.com/ecom/products/no1-speciality-raspberries/088050-415837-45026,No.1 Speciality Raspberries,200g,£3.50,£17.50/kg,Add 2 for £6,Summer
716810,Cooks' Ingredients Medium Basil Pot,G,false,1546,https://ecom-su-static-prod.wtrecom.com/images/products/3/LN_716810_BP_3.jpg,https://www.waitrose.com/ecom/products/cooks-ingredients-medium-basil-pot/716810-160673-160674,Cooks' Ingredients Medium Basil Pot,Each,£1.70,£1.70 each,,Summer
073335,Waitrose Baby Plum Tomatoes,G,false,1547,https://ecom-su-static-prod.wtrecom.com/images/products/3/LN_073335_BP_3.jpg,https://www.waitrose.com/ecom/products/waitrose-baby-plum-tomatoes/073335-37216-37217,Waitrose Baby Plum Tomatoes,400g,£3.00,£7.50/kg,,Summer
085315,Duchy Organic Ridge Cucumber,G,false,1548,https://ecom-su-static-prod.wtrecom.com/images/products/3/LN_085315_BP_3.jpg,https://www.waitrose.com/ecom/products/duchy-organic-ridge-cucumber/085315-43394-43395,Duchy Organic Ridge Cucumber,Each,£1.65,£1.65 each,,Summer
025811,Waitrose Whole Roast Chicken,G,false,1549,https://ecom-su-static-prod.wtrecom.com/images/products/3/LN_025811_BP_3.jpg,https://www.waitrose.com/ecom/products/waitrose-whole-roast-chicken/025811-12584-12585,Waitrose Whole Roast Chicken,Typical weight 1kg,£6.50 each est.,£6.50/kg,,Summer
802382,Waitrose 2 Mediterranean Sea Bream Fillets,G,true,1550,https://ecom-su-static-prod.wtrecom.com/images/products/3/LN_802382_BP_3.jpg,https://www.waitrose.com/ecom/products/waitrose-2-mediterranean-sea-bream-fillets/802382-443882-443883,Waitrose 2 Mediterranean Sea Bream Fillets,180g,£5.50,£30.56/kg,Add 3 for £12,Summer
030391,Waitrose Mediterranean Style Vegetables,G,false,1551,https://ecom-su-static-prod.wtrecom.com/images/products/3/LN_030391_BP_3.jpg,https://www.waitrose.com/ecom/products/waitrose-mediterranean-style-vegetables/030391-14851-14852,Waitrose Mediterranean Style Vegetables,400g,£2.35,£5.88/kg,,Summer
401104,Waitrose Yogurt Dressed Coleslaw,G,true,1552,https://ecom-su-static-prod.wtrecom.com/images/products/3/LN_401104_BP_3.jpg,https://www.waitrose.com/ecom/products/waitrose-yogurt-dressed-coleslaw/401104-349719-349720,Waitrose Yogurt Dressed Coleslaw,300g,£2.25,75p/100g,£8 Chicken Dinner Meal Deal: Add 1 Main & 2 Extras,Summer
680848,Waitrose 2 British Native Breed Rump Steak Beef Burgers,G,true,1553,https://ecom-su-static-prod.wtrecom.com/images/products/3/LN_680848_BP_3.jpg,https://www.waitrose.com/ecom/products/waitrose-2-british-native-breed-rump-steak-beef-burgers/680848-691766-691767,Waitrose 2 British Native Breed Rump Steak Beef Burgers,300g,£4.40,£14.67/kg,Add 3 for £12,Summer
890148,Easy To Cook Lemon & Pepper Chicken Breasts,G,true,1554,https://ecom-su-static-prod.wtrecom.com/images/products/3/LN_890148_BP_3.jpg,https://www.waitrose.com/ecom/products/easy-to-cook-lemon-pepper-chicken-breasts/890148-210780-210781,Easy To Cook Lemon & Pepper Chicken Breasts,267g,£5.00,£18.73/kg,Add 3 for £12,Summer
836456,Colgate Total Original Care Toothpaste,G,false,1555,https://ecom-su-static-prod.wtrecom.com/images/products/3/LN_836456_BP_3.jpg,https://www.waitrose.com/ecom/products/colgate-total-original-care-toothpaste/836456-168768-168769,Colgate Total Original Care Toothpaste,125ml,£5.00,£4/100ml,,Summer
897741,Waitrose Breaded Lemon Sole Goujons,G,true,1556,https://ecom-su-static-prod.wtrecom.com/images/products/3/LN_897741_BP_3.jpg,https://www.waitrose.com/ecom/products/waitrose-breaded-lemon-sole-goujons/897741-689942-689943,Waitrose Breaded Lemon Sole Goujons,220g,£5.75,£26.14/kg,Add 3 for £12,Summer
024492,Waitrose Moroccan Spiced Fruity Couscous,G,false,1557,https://ecom-su-static-prod.wtrecom.com/images/products/3/LN_024492_BP_3.jpg,https://www.waitrose.com/ecom/products/waitrose-moroccan-spiced-fruity-couscous/024492-11868-11869,Waitrose Moroccan Spiced Fruity Couscous,235g,£2.50,£1.07/100g,,Summer
515769,Waitrose Soft White Farmhouse,G,false,1558,https://ecom-su-static-prod.wtrecom.com/images/products/3/LN_515769_BP_3.jpg,https://www.waitrose.com/ecom/products/waitrose-soft-white-farmhouse/515769-381821-381822,Waitrose Soft White Farmhouse,800g,£1.45,18.1p/100g,,Summer
041237,Waitrose Wild Rocket Salad,G,false,1559,https://ecom-su-static-prod.wtrecom.com/images/products/3/LN_041237_BP_3.jpg,https://www.waitrose.com/ecom/products/waitrose-wild-rocket-salad/041237-20404-20405,Waitrose Wild Rocket Salad,110g,£2.00,£1.82/100g,,Summer
478074,"Waitrose Brown Rice, Green Vegetable Stir Fry",G,true,1560,https://ecom-su-static-prod.wtrecom.com/images/products/3/LN_478074_BP_3.jpg,https://www.waitrose.com/ecom/products/waitrose-brown-rice-green-vegetable-stir-fry/478074-549871-549872,"Waitrose Brown Rice, Green Vegetable Stir Fry",300g,£2.30,76.7p/100g,"£7 Stir Fry Meal Deal: Add protein, veg, sauce & rice or noodles",Summer
023549,Trimmed Salad Onions,G,false,1561,https://ecom-su-static-prod.wtrecom.com/images/products/3/LN_023549_BP_3.jpg,https://www.waitrose.com/ecom/products/trimmed-salad-onions/023549-11426-11427,Trimmed Salad Onions,125g,£1.20,£9.60/kg,,Summer
072502,Waitrose Edamame Bean salad,G,false,1562,https://ecom-su-static-prod.wtrecom.com/images/products/3/LN_072502_BP_3.jpg,https://www.waitrose.com/ecom/products/waitrose-edamame-bean-salad/072502-36798-36799,Waitrose Edamame Bean salad,190g,£2.50,£1.32/100g,,Summer
088414,essential Waitrose Loose Clementines/Mandarins,G,false,1563,https://ecom-su-static-prod.wtrecom.com/images/products/3/LN_088414_BP_3.jpg,https://www.waitrose.com/ecom/products/essential-waitrose-loose-clementines-mandarins/088414-45365-45366,essential Waitrose Loose Clementines/Mandarins,Typical weight 0.11kg,32p each est.,£2.97/kg,,Summer
381125,Oral-B Pro-Expert Protect Toothpaste,G,true,1564,https://ecom-su-static-prod.wtrecom.com/images/products/3/LN_381125_BP_3.jpg,https://www.waitrose.com/ecom/products/oral-b-pro-expert-protect-toothpaste/381125-137899-137900,Oral-B Pro-Expert Protect Toothpaste,75ml,£2.10,£2.80/100ml,Half Price. Was £4.20,Summer
754411,Waitrose Mixed Berries,G,false,1565,https://ecom-su-static-prod.wtrecom.com/images/products/3/LN_754411_BP_3.jpg,https://www.waitrose.com/ecom/products/waitrose-mixed-berries/754411-661985-661986,Waitrose Mixed Berries,190g,£3.10,£16.32/kg,,Summer
041103,Waitrose Multigrain Farmhouse,G,false,1566,https://ecom-su-static-prod.wtrecom.com/images/products/3/LN_041103_BP_3.jpg,https://www.waitrose.com/ecom/products/waitrose-multigrain-farmhouse/041103-20316-20317,Waitrose Multigrain Farmhouse,800g,£1.55,19.4p/100g,,Summer
827924,Colgate Advanced White Toothpaste,G,true,1567,https://ecom-su-static-prod.wtrecom.com/images/products/3/LN_827924_BP_3.jpg,https://www.waitrose.com/ecom/products/colgate-advanced-white-toothpaste/827924-612956-612957,Colgate Advanced White Toothpaste,125ml,£2.50,£2/100ml,Half Price. Was £5.00,Summer
029888,Waitrose Roast Chicken Thighs,G,false,1568,https://ecom-su-static-prod.wtrecom.com/images/products/3/LN_029888_BP_3.jpg,https://www.waitrose.com/ecom/products/waitrose-roast-chicken-thighs/029888-14577-14578,Waitrose Roast Chicken Thighs,435g,£4.00,92p/100g,,Summer
063388,"Duchy Organic Chicken Thighs, Skin-on & Bone-in",G,false,1569,https://ecom-su-static-prod.wtrecom.com/images/products/3/LN_063388_BP_3.jpg,https://www.waitrose.com/ecom/products/duchy-organic-chicken-thighs-skin-on-bone-in/063388-32185-32186,"Duchy Organic Chicken Thighs, Skin-on & Bone-in",Typical weight 0.61kg,£7.17 each est.,£11.75/kg,,Summer
067332,Waitrose Cooked Tikka Chicken Pieces,G,true,1570,https://ecom-su-static-prod.wtrecom.com/images/products/3/LN_067332_BP_3.jpg,https://www.waitrose.com/ecom/products/waitrose-cooked-tikka-chicken-pieces/067332-34153-34154,Waitrose Cooked Tikka Chicken Pieces,120g,£3.25,£2.71/100g,Add 2 for £5.50,Summer
093238,"No.1 Free Range Corn Fed Chicken Thighs, Skin-on & Bone-in",G,false,1571,https://ecom-su-static-prod.wtrecom.com/images/products/3/LN_093238_BP_3.jpg,https://www.waitrose.com/ecom/products/no1-free-range-corn-fed-chicken-thighs-skin-on-bone-in/093238-47898-47899,"No.1 Free Range Corn Fed Chicken Thighs, Skin-on & Bone-in",Typical weight 0.58kg,£4.50 each est.,£7.75/kg,,Summer
658308,Waitrose Roast Chicken Breast Fillets 4,G,false,1572,https://ecom-su-static-prod.wtrecom.com/images/products/3/LN_658308_BP_3.jpg,https://www.waitrose.com/ecom/products/waitrose-roast-chicken-breast-fillets-4/658308-93481-93482,Waitrose Roast Chicken Breast Fillets 4,Typical weight 440g,£7.81 each est.,£1.78/100g,,Summer
087720,Waitrose Cooked Chicken Breast Slices,G,false,1573,https://ecom-su-static-prod.wtrecom.com/images/products/3/LN_087720_BP_3.jpg,https://www.waitrose.com/ecom/products/waitrose-cooked-chicken-breast-slices/087720-44852-44853,Waitrose Cooked Chicken Breast Slices,200g,£4.25,£2.13/100g,,Summer
566073,Essential Wholemeal Giant Baps,G,false,1574,https://ecom-su-static-prod.wtrecom.com/images/products/3/LN_566073_BP_3.jpg,https://www.waitrose.com/ecom/products/essential-wholemeal-giant-baps/566073-80200-80201,Essential Wholemeal Giant Baps,4s,90p,22.5p each,,Summer
618227,Waitrose Speciality Radish,G,false,1575,https://ecom-su-static-prod.wtrecom.com/images/products/3/LN_618227_BP_3.jpg,https://www.waitrose.com/ecom/products/waitrose-speciality-radish/618227-197968-197969,Waitrose Speciality Radish,150g,£1.25,£8.34/kg,,Summer
648405,Limited Selection Tomatoes,G,false,1576,https://ecom-su-static-prod.wtrecom.com/images/products/3/LN_648405_BP_3.jpg,https://www.waitrose.com/ecom/products/limited-selection-tomatoes/648405-337019-337020,Limited Selection Tomatoes,750g,£3.50,£4.67/kg,,Summer
703663,Essential Round Paracetamol Tablets,G,false,1577,https://ecom-su-static-prod.wtrecom.com/images/products/3/LN_703663_BP_3.jpg,https://www.waitrose.com/ecom/products/essential-round-paracetamol-tablets/703663-311294-311295,Essential Round Paracetamol Tablets,16s,60p,3.8p each,,Summer
762708,"Waitrose Rice, Quinoa & Vegetable Stir Fry",G,true,1578,https://ecom-su-static-prod.wtrecom.com/images/products/3/LN_762708_BP_3.jpg,https://www.waitrose.com/ecom/products/waitrose-rice-quinoa-vegetable-stir-fry/762708-550255-550256,"Waitrose Rice, Quinoa & Vegetable Stir Fry",300g,£2.30,76.7p/100g,"£7 Stir Fry Meal Deal: Add protein, veg, sauce & rice or noodles",Summer
085707,Waitrose Flat Portabella Mushrooms,G,false,1579,https://ecom-su-static-prod.wtrecom.com/images/products/3/LN_085707_BP_3.jpg,https://www.waitrose.com/ecom/products/waitrose-flat-portabella-mushrooms/085707-43730-43731,Waitrose Flat Portabella Mushrooms,,£5.00,per kg,,Summer
088318,Waitrose Melon Slices,G,true,1580,https://ecom-su-static-prod.wtrecom.com/images/products/3/LN_088318_BP_3.jpg,https://www.waitrose.com/ecom/products/waitrose-melon-slices/088318-428616-45286,Waitrose Melon Slices,280g,£2.70,96.4p/100g,£8 Chicken Dinner Meal Deal: Add 1 Main & 2 Extras,Summer
850571,Vadasz Raw Kimchi,G,true,1581,https://ecom-su-static-prod.wtrecom.com/images/products/3/LN_850571_BP_3.jpg,https://www.waitrose.com/ecom/products/vadasz-raw-kimchi/850571-707684-707685,Vadasz Raw Kimchi,400g,£3.56,89p/100g,25% Off. Was £4.75,Summer
086441,Waitrose Chinese Leaf,G,false,1582,https://ecom-su-static-prod.wtrecom.com/images/products/3/LN_086441_BP_3.jpg,https://www.waitrose.com/ecom/products/waitrose-chinese-leaf/086441-44142-44143,Waitrose Chinese Leaf,Each,£1.55,£1.55 each,,Summer
550278,Waitrose Tikka Marinated Chicken Breast Chunks,G,true,1583,https://ecom-su-static-prod.wtrecom.com/images/products/3/LN_550278_BP_3.jpg,https://www.waitrose.com/ecom/products/waitrose-tikka-marinated-chicken-breast-chunks/550278-293931-293932,Waitrose Tikka Marinated Chicken Breast Chunks,300g,£4.50,£15/kg,Add 3 for £12,Summer
086418,Waitrose Chicory,G,false,1584,https://ecom-su-static-prod.wtrecom.com/images/products/3/LN_086418_BP_3.jpg,https://www.waitrose.com/ecom/products/waitrose-chicory/086418-44126-44127,Waitrose Chicory,250g,£1.95,£7.80/kg,,Summer
083752,Waitrose Couscous & Roasted Vegetable Salad,G,false,1585,https://ecom-su-static-prod.wtrecom.com/images/products/3/LN_083752_BP_3.jpg,https://www.waitrose.com/ecom/products/waitrose-couscous-roasted-vegetable-salad/083752-42509-42510,Waitrose Couscous & Roasted Vegetable Salad,200g,£2.50,£1.25/100g,,Summer
086151,Cooks' Ingredients Mint Pot,G,true,1586,https://ecom-su-static-prod.wtrecom.com/images/products/3/LN_086151_BP_3.jpg,https://www.waitrose.com/ecom/products/cooks-ingredients-mint-pot/086151-43997-43998,Cooks' Ingredients Mint Pot,Each,£1.36,£1.36 each,20% Off. Was £1.70,Summer
580808,Duchy Organic Italian Mozzarella Cheese Strength 1,G,false,1587,https://ecom-su-static-prod.wtrecom.com/images/products/3/LN_580808_BP_3.jpg,https://www.waitrose.com/ecom/products/duchy-organic-italian-mozzarella-cheese-strength-1/580808-666395-666396,Duchy Organic Italian Mozzarella Cheese Strength 1,drained 125g,£1.80,£14.40/kg,,Summer
002139,"Waitrose Carrot, Cauliflower & Broccoli",G,false,1588,https://ecom-su-static-prod.wtrecom.com/images/products/3/LN_002139_BP_3.jpg,https://www.waitrose.com/ecom/products/waitrose-carrot-cauliflower-broccoli/002139-594-595,"Waitrose Carrot, Cauliflower & Broccoli",240g,£1.20,50p/100g,,Summer
653720,No.1 Wheat & Rye Sourdough Sliced,G,false,1589,https://ecom-su-static-prod.wtrecom.com/images/products/3/LN_653720_BP_3.jpg,https://www.waitrose.com/ecom/products/no1-wheat-rye-sourdough-sliced/653720-373403-373404,No.1 Wheat & Rye Sourdough Sliced,500g,£2.20,44p/100g,,Summer
071941,GOOD TO GO Coconut Chunks,G,true,1590,https://ecom-su-static-prod.wtrecom.com/images/products/3/LN_071941_BP_3.jpg,https://www.waitrose.com/ecom/products/good-to-go-coconut-chunks/071941-427095-36537,GOOD TO GO Coconut Chunks,80g,£1.10,£1.38/100g,"£5 Food to Go Meal Deal: Add 1 Main, 1 Snack and 1 Drink",Summer
844275,Sensodyne Toothpaste Daily Care Original,G,false,1591,https://ecom-su-static-prod.wtrecom.com/images/products/3/LN_844275_BP_3.jpg,https://www.waitrose.com/ecom/products/sensodyne-toothpaste-daily-care-original/844275-412765-412766,Sensodyne Toothpaste Daily Care Original,75ml,£2.65,£3.54/100ml,,Summer
743476,Essential Fresh Mint Mouthwash,G,false,1592,https://ecom-su-static-prod.wtrecom.com/images/products/3/LN_743476_BP_3.jpg,https://www.waitrose.com/ecom/products/essential-fresh-mint-mouthwash/743476-402653-402654,Essential Fresh Mint Mouthwash,500ml,£1.35,27p/100ml,,Summer
626873,Oral-B Gum & Enamel Repair Toothpaste,G,false,1593,https://ecom-su-static-prod.wtrecom.com/images/products/3/LN_626873_BP_3.jpg,https://www.waitrose.com/ecom/products/oral-b-gum-enamel-repair-toothpaste/626873-611866-611867,Oral-B Gum & Enamel Repair Toothpaste,75ml,£5.00,£6.67/100ml,,Summer
734557,Waitrose 2 Poached Lemon & Herb Salmon Fillets,G,false,1594,https://ecom-su-static-prod.wtrecom.com/images/products/3/LN_734557_BP_3.jpg,https://www.waitrose.com/ecom/products/waitrose-2-poached-lemon-herb-salmon-fillets/734557-229953-229954,Waitrose 2 Poached Lemon & Herb Salmon Fillets,170g,£6.95,£40.89/kg,,Summer
642044,Colgate Maximum Cavity Protection Toothpaste,G,false,1595,https://ecom-su-static-prod.wtrecom.com/images/products/3/LN_642044_BP_3.jpg,https://www.waitrose.com/ecom/products/colgate-maximum-cavity-protection-toothpaste/642044-299301-299302,Colgate Maximum Cavity Protection Toothpaste,75ml,£1.60,£2.14/100ml,,Summer
088065,Essential Blackberries,G,false,1596,https://ecom-su-static-prod.wtrecom.com/images/products/3/LN_088065_BP_3.jpg,https://www.waitrose.com/ecom/products/essential-blackberries/088065-45057-45058,Essential Blackberries,150g,£2.50,£16.67/kg,,Summer
484412,Waitrose Hot Smoked Scottish Salmon Flakes,G,false,1597,https://ecom-su-static-prod.wtrecom.com/images/products/3/LN_484412_BP_3.jpg,https://www.waitrose.com/ecom/products/waitrose-hot-smoked-scottish-salmon-flakes/484412-68403-68404,Waitrose Hot Smoked Scottish Salmon Flakes,100g,£4.95,£4.95/100g,,Summer
018559,Waitrose Ripened Tomato & Basil Soup,G,false,1598,https://ecom-su-static-prod.wtrecom.com/images/products/3/LN_018559_BP_3.jpg,https://www.waitrose.com/ecom/products/waitrose-ripened-tomato-basil-soup/018559-8967-8968,Waitrose Ripened Tomato & Basil Soup,600g,£2.85,47.5p/100g,,Summer
610218,GOOD TO GO Pomegranate Seeds,G,true,1599,https://ecom-su-static-prod.wtrecom.com/images/products/3/LN_610218_BP_3.jpg,https://www.waitrose.com/ecom/products/good-to-go-pomegranate-seeds/610218-133580-133581,GOOD TO GO Pomegranate Seeds,90g,£1.50,£16.67/kg,"£5 Food to Go Meal Deal: Add 1 Main, 1 Snack and 1 Drink",Summer
086140,Cooks' Ingredients Flat Leaf Parsley,G,false,1600,https://ecom-su-static-prod.wtrecom.com/images/products/3/LN_086140_BP_3.jpg,https://www.waitrose.com/ecom/products/cooks-ingredients-flat-leaf-parsley/086140-43981-43982,Cooks' Ingredients Flat Leaf Parsley,Each,£1.70,£1.70 each,,Summer
454682,Sensodyne Pronamel Enamel Toothpaste,G,false,1601,https://ecom-su-static-prod.wtrecom.com/images/products/3/LN_454682_BP_3.jpg,https://www.waitrose.com/ecom/products/sensodyne-pronamel-enamel-toothpaste/454682-64039-64040,Sensodyne Pronamel Enamel Toothpaste,75ml,£5.30,£7.07/100ml,,Summer
871564,Oral-B 3D White Luxe Perfection Toothpaste,G,false,1602,https://ecom-su-static-prod.wtrecom.com/images/products/3/LN_871564_BP_3.jpg,https://www.waitrose.com/ecom/products/oral-b-3d-white-luxe-perfection-toothpaste/871564-499076-499077,Oral-B 3D White Luxe Perfection Toothpaste,75ml,£6.00,£8/100ml,,Summer
070060,"No.1 Free Range Corn Fed Chicken Thigh Fillets, Skinless & Boneless",G,false,1603,https://ecom-su-static-prod.wtrecom.com/images/products/3/LN_070060_BP_3.jpg,https://www.waitrose.com/ecom/products/no1-free-range-corn-fed-chicken-thigh-fillets-skinless-boneless/070060-35488-35489,"No.1 Free Range Corn Fed Chicken Thigh Fillets, Skinless & Boneless",Typical weight 0.54kg,£9.45 each est.,£17.50/kg,,Summer
009694,Waitrose Potato & Egg Salad & Salad Dressing,G,false,1604,https://ecom-su-static-prod.wtrecom.com/images/products/3/LN_009694_BP_3.jpg,https://www.waitrose.com/ecom/products/waitrose-potato-egg-salad-salad-dressing/009694-4801-4802,Waitrose Potato & Egg Salad & Salad Dressing,300g,£2.95,98.3p/100g,,Summer
065379,Waitrose Chunky Minestrone Soup,G,false,1605,https://ecom-su-static-prod.wtrecom.com/images/products/3/LN_065379_BP_3.jpg,https://www.waitrose.com/ecom/products/waitrose-chunky-minestrone-soup/065379-33139-33140,Waitrose Chunky Minestrone Soup,600g,£2.85,47.5p/100g,,Summer
016659,Waitrose Pea & Ham Hock Soup,G,false,1606,https://ecom-su-static-prod.wtrecom.com/images/products/3/LN_016659_BP_3.jpg,https://www.waitrose.com/ecom/products/waitrose-pea-ham-hock-soup/016659-8009-8010,Waitrose Pea & Ham Hock Soup,600g,£3.00,50p/100g,,Summer
043947,Waitrose Classic Fruit Salad,G,false,1607,https://ecom-su-static-prod.wtrecom.com/images/products/3/LN_043947_BP_3.jpg,https://www.waitrose.com/ecom/products/waitrose-classic-fruit-salad/043947-425752-21659,Waitrose Classic Fruit Salad,310g,£3.50,£1.13/100g,,Summer
034067,"Duchy Organic Chicken Thigh Fillets, Skinless & Boneless",G,false,1608,https://ecom-su-static-prod.wtrecom.com/images/products/3/LN_034067_BP_3.jpg,https://www.waitrose.com/ecom/products/duchy-organic-chicken-thigh-fillets-skinless-boneless/034067-17053-17054,"Duchy Organic Chicken Thigh Fillets, Skinless & Boneless",Typical weight 0.54kg,£13.93 each est.,£25.80/kg,,Summer
863358,Essential 4in1 Vitamin E Wipes,G,false,1609,https://ecom-su-static-prod.wtrecom.com/images/products/3/LN_863358_BP_3.jpg,https://www.waitrose.com/ecom/products/essential-4in1-vitamin-e-wipes/863358-162788-162789,Essential 4in1 Vitamin E Wipes,25s,£1.00,4p each,,Summer
572670,GOOD TO GO Mango,G,true,1610,https://ecom-su-static-prod.wtrecom.com/images/products/3/LN_572670_BP_3.jpg,https://www.waitrose.com/ecom/products/good-to-go-mango/572670-133568-133569,GOOD TO GO Mango,130g,£1.55,£11.93/kg,"£5 Food to Go Meal Deal: Add 1 Main, 1 Snack and 1 Drink",Summer
534324,Waitrose Cajun Chicken Breast Fillets,G,true,1611,https://ecom-su-static-prod.wtrecom.com/images/products/3/LN_534324_BP_3.jpg,https://www.waitrose.com/ecom/products/waitrose-cajun-chicken-breast-fillets/534324-619767-619768,Waitrose Cajun Chicken Breast Fillets,270g,£4.30,£15.93/kg,£8 Chicken Dinner Meal Deal: Add 1 Main & 2 Extras,Summer
862793,"Waitrose 2 Sea Bass Fillets with Coriander, Lime & Chilli",G,false,1612,https://ecom-su-static-prod.wtrecom.com/images/products/3/LN_862793_BP_3.jpg,https://www.waitrose.com/ecom/products/waitrose-2-sea-bass-fillets-with-coriander-lime-chilli/862793-539057-539058,"Waitrose 2 Sea Bass Fillets with Coriander, Lime & Chilli",200g,£6.25,£31.25/kg,,Summer
826976,Duchy Organic Chicken Wings,G,false,1613,https://ecom-su-static-prod.wtrecom.com/images/products/3/LN_826976_BP_3.jpg,https://www.waitrose.com/ecom/products/duchy-organic-chicken-wings/826976-389163-389164,Duchy Organic Chicken Wings,400g,£3.80,£9.50/kg,,Summer
385272,Sensodyne Pronamel Whitening Toothpaste,G,false,1614,https://ecom-su-static-prod.wtrecom.com/images/products/3/LN_385272_BP_3.jpg,https://www.waitrose.com/ecom/products/sensodyne-pronamel-whitening-toothpaste/385272-54169-54170,Sensodyne Pronamel Whitening Toothpaste,75ml,£5.30,£7.07/100ml,,Summer
053699,Tuna Niçoise Salad,G,false,1615,https://ecom-su-static-prod.wtrecom.com/images/products/3/LN_053699_BP_3.jpg,https://www.waitrose.com/ecom/products/tuna-nicoise-salad/053699-26917-26918,Tuna Niçoise Salad,310g,£4.15,£1.34/100g,,Summer
827732,Waitrose Rainbow Side Salad,G,false,1616,https://ecom-su-static-prod.wtrecom.com/images/products/3/LN_827732_BP_3.jpg,https://www.waitrose.com/ecom/products/waitrose-rainbow-side-salad/827732-581558-581559,Waitrose Rainbow Side Salad,116g,£2.50,£21.56/kg,,Summer
659688,"Waitrose 2 Sea Bass Fillets, Pesto Butter",G,true,1617,https://ecom-su-static-prod.wtrecom.com/images/products/3/LN_659688_BP_3.jpg,https://www.waitrose.com/ecom/products/waitrose-2-sea-bass-fillets-pesto-butter/659688-362377-362378,"Waitrose 2 Sea Bass Fillets, Pesto Butter",210g,£4.68,£22.29/kg,25% Off. Was £6.25,Summer
694655,Essential 4 in 1 Cucumber Wipes,G,false,1618,https://ecom-su-static-prod.wtrecom.com/images/products/3/LN_694655_BP_3.jpg,https://www.waitrose.com/ecom/products/essential-4-in-1-cucumber-wipes/694655-162578-162579,Essential 4 in 1 Cucumber Wipes,25 sheets,£1.00,40p/10 sheets,,Summer
384567,GOOD TO GO Pineapple,G,true,1619,https://ecom-su-static-prod.wtrecom.com/images/products/3/LN_384567_BP_3.jpg,https://www.waitrose.com/ecom/products/good-to-go-pineapple/384567-133480-133481,GOOD TO GO Pineapple,120g,£1.35,£11.25/kg,"£5 Food to Go Meal Deal: Add 1 Main, 1 Snack and 1 Drink",Summer
840025,Mixed Seed Baguette,G,false,1620,https://ecom-su-static-prod.wtrecom.com/images/products/3/LN_840025_BP_3.jpg,https://www.waitrose.com/ecom/products/mixed-seed-baguette/840025-438236-438237,Mixed Seed Baguette,400g,£1.70,42.5p/100g,,Summer
059647,"No.1 Free Range Corn Fed Chicken Drumsticks, Skin-on & Bone-in",G,false,1621,https://ecom-su-static-prod.wtrecom.com/images/products/3/LN_059647_BP_3.jpg,https://www.waitrose.com/ecom/products/no1-free-range-corn-fed-chicken-drumsticks-skin-on-bone-in/059647-30088-30089,"No.1 Free Range Corn Fed Chicken Drumsticks, Skin-on & Bone-in",Typical weight 0.47kg,£3.29 each est.,£7.00/kg,,Summer
803826,Sanex Dermo Sensitive 24h,G,true,1622,https://ecom-su-static-prod.wtrecom.com/images/products/3/LN_803826_BP_3.jpg,https://www.waitrose.com/ecom/products/sanex-dermo-sensitive-24h/803826-346820-346821,Sanex Dermo Sensitive 24h,50ml,£1.25,£2.50/100ml,save 55p. Was £1.80,Summer
628292,"Waitrose 2 Sea Bass Fillets, Tomatoes and Olives",G,true,1623,https://ecom-su-static-prod.wtrecom.com/images/products/3/LN_628292_BP_3.jpg,https://www.waitrose.com/ecom/products/waitrose-2-sea-bass-fillets-tomatoes-and-olives/628292-362359-362360,"Waitrose 2 Sea Bass Fillets, Tomatoes and Olives",320g,£6.18,£19.32/kg,25% Off. Was £8.25,Summer
582173,"Waitrose Carrot, Broccoli, Beans & Baby Corn",G,false,1624,https://ecom-su-static-prod.wtrecom.com/images/products/3/LN_582173_BP_3.jpg,https://www.waitrose.com/ecom/products/waitrose-carrot-broccoli-beans-baby-corn/582173-82527-82528,"Waitrose Carrot, Broccoli, Beans & Baby Corn",340g,£2.55,75p/100g,,Summer
712504,No.1 Free Range Corn Fed Diced Chicken Breast Fillets,G,false,1625,https://ecom-su-static-prod.wtrecom.com/images/products/3/LN_712504_BP_3.jpg,https://www.waitrose.com/ecom/products/no1-free-range-corn-fed-diced-chicken-breast-fillets/712504-661921-661922,No.1 Free Range Corn Fed Diced Chicken Breast Fillets,300g,£5.50,£18.34/kg,,Summer
670363,Radox Mineral Therapy Feel Relaxed Bath Soak,G,false,1626,https://ecom-su-static-prod.wtrecom.com/images/products/3/LN_670363_BP_3.jpg,https://www.waitrose.com/ecom/products/radox-mineral-therapy-feel-relaxed-bath-soak/670363-719656-719657,Radox Mineral Therapy Feel Relaxed Bath Soak,500ml,£1.60,32p/100ml,,Summer
709992,"Waitrose Lemon, Garlic & Parsley King Prawns",G,true,1627,https://ecom-su-static-prod.wtrecom.com/images/products/3/LN_709992_BP_3.jpg,https://www.waitrose.com/ecom/products/waitrose-lemon-garlic-parsley-king-prawns/709992-538851-538852,"Waitrose Lemon, Garlic & Parsley King Prawns",150g,£3.37,£2.25/100g,25% Off. Was £4.50,Summer
024064,Waitrose Roast Chicken Drumsticks,G,false,1628,https://ecom-su-static-prod.wtrecom.com/images/products/3/LN_024064_BP_3.jpg,https://www.waitrose.com/ecom/products/waitrose-roast-chicken-drumsticks/024064-11672-11673,Waitrose Roast Chicken Drumsticks,520g,£4.25,81.7p/100g,,Summer
624113,Listerine Cool Mint Milder Taste Mouthwash,G,false,1629,https://ecom-su-static-prod.wtrecom.com/images/products/3/LN_624113_BP_3.jpg,https://www.waitrose.com/ecom/products/listerine-cool-mint-milder-taste-mouthwash/624113-138077-138078,Listerine Cool Mint Milder Taste Mouthwash,500ml,£3.95,£7.90/litre,,Summer
086186,Cooks' Ingredients Rosemary Medium Pot,G,false,1630,https://ecom-su-static-prod.wtrecom.com/images/products/3/LN_086186_BP_3.jpg,https://www.waitrose.com/ecom/products/cooks-ingredients-rosemary-medium-pot/086186-44021-44022,Cooks' Ingredients Rosemary Medium Pot,Each,£1.70,£1.70 each,,Summer
810351,Waitrose Coriander & Chilli King Prawns,G,false,1631,https://ecom-su-static-prod.wtrecom.com/images/products/3/LN_810351_BP_3.jpg,https://www.waitrose.com/ecom/products/waitrose-coriander-chilli-king-prawns/810351-538954-538955,Waitrose Coriander & Chilli King Prawns,150g,£4.50,£3/100g,,Summer
808369,Waitrose Moroccan Style Chicken Breast Chunks,G,true,1632,https://ecom-su-static-prod.wtrecom.com/images/products/3/LN_808369_BP_3.jpg,https://www.waitrose.com/ecom/products/waitrose-moroccan-style-chicken-breast-chunks/808369-620081-620082,Waitrose Moroccan Style Chicken Breast Chunks,300g,£4.50,£15/kg,Add 3 for £12,Summer
649964,Aquafresh Toothpaste Kids Little Teeth,G,true,1633,https://ecom-su-static-prod.wtrecom.com/images/products/3/LN_649964_BP_3.jpg,https://www.waitrose.com/ecom/products/aquafresh-toothpaste-kids-little-teeth/649964-494908-494909,Aquafresh Toothpaste Kids Little Teeth,75ml,£2.30,£3.07/100ml,Add 2 for £3.30,Summer
684559,Aquafresh Toothpaste Kids Big Teeth 6-8,G,true,1634,https://ecom-su-static-prod.wtrecom.com/images/products/3/LN_684559_BP_3.jpg,https://www.waitrose.com/ecom/products/aquafresh-toothpaste-kids-big-teeth-6-8/684559-494942-494943,Aquafresh Toothpaste Kids Big Teeth 6-8,75ml,£2.30,£3.07/100ml,Add 2 for £3.30,Summer
828581,Essential Flexi Toothbrushes,G,false,1635,https://ecom-su-static-prod.wtrecom.com/images/products/3/LN_828581_BP_3.jpg,https://www.waitrose.com/ecom/products/essential-flexi-toothbrushes/828581-403355-403356,Essential Flexi Toothbrushes,2s,£1.00,50p each,,Summer
701552,Waitrose Cooked Tikka Chicken Mini Fillets,G,false,1636,https://ecom-su-static-prod.wtrecom.com/images/products/3/LN_701552_BP_3.jpg,https://www.waitrose.com/ecom/products/waitrose-cooked-tikka-chicken-mini-fillets/701552-311288-311289,Waitrose Cooked Tikka Chicken Mini Fillets,165g,£4.25,£2.58/100g,,Summer
857319,Simple Kind to Skin Cleansing Wipes,G,false,1637,https://ecom-su-static-prod.wtrecom.com/images/products/3/LN_857319_BP_3.jpg,https://www.waitrose.com/ecom/products/simple-kind-to-skin-cleansing-wipes/857319-455855-455856,Simple Kind to Skin Cleansing Wipes,20s,£4.25,21.3p each,,Summer
530474,Piriteze Allergy Relief Tablets Large Pack,G,true,1638,https://ecom-su-static-prod.wtrecom.com/images/products/3/LN_530474_BP_3.jpg,https://www.waitrose.com/ecom/products/piriteze-allergy-relief-tablets-large-pack/530474-410989-410990,Piriteze Allergy Relief Tablets Large Pack,30s,£8.00,26.7p each,save £3.55. Was £11.55,Summer
447426,Mitchum Advanced 48 Hr Powder Fresh,G,false,1639,https://ecom-su-static-prod.wtrecom.com/images/products/3/LN_447426_BP_3.jpg,https://www.waitrose.com/ecom/products/mitchum-advanced-48-hr-powder-fresh/447426-400644-400645,Mitchum Advanced 48 Hr Powder Fresh,200ml,£3.50,£1.75/100ml,,Summer
892363,Clarityn Allergy Tablets,G,true,1640,https://ecom-su-static-prod.wtrecom.com/images/products/3/LN_892363_BP_3.jpg,https://www.waitrose.com/ecom/products/clarityn-allergy-tablets/892363-577358-577359,Clarityn Allergy Tablets,30s,£7.00,23.3p each,save £4.65. Was £11.65,Summer
687725,Faith in Nature Wild Rose Body Wash,G,false,1641,https://ecom-su-static-prod.wtrecom.com/images/products/3/LN_687725_BP_3.jpg,https://www.waitrose.com/ecom/products/faith-in-nature-wild-rose-body-wash/687725-719668-719669,Faith in Nature Wild Rose Body Wash,400ml,£6.30,£1.58/100ml,,Summer
510133,Sanex Dermo Extra Control 48h,G,true,1642,https://ecom-su-static-prod.wtrecom.com/images/products/3/LN_510133_BP_3.jpg,https://www.waitrose.com/ecom/products/sanex-dermo-extra-control-48h/510133-72122-72123,Sanex Dermo Extra Control 48h,50ml,£1.25,£2.50/100ml,save 55p. Was £1.80,Summer
453467,Savlon Antiseptic Cream,G,false,1643,https://ecom-su-static-prod.wtrecom.com/images/products/3/LN_453467_BP_3.jpg,https://www.waitrose.com/ecom/products/savlon-antiseptic-cream/453467-692814-692815,Savlon Antiseptic Cream,30g,£2.65,£8.84/100g,,Summer
607168,Waitrose Vegetable Couscous,G,false,1644,https://ecom-su-static-prod.wtrecom.com/images/products/3/LN_607168_BP_3.jpg,https://www.waitrose.com/ecom/products/waitrose-vegetable-couscous/607168-86141-86142,Waitrose Vegetable Couscous,350g,£3.35,95.7p/100g,,Summer
535125,Sudocrem Antiseptic Healing Cream,G,false,1645,https://ecom-su-static-prod.wtrecom.com/images/products/3/LN_535125_BP_3.jpg,https://www.waitrose.com/ecom/products/sudocrem-antiseptic-healing-cream/535125-75659-75660,Sudocrem Antiseptic Healing Cream,125g,£5.50,£4.40/100g,,Summer
489648,Neutrogena Deep Moisture Body Lotion,G,true,1646,https://ecom-su-static-prod.wtrecom.com/images/products/3/LN_489648_BP_3.jpg,https://www.waitrose.com/ecom/products/neutrogena-deep-moisture-body-lotion/489648-707402-707403,Neutrogena Deep Moisture Body Lotion,400ml,£3.50,87.5p/100ml,Save 1/3. Was £5.25,Summer
612080,Gillette Disposables Simply Venus,G,false,1647,https://ecom-su-static-prod.wtrecom.com/images/products/3/LN_612080_BP_3.jpg,https://www.waitrose.com/ecom/products/gillette-disposables-simply-venus/612080-327854-327855,Gillette Disposables Simply Venus,4s,£2.00,50p each,,Summer
482704,Piriteze Allergy Relief Tablets,G,false,1648,https://ecom-su-static-prod.wtrecom.com/images/products/3/LN_482704_BP_3.jpg,https://www.waitrose.com/ecom/products/piriteze-allergy-relief-tablets/482704-690064-690065,Piriteze Allergy Relief Tablets,14s,£6.50,46.4p each,,Summer
714862,Sudafed Blocked Nose Spray,G,false,1649,https://ecom-su-static-prod.wtrecom.com/images/products/3/LN_714862_BP_3.jpg,https://www.waitrose.com/ecom/products/sudafed-blocked-nose-spray/714862-101582-101583,Sudafed Blocked Nose Spray,15ml,£6.25,£41.67/100ml,,Summer
709125,Beconase Hayfever Relief for Adults,G,false,1650,https://ecom-su-static-prod.wtrecom.com/images/products/3/LN_709125_BP_3.jpg,https://www.waitrose.com/ecom/products/beconase-hayfever-relief-for-adults/709125-100725-100726,Beconase Hayfever Relief for Adults,100 Sprays,£6.85,£6.85 each,,Summer
762485,GOOD TO GO Melon Chunks,G,true,1651,https://ecom-su-static-prod.wtrecom.com/images/products/3/LN_762485_BP_3.jpg,https://www.waitrose.com/ecom/products/good-to-go-melon-chunks/762485-344969-344970,GOOD TO GO Melon Chunks,120g,£1.35,£11.25/kg,"£5 Food to Go Meal Deal: Add 1 Main, 1 Snack and 1 Drink",Summer
758766,Gillette Simply Venus Razors,G,false,1652,https://ecom-su-static-prod.wtrecom.com/images/products/3/LN_758766_BP_3.jpg,https://www.waitrose.com/ecom/products/gillette-simply-venus-razors/758766-136168-136169,Gillette Simply Venus Razors,4s,£4.00,£1 each,,Summer
528878,Sure Maximum Protection Clean Scent Deodorant Stick,G,false,1653,https://ecom-su-static-prod.wtrecom.com/images/products/3/LN_528878_BP_3.jpg,https://www.waitrose.com/ecom/products/sure-maximum-protection-clean-scent-deodorant-stick/528878-74796-74797,Sure Maximum Protection Clean Scent Deodorant Stick,45ml,£5.25,£11.67/100ml,,Summer
426855,Nivea Soft Moisturising Cream,G,true,1654,https://ecom-su-static-prod.wtrecom.com/images/products/3/LN_426855_BP_3.jpg,https://www.waitrose.com/ecom/products/nivea-soft-moisturising-cream/426855-60079-60080,Nivea Soft Moisturising Cream,300ml,£5.80,£1.94/100ml,Save 1/3. Was £8.70,Summer
744088,Gaviscon Double Action Berries Indigestion Tablets,G,false,1655,https://ecom-su-static-prod.wtrecom.com/images/products/3/LN_744088_BP_3.jpg,https://www.waitrose.com/ecom/products/gaviscon-double-action-berries-indigestion-tablets/744088-693150-693151,Gaviscon Double Action Berries Indigestion Tablets,24s,£6.80,28.3p each,,Summer
703251,Mitchum Men 48 Hr Ice Fresh,G,false,1656,https://ecom-su-static-prod.wtrecom.com/images/products/3/LN_703251_BP_3.jpg,https://www.waitrose.com/ecom/products/mitchum-men-48-hr-ice-fresh/703251-504597-504598,Mitchum Men 48 Hr Ice Fresh,200ml,£3.50,£1.75/100ml,,Summer
710269,Garnier Invisible Protect Refresh SPF 50,G,true,1657,https://ecom-su-static-prod.wtrecom.com/images/products/3/LN_710269_BP_3.jpg,https://www.waitrose.com/ecom/products/garnier-invisible-protect-refresh-spf-50/710269-780741-780742,Garnier Invisible Protect Refresh SPF 50,200ml,£6.00,£3/100ml,20% Off. Was £7.50,Summer
873274,Essential Clear Plasters,G,false,1658,https://ecom-su-static-prod.wtrecom.com/images/products/3/LN_873274_BP_3.jpg,https://www.waitrose.com/ecom/products/essential-clear-plasters/873274-311480-311481,Essential Clear Plasters,40s,£1.50,3.8p each,,Summer
820124,Venus Comfortglide Spa Breeze,G,true,1659,https://ecom-su-static-prod.wtrecom.com/images/products/3/LN_820124_BP_3.jpg,https://www.waitrose.com/ecom/products/venus-comfortglide-spa-breeze/820124-393847-393848,Venus Comfortglide Spa Breeze,4s,£11.65,£2.92 each,save £2.00. Was £13.65,Summer
760794,Ambre Solaire SPF 30 Protection Lotion,G,true,1660,https://ecom-su-static-prod.wtrecom.com/images/products/3/LN_760794_BP_3.jpg,https://www.waitrose.com/ecom/products/ambre-solaire-spf-30-protection-lotion/760794-412149-412150,Ambre Solaire SPF 30 Protection Lotion,200ml,£5.40,£2.70/100ml,20% Off. Was £6.75,Summer
752163,Ambre Solaire Hydra 24h Lotion SPF50+,G,true,1661,https://ecom-su-static-prod.wtrecom.com/images/products/3/LN_752163_BP_3.jpg,https://www.waitrose.com/ecom/products/ambre-solaire-hydra-24h-lotion-spf50/752163-755741-755742,Ambre Solaire Hydra 24h Lotion SPF50+,200ml,£5.40,£2.70/100ml,20% Off. Was £6.75,Summer
663402,Oral-B Pro-Expert Pulsar 35 Medium Toothbrush,G,true,1662,https://ecom-su-static-prod.wtrecom.com/images/products/3/LN_663402_BP_3.jpg,https://www.waitrose.com/ecom/products/oral-b-pro-expert-pulsar-35-medium-toothbrush/663402-94190-94191,Oral-B Pro-Expert Pulsar 35 Medium Toothbrush,2s,£8.65,£4.33 each,Save 1/3. Was £13.00,Summer
862242,Nivea Sun Kids Sensitive Spray 50+,G,true,1663,https://ecom-su-static-prod.wtrecom.com/images/products/3/LN_862242_BP_3.jpg,https://www.waitrose.com/ecom/products/nivea-sun-kids-sensitive-spray-50/862242-692359-692360,Nivea Sun Kids Sensitive Spray 50+,200ml,£7.60,£3.80/100ml,save £1.90. Was £9.50,Summer
665711,Lynx Africa 48 hours Bodyspray Deodorant,G,true,1664,https://ecom-su-static-prod.wtrecom.com/images/products/3/LN_665711_BP_3.jpg,https://www.waitrose.com/ecom/products/lynx-africa-48-hours-bodyspray-deodorant/665711-713900-713901,Lynx Africa 48 hours Bodyspray Deodorant,250ml,£3.90,£1.56/100ml,25% Off. Was £5.25,Summer
872738,Nivea Sun Kids Roll-on SPF50+,G,true,1665,https://ecom-su-static-prod.wtrecom.com/images/products/3/LN_872738_BP_3.jpg,https://www.waitrose.com/ecom/products/nivea-sun-kids-roll-on-spf50/872738-777464-777465,Nivea Sun Kids Roll-on SPF50+,50ml,£6.40,£12.80/100ml,save £1.60. Was £8.00,Summer
760982,Finnebrogue Naked Honey Roast Ham Slices,G,false,1666,https://ecom-su-static-prod.wtrecom.com/images/products/3/LN_760982_BP_3.jpg,https://www.waitrose.com/ecom/products/finnebrogue-naked-honey-roast-ham-slices/760982-692648-692649,Finnebrogue Naked Honey Roast Ham Slices,120g,£3.60,£3/100g,,Summer
676996,20 Green Thai & Red Chilli Prawns,E,false,1667,https://ecom-su-static-prod.wtrecom.com/images/products/3/LN_676996_BP_3.jpg,https://www.waitrose.com/ecom/products/20-green-thai-red-chilli-prawns/676996-443374-443375,20 Green Thai & Red Chilli Prawns,Typical weight 490g,£15.00,,,Summer
485568,Dark Star Pacific Dawn IPA,G,true,1668,https://ecom-su-static-prod.wtrecom.com/images/products/3/LN_485568_BP_3.jpg,https://www.waitrose.com/ecom/products/dark-star-pacific-dawn-ipa/485568-692397-692398,Dark Star Pacific Dawn IPA,440ml,£3.25,£7.39/litre,Mix & Match Add 5 for 4 Cheapest Item Free,Summer
439758,Finnebrogue Naked Premium Ham 4 Slices,G,false,1669,https://ecom-su-static-prod.wtrecom.com/images/products/3/LN_439758_BP_3.jpg,https://www.waitrose.com/ecom/products/finnebrogue-naked-premium-ham-4-slices/439758-645087-645088,Finnebrogue Naked Premium Ham 4 Slices,120g,£3.60,£3/100g,,Summer
887753,Ultrasun Face Sun Lotion SPF50+,G,true,1670,https://ecom-su-static-prod.wtrecom.com/images/products/3/LN_887753_BP_3.jpg,https://www.waitrose.com/ecom/products/ultrasun-face-sun-lotion-spf50/887753-777478-777479,Ultrasun Face Sun Lotion SPF50+,50ml,£19.20,£38.40/100ml,save £4.80. Was £24.00,Summer
874099,Optrex Hayfever Relief Eye Drops,G,false,1671,https://ecom-su-static-prod.wtrecom.com/images/products/3/LN_874099_BP_3.jpg,https://www.waitrose.com/ecom/products/optrex-hayfever-relief-eye-drops/874099-505245-505246,Optrex Hayfever Relief Eye Drops,10ml,£6.80,£68/100ml,,Summer
865904,Bulldog Sensitive Face Wash,G,true,1672,https://ecom-su-static-prod.wtrecom.com/images/products/3/LN_865904_BP_3.jpg,https://www.waitrose.com/ecom/products/bulldog-sensitive-face-wash/865904-307386-307387,Bulldog Sensitive Face Wash,150ml,£3.50,£2.34/100ml,Save 1/3. Was £5.25,Summer
863727,Sure Maximum Protection Clean Scent Deodorant Stick,G,false,1673,https://ecom-su-static-prod.wtrecom.com/images/products/3/LN_863727_BP_3.jpg,https://www.waitrose.com/ecom/products/sure-maximum-protection-clean-scent-deodorant-stick/863727-276107-276108,Sure Maximum Protection Clean Scent Deodorant Stick,45ml,£5.25,£11.67/100ml,,Summer
862545,Nivea Sun UV Face Q10 Anti-Age SPF 50,G,false,1674,https://ecom-su-static-prod.wtrecom.com/images/products/3/LN_862545_BP_3.jpg,https://www.waitrose.com/ecom/products/nivea-sun-uv-face-q10-anti-age-spf-50/862545-823951-823952,Nivea Sun UV Face Q10 Anti-Age SPF 50,50ml,£13.45,£26.90/100ml,,Summer
862243,Sudocrem Care & Protect,G,false,1675,https://ecom-su-static-prod.wtrecom.com/images/products/3/LN_862243_BP_3.jpg,https://www.waitrose.com/ecom/products/sudocrem-care-protect/862243-330022-330023,Sudocrem Care & Protect,30g,£4.20,£14/100g,,Summer
861760,Nivea Men Creme,G,false,1676,https://ecom-su-static-prod.wtrecom.com/images/products/3/LN_861760_BP_3.jpg,https://www.waitrose.com/ecom/products/nivea-men-creme/861760-588887-588888,Nivea Men Creme,150ml,£6.00,£4/100ml,,Summer
855269,Argan+ Ultra-Rich Body Butter,G,true,1677,https://ecom-su-static-prod.wtrecom.com/images/products/3/LN_855269_BP_3.jpg,https://www.waitrose.com/ecom/products/argan-ultra-rich-body-butter/855269-282057-282058,Argan+ Ultra-Rich Body Butter,300ml,£9.50,£3.17/100ml,Add 2 get 2nd half price Cheaper Item Half Price,Summer
852785,Nurofen Day & Night Cold & Flu Relief Tablets,G,false,1678,https://ecom-su-static-prod.wtrecom.com/images/products/3/LN_852785_BP_3.jpg,https://www.waitrose.com/ecom/products/nurofen-day-night-cold-flu-relief-tablets/852785-298687-298688,Nurofen Day & Night Cold & Flu Relief Tablets,16s,£5.40,33.8p each,,Summer
850727,Voltarol Joint & Back Pain Relief Gel,G,false,1679,https://ecom-su-static-prod.wtrecom.com/images/products/3/LN_850727_BP_3.jpg,https://www.waitrose.com/ecom/products/voltarol-joint-back-pain-relief-gel/850727-692084-692085,Voltarol Joint & Back Pain Relief Gel,50g,£11.55,£23.10/100g,,Summer
838357,Riemann P20 Original SPF20 Spray,G,false,1680,https://ecom-su-static-prod.wtrecom.com/images/products/3/LN_838357_BP_3.jpg,https://www.waitrose.com/ecom/products/riemann-p20-original-spf20-spray/838357-819540-819541,Riemann P20 Original SPF20 Spray,200ml,£31.50,£15.75/100ml,,Summer
836269,Unice 15cm Play Ball,G,false,1681,https://ecom-su-static-prod.wtrecom.com/images/products/3/LN_836269_BP_3.jpg,https://www.waitrose.com/ecom/products/unice-15cm-play-ball/836269-484079-484080,Unice 15cm Play Ball,each,£3.00,£3 each,,Summer
834507,Piz Buin Moistursing SunCream lotion SPF 50+,G,true,1682,https://ecom-su-static-prod.wtrecom.com/images/products/3/LN_834507_BP_3.jpg,https://www.waitrose.com/ecom/products/piz-buin-moistursing-suncream-lotion-spf-50/834507-806109-806110,Piz Buin Moistursing SunCream lotion SPF 50+,200ml,£6.40,£3.20/100ml,save £1.60. Was £8.00,Summer
834273,Nivea for Men Deep Clean Face Wash,G,false,1683,https://ecom-su-static-prod.wtrecom.com/images/products/3/LN_834273_BP_3.jpg,https://www.waitrose.com/ecom/products/nivea-for-men-deep-clean-face-wash/834273-177420-177421,Nivea for Men Deep Clean Face Wash,100ml,£5.50,£5.50/100ml,,Summer
825640,Ambre Solaire Over Make Up UV SPF 50,G,false,1684,https://ecom-su-static-prod.wtrecom.com/images/products/3/LN_825640_BP_3.jpg,https://www.waitrose.com/ecom/products/ambre-solaire-over-make-up-uv-spf-50/825640-755745-755746,Ambre Solaire Over Make Up UV SPF 50,75ml,£10.00,£13.34/100ml,,Summer
825634,Piz Buin Moisturising face cream SPF 50,G,true,1685,https://ecom-su-static-prod.wtrecom.com/images/products/3/LN_825634_BP_3.jpg,https://www.waitrose.com/ecom/products/piz-buin-moisturising-face-cream-spf-50/825634-823947-823948,Piz Buin Moisturising face cream SPF 50,50ml,£6.40,£12.80/100ml,save £1.60. Was £8.00,Summer
819918,Pirinase Allergy Nasal Spray,G,false,1686,https://ecom-su-static-prod.wtrecom.com/images/products/3/LN_819918_BP_3.jpg,https://www.waitrose.com/ecom/products/pirinase-allergy-nasal-spray/819918-498958-498959,Pirinase Allergy Nasal Spray,Each,£8.85,£8.85 each,,Summer
809488,Rock Face Anti-Ageing Moisturiser,G,false,1687,https://ecom-su-static-prod.wtrecom.com/images/products/3/LN_809488_BP_3.jpg,https://www.waitrose.com/ecom/products/rock-face-anti-ageing-moisturiser/809488-504913-504914,Rock Face Anti-Ageing Moisturiser,100ml,£6.50,£6.50/100ml,,Summer
807874,Benadryl One a Day Tablets,G,false,1688,https://ecom-su-static-prod.wtrecom.com/images/products/3/LN_807874_BP_3.jpg,https://www.waitrose.com/ecom/products/benadryl-one-a-day-tablets/807874-185231-185232,Benadryl One a Day Tablets,14s,£6.80,48.6p each,,Summer
805732,Dove DermaSpa Fair to Medium Body Lotion,G,true,1689,https://ecom-su-static-prod.wtrecom.com/images/products/3/LN_805732_BP_3.jpg,https://www.waitrose.com/ecom/products/dove-dermaspa-fair-to-medium-body-lotion/805732-711278-711279,Dove DermaSpa Fair to Medium Body Lotion,200,£5.96,,Save 1/3. Was £8.95,Summer
803793,Mitchum Men Invisible Deodorant,G,false,1690,https://ecom-su-static-prod.wtrecom.com/images/products/3/LN_803793_BP_3.jpg,https://www.waitrose.com/ecom/products/mitchum-men-invisible-deodorant/803793-683818-683819,Mitchum Men Invisible Deodorant,200ml,£3.50,£1.75/100ml,,Summer
803394,Nivea Sun UV Face Shine Control SPF 50,G,false,1691,https://ecom-su-static-prod.wtrecom.com/images/products/3/LN_803394_BP_3.jpg,https://www.waitrose.com/ecom/products/nivea-sun-uv-face-shine-control-spf-50/803394-823797-823798,Nivea Sun UV Face Shine Control SPF 50,50ml,£13.50,£27/100ml,,Summer
789222,Incognito Anti-Mosquito Spray,G,false,1692,https://ecom-su-static-prod.wtrecom.com/images/products/3/LN_789222_BP_3.jpg,https://www.waitrose.com/ecom/products/incognito-anti-mosquito-spray/789222-133430-133431,Incognito Anti-Mosquito Spray,100ml,£12.60,£12.60/100ml,,Summer
782585,Nivea Sun Protect & Moisture Lotion SPF30,G,false,1693,https://ecom-su-static-prod.wtrecom.com/images/products/3/LN_782585_BP_3.jpg,https://www.waitrose.com/ecom/products/nivea-sun-protect-moisture-lotion-spf30/782585-719811-719812,Nivea Sun Protect & Moisture Lotion SPF30,200ml,£7.50,£3.75/100ml,,Summer
782099,Nivea Men Sensitive Face Wash,G,false,1694,https://ecom-su-static-prod.wtrecom.com/images/products/3/LN_782099_BP_3.jpg,https://www.waitrose.com/ecom/products/nivea-men-sensitive-face-wash/782099-111272-111273,Nivea Men Sensitive Face Wash,100ml,£6.25,£6.25/100ml,,Summer
780194,Ultrasun Extreme Sun Lotion SPF50+,G,true,1695,https://ecom-su-static-prod.wtrecom.com/images/products/3/LN_780194_BP_3.jpg,https://www.waitrose.com/ecom/products/ultrasun-extreme-sun-lotion-spf50/780194-111009-111010,Ultrasun Extreme Sun Lotion SPF50+,100ml,£19.20,£19.20/100ml,save £4.80. Was £24.00,Summer
775850,Benadryl Natural Relief Nasal Spray,G,false,1696,https://ecom-su-static-prod.wtrecom.com/images/products/3/LN_775850_BP_3.jpg,https://www.waitrose.com/ecom/products/benadryl-natural-relief-nasal-spray/775850-756101-756102,Benadryl Natural Relief Nasal Spray,15ml,£6.70,£44.67/100ml,,Summer
758585,Vicks Vaporub Cold Remedy Jar,G,false,1697,https://ecom-su-static-prod.wtrecom.com/images/products/3/LN_758585_BP_3.jpg,https://www.waitrose.com/ecom/products/vicks-vaporub-cold-remedy-jar/758585-448229-448230,Vicks Vaporub Cold Remedy Jar,100g,£6.70,£6.70/100g,,Summer
719186,Ultrasun Sports Spray Sun Gel SPF30,G,true,1698,https://ecom-su-static-prod.wtrecom.com/images/products/3/LN_719186_BP_3.jpg,https://www.waitrose.com/ecom/products/ultrasun-sports-spray-sun-gel-spf30/719186-777388-777389,Ultrasun Sports Spray Sun Gel SPF30,150ml,£22.40,£14.94/100ml,save £5.60. Was £28.00,Summer
714909,Nivea Creme,G,false,1699,https://ecom-su-static-prod.wtrecom.com/images/products/3/LN_714909_BP_3.jpg,https://www.waitrose.com/ecom/products/nivea-creme/714909-101588-101589,Nivea Creme,200ml,£6.00,£3/100ml,,Summer
714820,Piz Buin sun protecting Aloe Vera Lipstick SPF 30,G,true,1700,https://ecom-su-static-prod.wtrecom.com/images/products/3/LN_714820_BP_3.jpg,https://www.waitrose.com/ecom/products/piz-buin-sun-protecting-aloe-vera-lipstick-spf-30/714820-806037-806038,Piz Buin sun protecting Aloe Vera Lipstick SPF 30,5g,£4.00,£8/10g,save £1.00. Was £5.00,Summer
694471,Ambre Solaire Dry Mist SPF30,G,false,1701,https://ecom-su-static-prod.wtrecom.com/images/products/3/LN_694471_BP_3.jpg,https://www.waitrose.com/ecom/products/ambre-solaire-dry-mist-spf30/694471-823945-823946,Ambre Solaire Dry Mist SPF30,200ml,£8.75,£4.38/100ml,,Summer
690962,Bulldog Original Face Wash,G,true,1702,https://ecom-su-static-prod.wtrecom.com/images/products/3/LN_690962_BP_3.jpg,https://www.waitrose.com/ecom/products/bulldog-original-face-wash/690962-98121-98122,Bulldog Original Face Wash,150ml,£3.50,£2.34/100ml,Save 1/3. Was £5.25,Summer
690664,Veet Pure Hair Removal Cream for Sensitive Skin,G,false,1703,https://ecom-su-static-prod.wtrecom.com/images/products/3/LN_690664_BP_3.jpg,https://www.waitrose.com/ecom/products/veet-pure-hair-removal-cream-for-sensitive-skin/690664-655823-655824,Veet Pure Hair Removal Cream for Sensitive Skin,200ml,£9.00,£4.50/100ml,,Summer
686256,Satin Care Olay Shave Gel,G,true,1704,https://ecom-su-static-prod.wtrecom.com/images/products/3/LN_686256_BP_3.jpg,https://www.waitrose.com/ecom/products/satin-care-olay-shave-gel/686256-483365-483366,Satin Care Olay Shave Gel,200ml,£2.65,£1.33/100ml,Save 1/3. Was £4.00,Summer
683465,Ultrasun Kids Sun Lotion SPF50+,G,true,1705,https://ecom-su-static-prod.wtrecom.com/images/products/3/LN_683465_BP_3.jpg,https://www.waitrose.com/ecom/products/ultrasun-kids-sun-lotion-spf50/683465-823941-823942,Ultrasun Kids Sun Lotion SPF50+,150ml,£25.60,,save £6.40. Was £32.00,Summer
680566,"John Lewis 4"" Handheld Fan Rechargeable White",G,false,1706,https://ecom-su-static-prod.wtrecom.com/images/products/3/LN_680566_BP_3.jpg,https://www.waitrose.com/ecom/products/john-lewis-4-handheld-fan-rechargeable-white/680566-691764-691765,"John Lewis 4"" Handheld Fan Rechargeable White",each,£12.00,£12 each,,Summer
677106,Nivea Sun SPF50+ Spray,G,false,1707,https://ecom-su-static-prod.wtrecom.com/images/products/3/LN_677106_BP_3.jpg,https://www.waitrose.com/ecom/products/nivea-sun-spf50-spray/677106-723922-723923,Nivea Sun SPF50+ Spray,200ml,£7.50,£3.75/100ml,,Summer
670506,Allevia Hayfever Allergy Relief Tablets Large Pack,G,true,1708,https://ecom-su-static-prod.wtrecom.com/images/products/3/LN_670506_BP_3.jpg,https://www.waitrose.com/ecom/products/allevia-hayfever-allergy-relief-tablets-large-pack/670506-777370-777371,Allevia Hayfever Allergy Relief Tablets Large Pack,30s,£9.07,30.2p each,25% Off. Was £12.10,Summer
660578,Clarityn Allergy Tablets,G,false,1709,https://ecom-su-static-prod.wtrecom.com/images/products/3/LN_660578_BP_3.jpg,https://www.waitrose.com/ecom/products/clarityn-allergy-tablets/660578-131705-131706,Clarityn Allergy Tablets,14s,£6.75,48.2p each,,Summer
659548,Nivea Sun Protect & Dry Touch Spray SPF 30,G,false,1710,https://ecom-su-static-prod.wtrecom.com/images/products/3/LN_659548_BP_3.jpg,https://www.waitrose.com/ecom/products/nivea-sun-protect-dry-touch-spray-spf-30/659548-823685-823686,Nivea Sun Protect & Dry Touch Spray SPF 30,200ml,£11.00,£5.50/100ml,,Summer
657250,Right Guard Total Defence Sport,G,false,1711,https://ecom-su-static-prod.wtrecom.com/images/products/3/LN_657250_BP_3.jpg,https://www.waitrose.com/ecom/products/right-guard-total-defence-sport/657250-93311-93312,Right Guard Total Defence Sport,250ml,£2.85,£1.14/100ml,,Summer
654329,Lynx Black Body Spray Deodorant,G,true,1712,https://ecom-su-static-prod.wtrecom.com/images/products/3/LN_654329_BP_3.jpg,https://www.waitrose.com/ecom/products/lynx-black-body-spray-deodorant/654329-713871-713872,Lynx Black Body Spray Deodorant,250ml,£3.90,£1.56/100ml,25% Off. Was £5.25,Summer
651347,Nivea Sun Lotion Sensitive SPF 30,G,true,1713,https://ecom-su-static-prod.wtrecom.com/images/products/3/LN_651347_BP_3.jpg,https://www.waitrose.com/ecom/products/nivea-sun-lotion-sensitive-spf-30/651347-692343-692344,Nivea Sun Lotion Sensitive SPF 30,200ml,£7.60,£3.80/100ml,save £1.90. Was £9.50,Summer
648720,Histallay Hayfever Allergy Relief Tablets,G,true,1714,https://ecom-su-static-prod.wtrecom.com/images/products/3/LN_648720_BP_3.jpg,https://www.waitrose.com/ecom/products/histallay-hayfever-allergy-relief-tablets/648720-822163-822164,Histallay Hayfever Allergy Relief Tablets,10s,£3.50,35p each,save £1.00. Was £4.50,Summer
638153,Sudafed Congestion Day & Night Capsules,G,false,1715,https://ecom-su-static-prod.wtrecom.com/images/products/3/LN_638153_BP_3.jpg,https://www.waitrose.com/ecom/products/sudafed-congestion-day-night-capsules/638153-374973-374974,Sudafed Congestion Day & Night Capsules,16s,£6.10,38.1p each,,Summer
637121,Nivea Sun Protect & Dry Touch Spray SPF 50,G,false,1716,https://ecom-su-static-prod.wtrecom.com/images/products/3/LN_637121_BP_3.jpg,https://www.waitrose.com/ecom/products/nivea-sun-protect-dry-touch-spray-spf-50/637121-823667-823668,Nivea Sun Protect & Dry Touch Spray SPF 50,200ml,£11.00,£5.50/100ml,,Summer
636531,Benadryl Allergy Relief Capsules,G,false,1717,https://ecom-su-static-prod.wtrecom.com/images/products/3/LN_636531_BP_3.jpg,https://www.waitrose.com/ecom/products/benadryl-allergy-relief-capsules/636531-665953-665954,Benadryl Allergy Relief Capsules,24s,£10.50,43.8p each,,Summer
634915,Riemann P20 Original SPF50+ Spray,G,false,1718,https://ecom-su-static-prod.wtrecom.com/images/products/3/LN_634915_BP_3.jpg,https://www.waitrose.com/ecom/products/riemann-p20-original-spf50-spray/634915-805979-805980,Riemann P20 Original SPF50+ Spray,200ml,£31.50,£15.75/100ml,,Summer
626700,Nivea Sun Protect & Moisture Spray SPF 30,G,false,1719,https://ecom-su-static-prod.wtrecom.com/images/products/3/LN_626700_BP_3.jpg,https://www.waitrose.com/ecom/products/nivea-sun-protect-moisture-spray-spf-30/626700-719612-719613,Nivea Sun Protect & Moisture Spray SPF 30,200ml,£7.50,£3.75/100ml,,Summer
622304,Neutrogena Norwegian Hypoallergenic Lotion,G,true,1720,https://ecom-su-static-prod.wtrecom.com/images/products/3/LN_622304_BP_3.jpg,https://www.waitrose.com/ecom/products/neutrogena-norwegian-hypoallergenic-lotion/622304-707488-707489,Neutrogena Norwegian Hypoallergenic Lotion,400ml,£3.50,87.5p/100ml,Save 1/3. Was £5.25,Summer
619419,Ambre Solaire Super UV FACE Fluid SPF50+,G,false,1721,https://ecom-su-static-prod.wtrecom.com/images/products/3/LN_619419_BP_3.jpg,https://www.waitrose.com/ecom/products/ambre-solaire-super-uv-face-fluid-spf50/619419-823939-823940,Ambre Solaire Super UV FACE Fluid SPF50+,40ml,£10.00,£25/100ml,,Summer
611579,Nivea Men Rehydrating,G,false,1722,https://ecom-su-static-prod.wtrecom.com/images/products/3/LN_611579_BP_3.jpg,https://www.waitrose.com/ecom/products/nivea-men-rehydrating/611579-177272-177273,Nivea Men Rehydrating,75ml,£8.00,£10.67/100ml,,Summer
599929,Neal's Yard Peppermint & Lime Roll on Deodorant,G,false,1723,https://ecom-su-static-prod.wtrecom.com/images/products/3/LN_599929_BP_3.jpg,https://www.waitrose.com/ecom/products/neals-yard-peppermint-lime-roll-on-deodorant/599929-576805-576806,Neal's Yard Peppermint & Lime Roll on Deodorant,50ml,£11.00,£22/100ml,,Summer
589449,Incognito Insect Repellent Lotion,G,true,1724,https://ecom-su-static-prod.wtrecom.com/images/products/3/LN_589449_BP_3.jpg,https://www.waitrose.com/ecom/products/incognito-insect-repellent-lotion/589449-805951-805952,Incognito Insect Repellent Lotion,100ml,£15.00,£15/100ml,Buyers Choice,Summer
579536,O'Keeffe's Working Hands Jar,G,false,1725,https://ecom-su-static-prod.wtrecom.com/images/products/3/LN_579536_BP_3.jpg,https://www.waitrose.com/ecom/products/okeeffes-working-hands-jar/579536-819538-819539,O'Keeffe's Working Hands Jar,96g,£9.50,£9.90/100g,,Summer
573596,Ultrasun UV Face & Scalp Sun Mist SPF50,G,true,1726,https://ecom-su-static-prod.wtrecom.com/images/products/3/LN_573596_BP_3.jpg,https://www.waitrose.com/ecom/products/ultrasun-uv-face-scalp-sun-mist-spf50/573596-777344-777345,Ultrasun UV Face & Scalp Sun Mist SPF50,75ml,£16.00,£21.34/100ml,save £4.00. Was £20.00,Summer
572094,Nivea Sun SPF50+ Sensitive Protect,G,true,1727,https://ecom-su-static-prod.wtrecom.com/images/products/3/LN_572094_BP_3.jpg,https://www.waitrose.com/ecom/products/nivea-sun-spf50-sensitive-protect/572094-692339-692340,Nivea Sun SPF50+ Sensitive Protect,200ml,£7.60,£3.80/100ml,save £1.90. Was £9.50,Summer
566090,Bulldog Sensitive Moisturiser,G,true,1728,https://ecom-su-static-prod.wtrecom.com/images/products/3/LN_566090_BP_3.jpg,https://www.waitrose.com/ecom/products/bulldog-sensitive-moisturiser/566090-246245-246246,Bulldog Sensitive Moisturiser,100ml,£4.60,£4.60/100ml,Save 1/3. Was £6.95,Summer
565663,Bulldog Original Face Scrub,G,true,1729,https://ecom-su-static-prod.wtrecom.com/images/products/3/LN_565663_BP_3.jpg,https://www.waitrose.com/ecom/products/bulldog-original-face-scrub/565663-423023-423024,Bulldog Original Face Scrub,125ml,£3.85,£3.08/100ml,Save 1/3. Was £5.80,Summer
565327,Ultrasun Family Sun Lotion SPF30,G,true,1730,https://ecom-su-static-prod.wtrecom.com/images/products/3/LN_565327_BP_3.jpg,https://www.waitrose.com/ecom/products/ultrasun-family-sun-lotion-spf30/565327-800202-800203,Ultrasun Family Sun Lotion SPF30,100ml,£19.20,£19.20/100ml,save £4.80. Was £24.00,Summer
562780,Benadryl One A Day Tablets,G,false,1731,https://ecom-su-static-prod.wtrecom.com/images/products/3/LN_562780_BP_3.jpg,https://www.waitrose.com/ecom/products/benadryl-one-a-day-tablets/562780-576742-576743,Benadryl One A Day Tablets,30s,£10.50,35p each,,Summer
552258,Bulldog Original Moisturiser,G,true,1732,https://ecom-su-static-prod.wtrecom.com/images/products/3/LN_552258_BP_3.jpg,https://www.waitrose.com/ecom/products/bulldog-original-moisturiser/552258-78057-78058,Bulldog Original Moisturiser,100ml,£4.60,£4.60/100ml,Save 1/3. Was £6.95,Summer
552211,Venus Swirl Blades,G,true,1733,https://ecom-su-static-prod.wtrecom.com/images/products/3/LN_552211_BP_3.jpg,https://www.waitrose.com/ecom/products/venus-swirl-blades/552211-482811-482812,Venus Swirl Blades,3s,£11.65,£3.89 each,save £2.00. Was £13.65,Summer
551773,Dove DermaSpa Medium to Dark Body Lotion,G,true,1734,https://ecom-su-static-prod.wtrecom.com/images/products/3/LN_551773_BP_3.jpg,https://www.waitrose.com/ecom/products/dove-dermaspa-medium-to-dark-body-lotion/551773-711128-711129,Dove DermaSpa Medium to Dark Body Lotion,200ml,£5.96,£2.98/100ml,Save 1/3. Was £8.95,Summer
551770,Piz Buin Aftersun Tan intensifying lotion 200ml,G,true,1735,https://ecom-su-static-prod.wtrecom.com/images/products/3/LN_551770_BP_3.jpg,https://www.waitrose.com/ecom/products/piz-buin-aftersun-tan-intensifying-lotion-200ml/551770-805927-805928,Piz Buin Aftersun Tan intensifying lotion 200ml,200ml,£6.40,£3.20/100ml,save £1.60. Was £8.00,Summer
546845,Gillette Deodorant Cool Wave Clear Gel,G,true,1736,https://ecom-su-static-prod.wtrecom.com/images/products/3/LN_546845_BP_3.jpg,https://www.waitrose.com/ecom/products/gillette-deodorant-cool-wave-clear-gel/546845-77317-77318,Gillette Deodorant Cool Wave Clear Gel,70ml,£3.00,£4.29/100ml,Save 1/3. Was £4.50,Summer
536524,Ultrasun Lip Protection Sun Stick SPF30,G,false,1737,https://ecom-su-static-prod.wtrecom.com/images/products/3/LN_536524_BP_3.jpg,https://www.waitrose.com/ecom/products/ultrasun-lip-protection-sun-stick-spf30/536524-592013-592014,Ultrasun Lip Protection Sun Stick SPF30,4.8g,£6.50,£135.42/100g,,Summer
531309,Venus Spa Breeze Comfort Glide,G,true,1738,https://ecom-su-static-prod.wtrecom.com/images/products/3/LN_531309_BP_3.jpg,https://www.waitrose.com/ecom/products/venus-spa-breeze-comfort-glide/531309-655461-655462,Venus Spa Breeze Comfort Glide,Each,£6.65,£6.65 each,Save 1/3. Was £10.00,Summer
530285,Piz Buin Allergy Sun Sensitive Skin Lotion SPF 30,G,true,1739,https://ecom-su-static-prod.wtrecom.com/images/products/3/LN_530285_BP_3.jpg,https://www.waitrose.com/ecom/products/piz-buin-allergy-sun-sensitive-skin-lotion-spf-30/530285-805915-805916,Piz Buin Allergy Sun Sensitive Skin Lotion SPF 30,200ml,£8.00,£4/100ml,save £2.00. Was £10.00,Summer
527690,Ambre Solaire Aftersun Lotion,G,false,1740,https://ecom-su-static-prod.wtrecom.com/images/products/3/LN_527690_BP_3.jpg,https://www.waitrose.com/ecom/products/ambre-solaire-aftersun-lotion/527690-823937-823938,Ambre Solaire Aftersun Lotion,200ml,£8.75,£4.38/100ml,,Summer
519471,Ambre Solaire SPF30 Clear Protect +,G,true,1741,https://ecom-su-static-prod.wtrecom.com/images/products/3/LN_519471_BP_3.jpg,https://www.waitrose.com/ecom/products/ambre-solaire-spf30-clear-protect/519471-509240-509241,Ambre Solaire SPF30 Clear Protect +,200ml,£6.00,£3/100ml,20% Off. Was £7.50,Summer
518061,Allevia Hayfever Allergy Relief Tablets,G,false,1742,https://ecom-su-static-prod.wtrecom.com/images/products/3/LN_518061_BP_3.jpg,https://www.waitrose.com/ecom/products/allevia-hayfever-allergy-relief-tablets/518061-777324-777325,Allevia Hayfever Allergy Relief Tablets,15s,£6.85,45.7p each,,Summer
515156,Gillette Venus Snap With Embrace,G,true,1743,https://ecom-su-static-prod.wtrecom.com/images/products/3/LN_515156_BP_3.jpg,https://www.waitrose.com/ecom/products/gillette-venus-snap-with-embrace/515156-401066-401067,Gillette Venus Snap With Embrace,Each,£7.30,£7.30 each,Save 1/3. Was £11.00,Summer
514932,Stérimar Hayfever & Allergy Relief,G,false,1744,https://ecom-su-static-prod.wtrecom.com/images/products/3/LN_514932_BP_3.jpg,https://www.waitrose.com/ecom/products/sterimar-hayfever-allergy-relief/514932-723742-723743,Stérimar Hayfever & Allergy Relief,50ml,£5.25,£10.50/100ml,,Summer
504567,Strepsils Sore Throat & Cough Lozenges,G,false,1745,https://ecom-su-static-prod.wtrecom.com/images/products/3/LN_504567_BP_3.jpg,https://www.waitrose.com/ecom/products/strepsils-sore-throat-cough-lozenges/504567-145566-145567,Strepsils Sore Throat & Cough Lozenges,24s,£5.65,23.5p each,,Summer
503495,Ultrasun Eye Cream Sun Lotion SPF30,G,true,1746,https://ecom-su-static-prod.wtrecom.com/images/products/3/LN_503495_BP_3.jpg,https://www.waitrose.com/ecom/products/ultrasun-eye-cream-sun-lotion-spf30/503495-823933-823934,Ultrasun Eye Cream Sun Lotion SPF30,15ml,£16.00,,save £4.00. Was £20.00,Summer
501663,Galpharm Cetirizine Tablets,G,false,1747,https://ecom-su-static-prod.wtrecom.com/images/products/3/LN_501663_BP_3.jpg,https://www.waitrose.com/ecom/products/galpharm-cetirizine-tablets/501663-763258-763259,Galpharm Cetirizine Tablets,14s,£2.15,£2.15 each,,Summer
500934,Vicks Inhaler Nasal Stick,G,false,1748,https://ecom-su-static-prod.wtrecom.com/images/products/3/LN_500934_BP_3.jpg,https://www.waitrose.com/ecom/products/vicks-inhaler-nasal-stick/500934-70783-70784,Vicks Inhaler Nasal Stick,0.5ml,£2.90,,,Summer
492949,Nivea Sun After Sun Moisture,G,true,1749,https://ecom-su-static-prod.wtrecom.com/images/products/3/LN_492949_BP_3.jpg,https://www.waitrose.com/ecom/products/nivea-sun-after-sun-moisture/492949-692333-692334,Nivea Sun After Sun Moisture,200ml,£7.99,£4/100ml,20% Off. Was £9.99,Summer
479478,Nivea Sun Kids 50+ Spray,G,false,1750,https://ecom-su-static-prod.wtrecom.com/images/products/3/LN_479478_BP_3.jpg,https://www.waitrose.com/ecom/products/nivea-sun-kids-50-spray/479478-752415-752416,Nivea Sun Kids 50+ Spray,200ml,£7.50,£3.75/100ml,,Summer
479033,Riemann P20 Sensitive Face SPF50+ Cream,G,true,1751,https://ecom-su-static-prod.wtrecom.com/images/products/3/LN_479033_BP_3.jpg,https://www.waitrose.com/ecom/products/riemann-p20-sensitive-face-spf50-cream/479033-805893-805894,Riemann P20 Sensitive Face SPF50+ Cream,50g,£20.80,£41.60/100g,20% Off. Was £26.00,Summer
474902,Voltarol Back & Muscle Pain Relief Gel Travel Size,G,false,1752,https://ecom-su-static-prod.wtrecom.com/images/products/3/LN_474902_BP_3.jpg,https://www.waitrose.com/ecom/products/voltarol-back-muscle-pain-relief-gel-travel-size/474902-691458-691459,Voltarol Back & Muscle Pain Relief Gel Travel Size,30g,£6.30,£21/100g,,Summer
473088,Bull Dog Original Beard Oil,G,true,1753,https://ecom-su-static-prod.wtrecom.com/images/products/3/LN_473088_BP_3.jpg,https://www.waitrose.com/ecom/products/bull-dog-original-beard-oil/473088-526688-526689,Bull Dog Original Beard Oil,30ml,£3.50,£11.67/100ml,Save 1/3. Was £5.25,Summer
469288,Ultrasun Sports Spray Sun Gel SPF50,G,true,1754,https://ecom-su-static-prod.wtrecom.com/images/products/3/LN_469288_BP_3.jpg,https://www.waitrose.com/ecom/products/ultrasun-sports-spray-sun-gel-spf50/469288-578569-578570,Ultrasun Sports Spray Sun Gel SPF50,150ml,£22.40,£14.94/100ml,save £5.60. Was £28.00,Summer
460535,Piz Buin Tan & Protect Spray SunCream SPF 30,G,true,1755,https://ecom-su-static-prod.wtrecom.com/images/products/3/LN_460535_BP_3.jpg,https://www.waitrose.com/ecom/products/piz-buin-tan-protect-spray-suncream-spf-30/460535-805885-805886,Piz Buin Tan & Protect Spray SunCream SPF 30,150ml,£8.00,£5.34/100ml,save £2.00. Was £10.00,Summer
453150,Riemann P20 Original SPF30 Spray,G,false,1756,https://ecom-su-static-prod.wtrecom.com/images/products/3/LN_453150_BP_3.jpg,https://www.waitrose.com/ecom/products/riemann-p20-original-spf30-spray/453150-805877-805878,Riemann P20 Original SPF30 Spray,200ml,£31.50,£15.75/100ml,,Summer
451217,O'Keeffe's Working Hands Cream,G,false,1757,https://ecom-su-static-prod.wtrecom.com/images/products/3/LN_451217_BP_3.jpg,https://www.waitrose.com/ecom/products/okeeffes-working-hands-cream/451217-788506-788507,O'Keeffe's Working Hands Cream,80ml,£9.45,£11.82/100ml,,Summer
450273,Tisserand Sleep Better Pillow Mist,G,true,1758,https://ecom-su-static-prod.wtrecom.com/images/products/3/LN_450273_BP_3.jpg,https://www.waitrose.com/ecom/products/tisserand-sleep-better-pillow-mist/450273-666924-666925,Tisserand Sleep Better Pillow Mist,100ml,£7.87,£7.87/100ml,25% Off. Was £10.50,Summer
448404,Benacort Hayfever Nasal Spray,G,false,1759,https://ecom-su-static-prod.wtrecom.com/images/products/3/LN_448404_BP_3.jpg,https://www.waitrose.com/ecom/products/benacort-hayfever-nasal-spray/448404-755805-755806,Benacort Hayfever Nasal Spray,Each,£11.00,£11 each,,Summer
444555,Bull Dog Beard 2 In 1,G,true,1760,https://ecom-su-static-prod.wtrecom.com/images/products/3/LN_444555_BP_3.jpg,https://www.waitrose.com/ecom/products/bull-dog-beard-2-in-1/444555-526556-526557,Bull Dog Beard 2 In 1,200ml,£4.20,£2.10/100ml,Save 1/3. Was £6.30,Summer
441159,Colgate Maxwhite Medium Toothbrush,G,false,1761,https://ecom-su-static-prod.wtrecom.com/images/products/3/LN_441159_BP_3.jpg,https://www.waitrose.com/ecom/products/colgate-maxwhite-medium-toothbrush/441159-137947-137948,Colgate Maxwhite Medium Toothbrush,Each,£3.10,£3.10 each,,Summer
431708,Ultrasun Face AntiPigmentation SPF50+,G,true,1762,https://ecom-su-static-prod.wtrecom.com/images/products/3/LN_431708_BP_3.jpg,https://www.waitrose.com/ecom/products/ultrasun-face-antipigmentation-spf50/431708-338201-338202,Ultrasun Face AntiPigmentation SPF50+,50ml,£25.60,£51.20/100ml,save £6.40. Was £32.00,Summer
428666,Mitchum Women Invisible Fresh,G,false,1763,https://ecom-su-static-prod.wtrecom.com/images/products/3/LN_428666_BP_3.jpg,https://www.waitrose.com/ecom/products/mitchum-women-invisible-fresh/428666-694978-694979,Mitchum Women Invisible Fresh,200ml,£3.50,£1.75/100ml,,Summer
423259,Neal's Yard Rose & Geranium Roll on Deodorant,G,false,1764,https://ecom-su-static-prod.wtrecom.com/images/products/3/LN_423259_BP_3.jpg,https://www.waitrose.com/ecom/products/neals-yard-rose-geranium-roll-on-deodorant/423259-576561-576562,Neal's Yard Rose & Geranium Roll on Deodorant,50ml,£11.00,£22/100ml,,Summer
419426,Riemann P20 Sensitive SPF50 Cream,G,true,1765,https://ecom-su-static-prod.wtrecom.com/images/products/3/LN_419426_BP_3.jpg,https://www.waitrose.com/ecom/products/riemann-p20-sensitive-spf50-cream/419426-780495-780496,Riemann P20 Sensitive SPF50 Cream,200ml,£25.20,£12.60/100ml,20% Off. Was £31.50,Summer
415634,Splash Attack Water Shooter,G,false,1766,https://ecom-su-static-prod.wtrecom.com/images/products/3/LN_415634_BP_3.jpg,https://www.waitrose.com/ecom/products/splash-attack-water-shooter/415634-576547-576548,Splash Attack Water Shooter,each,£1.99,£1.99 each,,Summer
406609,Nivea Sun Lotion Protect & Moisture SPF50+,G,false,1767,https://ecom-su-static-prod.wtrecom.com/images/products/3/LN_406609_BP_3.jpg,https://www.waitrose.com/ecom/products/nivea-sun-lotion-protect-moisture-spf50/406609-805859-805860,Nivea Sun Lotion Protect & Moisture SPF50+,200ml,£7.50,£3.75/100ml,,Summer
374014,Strepsils Strawberry Sugar Free Lozenges,G,false,1768,https://ecom-su-static-prod.wtrecom.com/images/products/3/LN_374014_BP_3.jpg,https://www.waitrose.com/ecom/products/strepsils-strawberry-sugar-free-lozenges/374014-52609-52610,Strepsils Strawberry Sugar Free Lozenges,36s,£5.65,15.7p each,,Summer
089038,Ultrasun Face Sun Lotion SPF30,G,true,1769,https://ecom-su-static-prod.wtrecom.com/images/products/3/LN_089038_BP_3.jpg,https://www.waitrose.com/ecom/products/ultrasun-face-sun-lotion-spf30/089038-45772-45773,Ultrasun Face Sun Lotion SPF30,50ml,£19.20,£38.40/100ml,save £4.80. Was £24.00,Summer
025173,Benadryl Allergy Children's 6+,G,false,1770,https://ecom-su-static-prod.wtrecom.com/images/products/3/LN_025173_BP_3.jpg,https://www.waitrose.com/ecom/products/benadryl-allergy-childrens-6/025173-12216-12217,Benadryl Allergy Children's 6+,70ml,£6.30,£9/100ml,,Summer
004664,Benadryl Allergy Relief Acrivastine,G,false,1771,https://ecom-su-static-prod.wtrecom.com/images/products/3/LN_004664_BP_3.jpg,https://www.waitrose.com/ecom/products/benadryl-allergy-relief-acrivastine/004664-1995-1996,Benadryl Allergy Relief Acrivastine,12s,£6.00,50p each,,Summer
848695,Waitrose British Strawberries,G,true,1772,https://ecom-su-static-prod.wtrecom.com/images/products/3/LN_848695_BP_3.jpg,https://www.waitrose.com/ecom/products/waitrose-british-strawberries/848695-344600-344601,Waitrose British Strawberries,600g,£2.85,£4.75/kg,25% Off. Was £3.80,Summer
096831,Duchy Organic Raspberries,G,false,1773,https://ecom-su-static-prod.wtrecom.com/images/products/3/LN_096831_BP_3.jpg,https://www.waitrose.com/ecom/products/duchy-organic-raspberries/096831-420677-49494,Duchy Organic Raspberries,125g,£2.85,£22.80/kg,,Summer
088062,Duchy Organic British Strawberries,G,false,1774,https://ecom-su-static-prod.wtrecom.com/images/products/3/LN_088062_BP_3.jpg,https://www.waitrose.com/ecom/products/duchy-organic-british-strawberries/088062-45053-45054,Duchy Organic British Strawberries,225g,£3.50,£15.56/kg,,Summer
049829,Waitrose Raspberries,G,true,1775,https://ecom-su-static-prod.wtrecom.com/images/products/3/LN_049829_BP_3.jpg,https://www.waitrose.com/ecom/products/waitrose-raspberries/049829-24809-24810,Waitrose Raspberries,225g,£2.75,£12.23/kg,25% Off. Was £3.70,Summer
092330,Waitrose Red Chicory,G,false,1776,https://ecom-su-static-prod.wtrecom.com/images/products/3/LN_092330_BP_3.jpg,https://www.waitrose.com/ecom/products/waitrose-red-chicory/092330-47503-47504,Waitrose Red Chicory,140g,£1.50,£10.72/kg,,Summer
064441,Cooks' Ingredients Mint,G,false,1777,https://ecom-su-static-prod.wtrecom.com/images/products/3/LN_064441_BP_3.jpg,https://www.waitrose.com/ecom/products/cooks-ingredients-mint/064441-32706-32707,Cooks' Ingredients Mint,100g,£1.65,16.5p/10g,,Summer
809927,Galpharm Loratadine Tablets,G,false,1778,https://ecom-su-static-prod.wtrecom.com/images/products/3/LN_809927_BP_3.jpg,https://www.waitrose.com/ecom/products/galpharm-loratadine-tablets/809927-693218-693219,Galpharm Loratadine Tablets,14s,£2.15,15.4p each,,Summer
691463,Galpharm Loratadine Tablets,G,false,1779,https://ecom-su-static-prod.wtrecom.com/images/products/3/LN_691463_BP_3.jpg,https://www.waitrose.com/ecom/products/galpharm-loratadine-tablets/691463-693088-693089,Galpharm Loratadine Tablets,30s,£3.25,10.8p each,,Summer
833303,Galpharm Cetirizine Hydrochloride,G,false,1780,https://ecom-su-static-prod.wtrecom.com/images/products/3/LN_833303_BP_3.jpg,https://www.waitrose.com/ecom/products/galpharm-cetirizine-hydrochloride/833303-693262-693263,Galpharm Cetirizine Hydrochloride,30s,£3.25,10.8p each,,Summer
804997,Galpharm TreatHay Fexofenadine,G,false,1781,https://ecom-su-static-prod.wtrecom.com/images/products/3/LN_804997_BP_3.jpg,https://www.waitrose.com/ecom/products/galpharm-treathay-fexofenadine/804997-777424-777425,Galpharm TreatHay Fexofenadine,10s,£4.20,42p each,,Summer
498283,Lemsip Max All in 1 Cold & Flu Capsules,G,false,1782,https://ecom-su-static-prod.wtrecom.com/images/products/3/LN_498283_BP_3.jpg,https://www.waitrose.com/ecom/products/lemsip-max-all-in-1-cold-flu-capsules/498283-70404-70405,Lemsip Max All in 1 Cold & Flu Capsules,16s,£6.70,41.9p each,,Summer
057511,Piriteze Allergy Syrup Banana Flavour,G,false,1783,https://ecom-su-static-prod.wtrecom.com/images/products/3/LN_057511_BP_3.jpg,https://www.waitrose.com/ecom/products/piriteze-allergy-syrup-banana-flavour/057511-28927-28928,Piriteze Allergy Syrup Banana Flavour,70ml,£6.30,£9/100ml,,Summer
807709,Waitrose Vibrant Chilean White Bag in Box,W,false,1784,https://ecom-su-static-prod.wtrecom.com/images/products/3/LN_807709_BP_3.jpg,https://www.waitrose.com/ecom/products/waitrose-vibrant-chilean-white-bag-in-box/807709-368276-368277,Waitrose Vibrant Chilean White Bag in Box,2.25L,£16.49,£5.50/75cl,,Summer
525099,Most Wanted Sauvignon Blanc,G,true,1785,https://ecom-su-static-prod.wtrecom.com/images/products/3/LN_525099_BP_3.jpg,https://www.waitrose.com/ecom/products/most-wanted-sauvignon-blanc/525099-783642-783643,Most Wanted Sauvignon Blanc,187ml,£2.60,£13.91/litre,Mix & Match Add 4 for 3 Cheapest Item Free,Summer
631429,Waitrose Chilean Red Soft and Juicy Bag in Box,W,false,1786,https://ecom-su-static-prod.wtrecom.com/images/products/3/LN_631429_BP_3.jpg,https://www.waitrose.com/ecom/products/waitrose-chilean-red-soft-and-juicy-bag-in-box/631429-367908-367909,Waitrose Chilean Red Soft and Juicy Bag in Box,2.25litre,£16.49,£5.50/75cl,,Summer
870915,Most Wanted Malbec Can,G,true,1787,https://ecom-su-static-prod.wtrecom.com/images/products/3/LN_870915_BP_3.jpg,https://www.waitrose.com/ecom/products/most-wanted-malbec-can/870915-783712-783713,Most Wanted Malbec Can,187ml,£2.60,£13.91/litre,Mix & Match Add 4 for 3 Cheapest Item Free,Summer
463665,Terre di Faiano Primitivo Organic,G,true,1788,https://ecom-su-static-prod.wtrecom.com/images/products/3/LN_463665_BP_3.jpg,https://www.waitrose.com/ecom/products/terre-di-faiano-primitivo-organic/463665-791471-791472,Terre di Faiano Primitivo Organic,250ml,£3.65,£14.60/litre,Mix & Match Add 4 for 3 Cheapest Item Free,Summer
891240,Waitrose Italian Red Rich Intense Bag in Box,W,false,1789,https://ecom-su-static-prod.wtrecom.com/images/products/3/LN_891240_BP_3.jpg,https://www.waitrose.com/ecom/products/waitrose-italian-red-rich-intense-bag-in-box/891240-694930-694931,Waitrose Italian Red Rich Intense Bag in Box,2.25L,£16.49,£5.50/75cl,,Summer
672896,Pinot Grigio Bag in Box,W,false,1790,https://ecom-su-static-prod.wtrecom.com/images/products/3/LN_672896_BP_3.jpg,https://www.waitrose.com/ecom/products/pinot-grigio-bag-in-box/672896-791857-791858,Pinot Grigio Bag in Box,2.25L,£17.49,£5.83/75cl,,Summer
592986,When in Rome Pinot Grigio,G,true,1791,https://ecom-su-static-prod.wtrecom.com/images/products/3/LN_592986_BP_3.jpg,https://www.waitrose.com/ecom/products/when-in-rome-pinot-grigio/592986-791525-791526,When in Rome Pinot Grigio,187ml,£2.95,£11.84/75cl,Mix & Match Add 4 for 3 Cheapest Item Free,Summer
692674,Waitrose Italian White Crisp & Floral Bag in Box,W,false,1792,https://ecom-su-static-prod.wtrecom.com/images/products/3/LN_692674_BP_3.jpg,https://www.waitrose.com/ecom/products/waitrose-italian-white-crisp-floral-bag-in-box/692674-689388-689389,Waitrose Italian White Crisp & Floral Bag in Box,2.25L,£16.49,£5.50/75cl,,Summer
872818,The Uncommon Rosé Bubbly,G,true,1793,https://ecom-su-static-prod.wtrecom.com/images/products/3/LN_872818_BP_3.jpg,https://www.waitrose.com/ecom/products/the-uncommon-rose-bubbly/872818-697714-697715,The Uncommon Rosé Bubbly,25cl,£5.95,£17.85/75cl,Mix & Match Add 4 for 3 Cheapest Item Free,Summer
688636,Terre Di Faiano Rosso IGP Puglia Organic,W,true,1794,https://ecom-su-static-prod.wtrecom.com/images/products/3/LN_688636_BP_3.jpg,https://www.waitrose.com/ecom/products/terre-di-faiano-rosso-igp-puglia-organic/688636-723368-723369,Terre Di Faiano Rosso IGP Puglia Organic,2.25L,£27.99,£9.33/75cl,Buyers Choice,Summer
604259,The Uncommon White Bubbly England,G,true,1795,https://ecom-su-static-prod.wtrecom.com/images/products/3/LN_604259_BP_3.jpg,https://www.waitrose.com/ecom/products/the-uncommon-white-bubbly-england/604259-694484-694485,The Uncommon White Bubbly England,25cl,£5.95,£17.85/75cl,Mix & Match Add 4 for 3 Cheapest Item Free,Summer
442960,Beefsteak Club Malbec Mendoza Argentina,W,false,1796,https://ecom-su-static-prod.wtrecom.com/images/products/3/LN_442960_BP_3.jpg,https://www.waitrose.com/ecom/products/beefsteak-club-malbec-mendoza-argentina/442960-579772-579773,Beefsteak Club Malbec Mendoza Argentina,2.25L,£21.99,£7.33/75cl,,Summer
801956,Bijou Le Chic Rosé Grenache,W,true,1797,https://ecom-su-static-prod.wtrecom.com/images/products/3/LN_801956_BP_3.jpg,https://www.waitrose.com/ecom/products/bijou-le-chic-rose-grenache/801956-697626-697627,Bijou Le Chic Rosé Grenache,1.5litre,£15.49,£7.75/75cl,save £3.00. Was £18.49,Summer
707668,Duchy Organic Pinot Grigio Bag in Box,W,false,1798,https://ecom-su-static-prod.wtrecom.com/images/products/3/LN_707668_BP_3.jpg,https://www.waitrose.com/ecom/products/duchy-organic-pinot-grigio-bag-in-box/707668-754455-754456,Duchy Organic Pinot Grigio Bag in Box,2.25L,£21.49,£7.17/75cl,,Summer
792394,Soave Cantina di Soave,W,false,1799,https://ecom-su-static-prod.wtrecom.com/images/products/3/LN_792394_BP_3.jpg,https://www.waitrose.com/ecom/products/soave-cantina-di-soave/792394-654327-654328,Soave Cantina di Soave,2.25L,£18.99,£6.33/75cl,,Summer
534387,IGO Organic Rosé Wine Can,G,true,1800,https://ecom-su-static-prod.wtrecom.com/images/products/3/LN_534387_BP_3.jpg,https://www.waitrose.com/ecom/products/igo-organic-rose-wine-can/534387-731268-731269,IGO Organic Rosé Wine Can,25cl,£4.15,£12.45/75cl,Mix & Match Add 4 for 3 Cheapest Item Free,Summer
431967,IGO Organic White Wine Can,G,true,1801,https://ecom-su-static-prod.wtrecom.com/images/products/3/LN_431967_BP_3.jpg,https://www.waitrose.com/ecom/products/igo-organic-white-wine-can/431967-731238-731239,IGO Organic White Wine Can,25cl,£4.15,£12.45/75cl,Mix & Match Add 4 for 3 Cheapest Item Free,Summer
370657,Campo Viejo Winemakers Blend Bag in Box,W,true,1802,https://ecom-su-static-prod.wtrecom.com/images/products/3/LN_370657_BP_3.jpg,https://www.waitrose.com/ecom/products/campo-viejo-winemakers-blend-bag-in-box/370657-827110-827111,Campo Viejo Winemakers Blend Bag in Box,1.5litre,£14.99,£7.50/75cl,New Line,Summer
