data-product-id,data-product-name,data-product-type,data-product-on-offer,data-product-index,image-url,product-page,product-name,product-size,item-price,price-per-unit,offer-description,category
850323,TENA Lady Pants Plus M,G,true,316,https://ecom-su-static-prod.wtrecom.com/images/products/3/LN_850323_BP_3.jpg,https://www.waitrose.com/ecom/products/tena-lady-pants-plus-m/850323-670697-670698,TENA Lady Pants Plus M,9s,£7.00,77.8p each,save £1.50. Was £8.50,"Toiletries, Health & Beauty"
568964,TENA Lady Extra Plus,G,true,111,https://ecom-su-static-prod.wtrecom.com/images/products/3/LN_568964_BP_3.jpg,https://www.waitrose.com/ecom/products/tena-lady-extra-plus/568964-327616-327617,TENA Lady Extra Plus,8s,£2.75,34.4p each,Add 2 for £4.50,"Toiletries, Health & Beauty"
462499,TENA Lady Extra,G,true,86,https://ecom-su-static-prod.wtrecom.com/images/products/3/LN_462499_BP_3.jpg,https://www.waitrose.com/ecom/products/tena-lady-extra/462499-406302-406303,TENA Lady Extra,10s,£2.75,27.5p each,Add 2 for £4.50,"Toiletries, Health & Beauty"
873282,Essential Oval Paracetamol Tablets,G,false,4,https://ecom-su-static-prod.wtrecom.com/images/products/3/LN_873282_BP_3.jpg,https://www.waitrose.com/ecom/products/essential-oval-paracetamol-tablets/873282-311482-311483,Essential Oval Paracetamol Tablets,16s,60p,3.8p each,,"Toiletries, Health & Beauty"
879894,essential Waitrose Soft White Tissues,G,false,5,https://ecom-su-static-prod.wtrecom.com/images/products/3/LN_879894_BP_3.jpg,https://www.waitrose.com/ecom/products/essential-waitrose-soft-white-tissues/879894-287831-287832,essential Waitrose Soft White Tissues,96 sheets,£1.40,14.6p/10 sheets,,"Toiletries, Health & Beauty"
851002,Kleenex Collection Tissues Cube,G,false,6,https://ecom-su-static-prod.wtrecom.com/images/products/3/LN_851002_BP_3.jpg,https://www.waitrose.com/ecom/products/kleenex-collection-tissues-cube/851002-759780-759781,Kleenex Collection Tissues Cube,48 Sheets,£1.45,30.2p/10 sheets,,"Toiletries, Health & Beauty"
502548,Kleenex Extra Large Tissues Twin Pack,G,false,7,https://ecom-su-static-prod.wtrecom.com/images/products/3/LN_502548_BP_3.jpg,https://www.waitrose.com/ecom/products/kleenex-extra-large-tissues-twin-pack/502548-70996-70997,Kleenex Extra Large Tissues Twin Pack,2x44 sheets,£2.65,30.1p/10 sheets,,"Toiletries, Health & Beauty"
367846,Essential Paracetamol Capsules,G,false,8,https://ecom-su-static-prod.wtrecom.com/images/products/3/LN_367846_BP_3.jpg,https://www.waitrose.com/ecom/products/essential-paracetamol-capsules/367846-311100-311101,Essential Paracetamol Capsules,16Each,80p,5p each,,"Toiletries, Health & Beauty"
092324,Kleenex Ultra Soft Tissues Mega Box,G,true,9,https://ecom-su-static-prod.wtrecom.com/images/products/3/LN_092324_BP_3.jpg,https://www.waitrose.com/ecom/products/kleenex-ultra-soft-tissues-mega-box/092324-47497-47498,Kleenex Ultra Soft Tissues Mega Box,112 sheets,£4.20,£3.75/100 sheets,Add 2 for £5,"Toiletries, Health & Beauty"
096180,Kleenex Balsam Tissues Mega Box,G,true,10,https://ecom-su-static-prod.wtrecom.com/images/products/3/LN_096180_BP_3.jpg,https://www.waitrose.com/ecom/products/kleenex-balsam-tissues-mega-box/096180-49220-49221,Kleenex Balsam Tissues Mega Box,112 Sheets,£4.20,£3.75/100 sheets,Add 2 for £5,"Toiletries, Health & Beauty"
767801,Essential Baby Wipes,G,false,11,https://ecom-su-static-prod.wtrecom.com/images/products/3/LN_767801_BP_3.jpg,https://www.waitrose.com/ecom/products/essential-baby-wipes/767801-156319-156320,Essential Baby Wipes,80s,95p,1.2p each,,"Toiletries, Health & Beauty"
078768,Waitrose Ultra Soft White Tissues,G,false,12,https://ecom-su-static-prod.wtrecom.com/images/products/3/LN_078768_BP_3.jpg,https://www.waitrose.com/ecom/products/waitrose-ultra-soft-white-tissues/078768-40105-40106,Waitrose Ultra Soft White Tissues,56 sheets,£1.30,23.2p/10 sheets,,"Toiletries, Health & Beauty"
071559,Essential Large Soft White Tissues,G,false,13,https://ecom-su-static-prod.wtrecom.com/images/products/3/LN_071559_BP_3.jpg,https://www.waitrose.com/ecom/products/essential-large-soft-white-tissues/071559-36312-36313,Essential Large Soft White Tissues,100 sheets,£1.90,19p/10 sheets,,"Toiletries, Health & Beauty"
824332,Essential Antibac + Handwash,G,false,14,https://ecom-su-static-prod.wtrecom.com/images/products/3/LN_824332_BP_3.jpg,https://www.waitrose.com/ecom/products/essential-antibac-handwash/824332-313474-313475,Essential Antibac + Handwash,250ml,80p,32p/100ml,,"Toiletries, Health & Beauty"
798611,Kleenex Ultra Soft Tissues Extra Large Compact,G,true,15,https://ecom-su-static-prod.wtrecom.com/images/products/3/LN_798611_BP_3.jpg,https://www.waitrose.com/ecom/products/kleenex-ultra-soft-tissues-extra-large-compact/798611-784044-784045,Kleenex Ultra Soft Tissues Extra Large Compact,40 sheets,£1.25,31.3p/10 sheets,save £1.10. Was £2.35,"Toiletries, Health & Beauty"
895402,Essential Anti-Bac Hand Wash,G,false,16,https://ecom-su-static-prod.wtrecom.com/images/products/3/LN_895402_BP_3.jpg,https://www.waitrose.com/ecom/products/essential-anti-bac-hand-wash/895402-762240-762241,Essential Anti-Bac Hand Wash,500ml,£1.10,22p/100ml,,"Toiletries, Health & Beauty"
836456,Colgate Total Original Care Toothpaste,G,false,17,https://ecom-su-static-prod.wtrecom.com/images/products/3/LN_836456_BP_3.jpg,https://www.waitrose.com/ecom/products/colgate-total-original-care-toothpaste/836456-168768-168769,Colgate Total Original Care Toothpaste,125ml,£5.00,£4/100ml,,"Toiletries, Health & Beauty"
044985,Waitrose Soft Pocket Tissues,G,false,18,https://ecom-su-static-prod.wtrecom.com/images/products/3/LN_044985_BP_3.jpg,https://www.waitrose.com/ecom/products/waitrose-soft-pocket-tissues/044985-22200-22201,Waitrose Soft Pocket Tissues,10x10 sheets,£1.50,15p/10 sheets,,"Toiletries, Health & Beauty"
828525,Kleenex Ultra Soft Tissues Cube,G,true,19,https://ecom-su-static-prod.wtrecom.com/images/products/3/LN_828525_BP_3.jpg,https://www.waitrose.com/ecom/products/kleenex-ultra-soft-tissues-cube/828525-759752-759753,Kleenex Ultra Soft Tissues Cube,48 sheets,£1.25,26p/10 sheets,save £1.10. Was £2.35,"Toiletries, Health & Beauty"
039006,Essential Cosmetic Pads,G,false,20,https://ecom-su-static-prod.wtrecom.com/images/products/3/LN_039006_BP_3.jpg,https://www.waitrose.com/ecom/products/essential-cosmetic-pads/039006-19369-19370,Essential Cosmetic Pads,100s,£1.75,1.8p each,,"Toiletries, Health & Beauty"
381125,Oral-B Pro-Expert Protect Toothpaste,G,true,21,https://ecom-su-static-prod.wtrecom.com/images/products/3/LN_381125_BP_3.jpg,https://www.waitrose.com/ecom/products/oral-b-pro-expert-protect-toothpaste/381125-137899-137900,Oral-B Pro-Expert Protect Toothpaste,75ml,£2.10,£2.80/100ml,Half Price. Was £4.20,"Toiletries, Health & Beauty"
083873,Essential Handwash Aloe Vera,G,false,22,https://ecom-su-static-prod.wtrecom.com/images/products/3/LN_083873_BP_3.jpg,https://www.waitrose.com/ecom/products/essential-handwash-aloe-vera/083873-42594-42595,Essential Handwash Aloe Vera,250ml,80p,32p/100ml,,"Toiletries, Health & Beauty"
568413,Kleenex Balsam Tissue Extra Large Compact,G,false,23,https://ecom-su-static-prod.wtrecom.com/images/products/3/LN_568413_BP_3.jpg,https://www.waitrose.com/ecom/products/kleenex-balsam-tissue-extra-large-compact/568413-783906-783907,Kleenex Balsam Tissue Extra Large Compact,40 sheets,£2.35,58.8p/10 sheets,,"Toiletries, Health & Beauty"
880433,Kleenex Antibacterial Wipes 12s,G,true,24,https://ecom-su-static-prod.wtrecom.com/images/products/3/LN_880433_BP_3.jpg,https://www.waitrose.com/ecom/products/kleenex-antibacterial-wipes-12s/880433-688762-688763,Kleenex Antibacterial Wipes 12s,12 sheets,£1.00,83.3p/10 sheets,Add 2 for £1.50,"Toiletries, Health & Beauty"
452679,Essential Oval Ibuprofen Tablets,G,false,25,https://ecom-su-static-prod.wtrecom.com/images/products/3/LN_452679_BP_3.jpg,https://www.waitrose.com/ecom/products/essential-oval-ibuprofen-tablets/452679-311130-311131,Essential Oval Ibuprofen Tablets,16s,60p,3.8p each,,"Toiletries, Health & Beauty"
827924,Colgate Advanced White Toothpaste,G,true,26,https://ecom-su-static-prod.wtrecom.com/images/products/3/LN_827924_BP_3.jpg,https://www.waitrose.com/ecom/products/colgate-advanced-white-toothpaste/827924-612956-612957,Colgate Advanced White Toothpaste,125ml,£2.50,£2/100ml,Half Price. Was £5.00,"Toiletries, Health & Beauty"
395109,Waitrose Ultra Soft White Tissues,G,false,27,https://ecom-su-static-prod.wtrecom.com/images/products/3/LN_395109_BP_3.jpg,https://www.waitrose.com/ecom/products/waitrose-ultra-soft-white-tissues/395109-287661-287662,Waitrose Ultra Soft White Tissues,80 sheets,£1.75,21.9p/10 sheets,,"Toiletries, Health & Beauty"
886732,Colgate Triple Action Toothpaste 75ml,G,false,28,https://ecom-su-static-prod.wtrecom.com/images/products/3/LN_886732_BP_3.jpg,https://www.waitrose.com/ecom/products/colgate-triple-action-toothpaste-75ml/886732-804622-804623,Colgate Triple Action Toothpaste 75ml,75ml,£1.00,£1.34/100ml,,"Toiletries, Health & Beauty"
703663,Essential Round Paracetamol Tablets,G,false,29,https://ecom-su-static-prod.wtrecom.com/images/products/3/LN_703663_BP_3.jpg,https://www.waitrose.com/ecom/products/essential-round-paracetamol-tablets/703663-311294-311295,Essential Round Paracetamol Tablets,16s,60p,3.8p each,,"Toiletries, Health & Beauty"
066185,Steradent Active Plus Denture Cleansing Tablets,G,false,30,https://ecom-su-static-prod.wtrecom.com/images/products/3/LN_066185_BP_3.jpg,https://www.waitrose.com/ecom/products/steradent-active-plus-denture-cleansing-tablets/066185-33518-33519,Steradent Active Plus Denture Cleansing Tablets,30s,£1.35,4.5p each,,"Toiletries, Health & Beauty"
694483,Sensodyne Toothpaste Repair & Protect,G,false,31,https://ecom-su-static-prod.wtrecom.com/images/products/3/LN_694483_BP_3.jpg,https://www.waitrose.com/ecom/products/sensodyne-toothpaste-repair-protect/694483-756021-756022,Sensodyne Toothpaste Repair & Protect,75ml,£6.30,£8.40/100ml,,"Toiletries, Health & Beauty"
479515,Simple Kind to Skin Gentle Care Handwash,G,false,32,https://ecom-su-static-prod.wtrecom.com/images/products/3/LN_479515_BP_3.jpg,https://www.waitrose.com/ecom/products/simple-kind-to-skin-gentle-care-handwash/479515-67665-67666,Simple Kind to Skin Gentle Care Handwash,250ml,£1.80,72p/100ml,,"Toiletries, Health & Beauty"
697589,Essential Chamomile Hand Wash,G,false,33,https://ecom-su-static-prod.wtrecom.com/images/products/3/LN_697589_BP_3.jpg,https://www.waitrose.com/ecom/products/essential-chamomile-hand-wash/697589-504577-504578,Essential Chamomile Hand Wash,250ml,80p,32p/100ml,,"Toiletries, Health & Beauty"
015556,Oral-B Mint Satin Tape,G,true,34,https://ecom-su-static-prod.wtrecom.com/images/products/3/LN_015556_BP_3.jpg,https://www.waitrose.com/ecom/products/oral-b-mint-satin-tape/015556-7477-7478,Oral-B Mint Satin Tape,1Each,£1.40,£1.40 each,Save 1/3. Was £2.10,"Toiletries, Health & Beauty"
628005,Essential Sensitive Hand Wash,G,false,35,https://ecom-su-static-prod.wtrecom.com/images/products/3/LN_628005_BP_3.jpg,https://www.waitrose.com/ecom/products/essential-sensitive-hand-wash/628005-504375-504376,Essential Sensitive Hand Wash,250ml,80p,32p/100ml,,"Toiletries, Health & Beauty"
458848,Essential Shower Gel Pink Grapefruit,G,false,36,https://ecom-su-static-prod.wtrecom.com/images/products/3/LN_458848_BP_3.jpg,https://www.waitrose.com/ecom/products/essential-shower-gel-pink-grapefruit/458848-761938-761939,Essential Shower Gel Pink Grapefruit,250ml,£1.00,40p/100ml,,"Toiletries, Health & Beauty"
844275,Sensodyne Toothpaste Daily Care Original,G,false,37,https://ecom-su-static-prod.wtrecom.com/images/products/3/LN_844275_BP_3.jpg,https://www.waitrose.com/ecom/products/sensodyne-toothpaste-daily-care-original/844275-412765-412766,Sensodyne Toothpaste Daily Care Original,75ml,£2.65,£3.54/100ml,,"Toiletries, Health & Beauty"
882224,Pears Transparent Soap,G,true,38,https://ecom-su-static-prod.wtrecom.com/images/products/3/LN_882224_BP_3.jpg,https://www.waitrose.com/ecom/products/pears-transparent-soap/882224-246453-246454,Pears Transparent Soap,2x100g,£1.88,94p/100g,save 47p. Was £2.35,"Toiletries, Health & Beauty"
859128,Waitrose Ultra Balm White Tissues,G,false,39,https://ecom-su-static-prod.wtrecom.com/images/products/3/LN_859128_BP_3.jpg,https://www.waitrose.com/ecom/products/waitrose-ultra-balm-white-tissues/859128-287805-287806,Waitrose Ultra Balm White Tissues,80 sheets,£1.75,21.9p/10 sheets,,"Toiletries, Health & Beauty"
454504,Essential Oval Cosmetic Pads,G,false,40,https://ecom-su-static-prod.wtrecom.com/images/products/3/LN_454504_BP_3.jpg,https://www.waitrose.com/ecom/products/essential-oval-cosmetic-pads/454504-730636-730637,Essential Oval Cosmetic Pads,50Each,£1.85,3.7p each,,"Toiletries, Health & Beauty"
042584,Essential Cotton Buds,G,false,41,https://ecom-su-static-prod.wtrecom.com/images/products/3/LN_042584_BP_3.jpg,https://www.waitrose.com/ecom/products/essential-cotton-buds/042584-21074-21075,Essential Cotton Buds,200s,75p,0.4p each,,"Toiletries, Health & Beauty"
743476,Essential Fresh Mint Mouthwash,G,false,42,https://ecom-su-static-prod.wtrecom.com/images/products/3/LN_743476_BP_3.jpg,https://www.waitrose.com/ecom/products/essential-fresh-mint-mouthwash/743476-402653-402654,Essential Fresh Mint Mouthwash,500ml,£1.35,27p/100ml,,"Toiletries, Health & Beauty"
626873,Oral-B Gum & Enamel Repair Toothpaste,G,false,43,https://ecom-su-static-prod.wtrecom.com/images/products/3/LN_626873_BP_3.jpg,https://www.waitrose.com/ecom/products/oral-b-gum-enamel-repair-toothpaste/626873-611866-611867,Oral-B Gum & Enamel Repair Toothpaste,75ml,£5.00,£6.67/100ml,,"Toiletries, Health & Beauty"
642044,Colgate Maximum Cavity Protection Toothpaste,G,false,44,https://ecom-su-static-prod.wtrecom.com/images/products/3/LN_642044_BP_3.jpg,https://www.waitrose.com/ecom/products/colgate-maximum-cavity-protection-toothpaste/642044-299301-299302,Colgate Maximum Cavity Protection Toothpaste,75ml,£1.60,£2.14/100ml,,"Toiletries, Health & Beauty"
809464,Carex Aloe Vera Antibac Handwash,G,true,45,https://ecom-su-static-prod.wtrecom.com/images/products/3/LN_809464_BP_3.jpg,https://www.waitrose.com/ecom/products/carex-aloe-vera-antibac-handwash/809464-793596-793597,Carex Aloe Vera Antibac Handwash,250ml,£1.00,40p/100ml,Save 1/3. Was £1.50,"Toiletries, Health & Beauty"
710025,Essential Chamomile Shower Gel,G,false,46,https://ecom-su-static-prod.wtrecom.com/images/products/3/LN_710025_BP_3.jpg,https://www.waitrose.com/ecom/products/essential-chamomile-shower-gel/710025-762106-762107,Essential Chamomile Shower Gel,250ml,£1.00,40p/100ml,,"Toiletries, Health & Beauty"
450033,Essential Moisture Hand Wash Refill,G,false,47,https://ecom-su-static-prod.wtrecom.com/images/products/3/LN_450033_BP_3.jpg,https://www.waitrose.com/ecom/products/essential-moisture-hand-wash-refill/450033-761928-761929,Essential Moisture Hand Wash Refill,500ml,£1.10,22p/100ml,,"Toiletries, Health & Beauty"
591532,Dove Original Moisturising Beauty Bar,G,false,48,https://ecom-su-static-prod.wtrecom.com/images/products/3/LN_591532_BP_3.jpg,https://www.waitrose.com/ecom/products/dove-original-moisturising-beauty-bar/591532-719590-719591,Dove Original Moisturising Beauty Bar,4 x 90g,£3.70,£1.03/100g,,"Toiletries, Health & Beauty"
485528,Essential Seamoss Shower Gel,G,false,49,https://ecom-su-static-prod.wtrecom.com/images/products/3/LN_485528_BP_3.jpg,https://www.waitrose.com/ecom/products/essential-seamoss-shower-gel/485528-761958-761959,Essential Seamoss Shower Gel,250ml,£1.00,40p/100ml,,"Toiletries, Health & Beauty"
821308,Simple Kind to Skin Refreshing Shower Gel,G,false,50,https://ecom-su-static-prod.wtrecom.com/images/products/3/LN_821308_BP_3.jpg,https://www.waitrose.com/ecom/products/simple-kind-to-skin-refreshing-shower-gel/821308-423395-423396,Simple Kind to Skin Refreshing Shower Gel,450ml,£2.30,51.1p/100ml,,"Toiletries, Health & Beauty"
660840,TePe Interdental Brush Yellow Size 4,G,true,51,https://ecom-su-static-prod.wtrecom.com/images/products/3/LN_660840_BP_3.jpg,https://www.waitrose.com/ecom/products/tepe-interdental-brush-yellow-size-4/660840-755999-756000,TePe Interdental Brush Yellow Size 4,6s,£3.50,58.3p each,Add 2 for £5.50,"Toiletries, Health & Beauty"
866869,Colgate Total Whitening Toothpaste,G,false,52,https://ecom-su-static-prod.wtrecom.com/images/products/3/LN_866869_BP_3.jpg,https://www.waitrose.com/ecom/products/colgate-total-whitening-toothpaste/866869-168806-168807,Colgate Total Whitening Toothpaste,125ml,£5.00,£4/100ml,,"Toiletries, Health & Beauty"
603444,Colgate Total Pump Toothpaste,G,false,53,https://ecom-su-static-prod.wtrecom.com/images/products/3/LN_603444_BP_3.jpg,https://www.waitrose.com/ecom/products/colgate-total-pump-toothpaste/603444-688307-688308,Colgate Total Pump Toothpaste,100ml,£3.50,£3.50/100ml,,"Toiletries, Health & Beauty"
072269,Listerine Mouthwash Coolmint,G,false,54,https://ecom-su-static-prod.wtrecom.com/images/products/3/LN_072269_BP_3.jpg,https://www.waitrose.com/ecom/products/listerine-mouthwash-coolmint/072269-36693-36694,Listerine Mouthwash Coolmint,500ml,£3.95,79p/100ml,,"Toiletries, Health & Beauty"
831529,Lights By TENA Long Liners,G,false,55,https://ecom-su-static-prod.wtrecom.com/images/products/3/LN_831529_BP_3.jpg,https://www.waitrose.com/ecom/products/lights-by-tena-long-liners/831529-174731-174732,Lights By TENA Long Liners,20s,£2.65,13.3p each,,"Toiletries, Health & Beauty"
702816,Royale Garden Verbena & Chamomile Hand Wash,G,true,56,https://ecom-su-static-prod.wtrecom.com/images/products/3/LN_702816_BP_3.jpg,https://www.waitrose.com/ecom/products/royale-garden-verbena-chamomile-hand-wash/702816-719686-719687,Royale Garden Verbena & Chamomile Hand Wash,500ml,£1.75,35p/100ml,25% Off. Was £2.35,"Toiletries, Health & Beauty"
894585,Kleenex Allergy Comfort Tissues Twin Pack,G,false,57,https://ecom-su-static-prod.wtrecom.com/images/products/3/LN_894585_BP_3.jpg,https://www.waitrose.com/ecom/products/kleenex-allergy-comfort-tissues-twin-pack/894585-726068-726069,Kleenex Allergy Comfort Tissues Twin Pack,2x56 sheets,£4.20,37.5p/10 sheets,,"Toiletries, Health & Beauty"
545786,Baylis & Harding Mandarin Hand Wash,G,false,58,https://ecom-su-static-prod.wtrecom.com/images/products/3/LN_545786_BP_3.jpg,https://www.waitrose.com/ecom/products/baylis-harding-mandarin-hand-wash/545786-127521-127522,Baylis & Harding Mandarin Hand Wash,500ml,£2.35,47p/100ml,,"Toiletries, Health & Beauty"
707929,Essential Chamomile Bath,G,false,59,https://ecom-su-static-prod.wtrecom.com/images/products/3/LN_707929_BP_3.jpg,https://www.waitrose.com/ecom/products/essential-chamomile-bath/707929-504613-504614,Essential Chamomile Bath,750ml,£1.25,16.7p/100ml,,"Toiletries, Health & Beauty"
073587,Sure Women Cotton Dry Roll-On Deodorant,G,false,60,https://ecom-su-static-prod.wtrecom.com/images/products/3/LN_073587_BP_3.jpg,https://www.waitrose.com/ecom/products/sure-women-cotton-dry-roll-on-deodorant/073587-37322-37323,Sure Women Cotton Dry Roll-On Deodorant,50ml,£1.60,£3.20/100ml,,"Toiletries, Health & Beauty"
421825,TENA Lady Discreet Normal,G,false,61,https://ecom-su-static-prod.wtrecom.com/images/products/3/LN_421825_BP_3.jpg,https://www.waitrose.com/ecom/products/tena-lady-discreet-normal/421825-652117-652118,TENA Lady Discreet Normal,2x12s,£4.80,20p each,,"Toiletries, Health & Beauty"
863358,Essential 4in1 Vitamin E Wipes,G,false,62,https://ecom-su-static-prod.wtrecom.com/images/products/3/LN_863358_BP_3.jpg,https://www.waitrose.com/ecom/products/essential-4in1-vitamin-e-wipes/863358-162788-162789,Essential 4in1 Vitamin E Wipes,25s,£1.00,4p each,,"Toiletries, Health & Beauty"
443848,Waitrose Mini Baby Wipes Fragrance Free,G,false,63,https://ecom-su-static-prod.wtrecom.com/images/products/3/LN_443848_BP_3.jpg,https://www.waitrose.com/ecom/products/waitrose-mini-baby-wipes-fragrance-free/443848-583292-583293,Waitrose Mini Baby Wipes Fragrance Free,64s,£1.00,1.6p each,,"Toiletries, Health & Beauty"
717442,"Royale Garden Rose, Poppy & Vanilla Hand Wash",G,true,64,https://ecom-su-static-prod.wtrecom.com/images/products/3/LN_717442_BP_3.jpg,https://www.waitrose.com/ecom/products/royale-garden-rose-poppy-vanilla-hand-wash/717442-719706-719707,"Royale Garden Rose, Poppy & Vanilla Hand Wash",500ml,£1.75,35p/100ml,25% Off. Was £2.35,"Toiletries, Health & Beauty"
848999,Essential Paracetamol Plus,G,false,65,https://ecom-su-static-prod.wtrecom.com/images/products/3/LN_848999_BP_3.jpg,https://www.waitrose.com/ecom/products/essential-paracetamol-plus/848999-311432-311433,Essential Paracetamol Plus,16s,90p,5.6p each,,"Toiletries, Health & Beauty"
491571,Radox Mineral Therapy Feel Awake 2-in-1 Gel,G,true,66,https://ecom-su-static-prod.wtrecom.com/images/products/3/LN_491571_BP_3.jpg,https://www.waitrose.com/ecom/products/radox-mineral-therapy-feel-awake-2-in-1-gel/491571-735752-735753,Radox Mineral Therapy Feel Awake 2-in-1 Gel,450ml,£1.60,35.6p/100ml,save 65p. Was £2.25,"Toiletries, Health & Beauty"
491311,Baylis & Harding Jasmine & Apple Wash,G,false,67,https://ecom-su-static-prod.wtrecom.com/images/products/3/LN_491311_BP_3.jpg,https://www.waitrose.com/ecom/products/baylis-harding-jasmine-apple-wash/491311-370559-370560,Baylis & Harding Jasmine & Apple Wash,500ml,£2.35,47p/100ml,,"Toiletries, Health & Beauty"
494546,Kleenex Balsam Tissues 8 Pocket Packs,G,false,68,https://ecom-su-static-prod.wtrecom.com/images/products/3/LN_494546_BP_3.jpg,https://www.waitrose.com/ecom/products/kleenex-balsam-tissues-8-pocket-packs/494546-374309-374310,Kleenex Balsam Tissues 8 Pocket Packs,8x9 sheets,£2.10,29.2p/10 sheets,,"Toiletries, Health & Beauty"
577800,Simple Biodegradable Facial Wipes Twin Pack 2 x 25 Wipes,G,true,69,https://ecom-su-static-prod.wtrecom.com/images/products/3/LN_577800_BP_3.jpg,https://www.waitrose.com/ecom/products/simple-biodegradable-facial-wipes-twin-pack-2-x-25-wipes/577800-783654-783655,Simple Biodegradable Facial Wipes Twin Pack 2 x 25 Wipes,50s,£4.00,8p each,Save 1/3. Was £6.00,"Toiletries, Health & Beauty"
867007,Dove Original Hand Wash Refill,G,true,70,https://ecom-su-static-prod.wtrecom.com/images/products/3/LN_867007_BP_3.jpg,https://www.waitrose.com/ecom/products/dove-original-hand-wash-refill/867007-769292-769293,Dove Original Hand Wash Refill,500ml,£2.10,42p/100ml,Save 1/3. Was £3.15,"Toiletries, Health & Beauty"
476197,Essential Sensitive Soap Bars,G,false,71,https://ecom-su-static-prod.wtrecom.com/images/products/3/LN_476197_BP_3.jpg,https://www.waitrose.com/ecom/products/essential-sensitive-soap-bars/476197-568700-568701,Essential Sensitive Soap Bars,4s,£1.70,42.5p each,,"Toiletries, Health & Beauty"
546203,Panadol Advance Tablets,G,false,72,https://ecom-su-static-prod.wtrecom.com/images/products/3/LN_546203_BP_3.jpg,https://www.waitrose.com/ecom/products/panadol-advance-tablets/546203-788574-788575,Panadol Advance Tablets,16s,£2.30,14.4p each,,"Toiletries, Health & Beauty"
466248,TENA Lady Maxi Night Pads,G,false,73,https://ecom-su-static-prod.wtrecom.com/images/products/3/LN_466248_BP_3.jpg,https://www.waitrose.com/ecom/products/tena-lady-maxi-night-pads/466248-715759-715760,TENA Lady Maxi Night Pads,12s,£4.80,40p each,,"Toiletries, Health & Beauty"
839072,TENA Lady Discreet Normal,G,true,74,https://ecom-su-static-prod.wtrecom.com/images/products/3/LN_839072_BP_3.jpg,https://www.waitrose.com/ecom/products/tena-lady-discreet-normal/839072-569666-569667,TENA Lady Discreet Normal,12s,£2.75,22.9p each,Add 2 for £4.50,"Toiletries, Health & Beauty"
533667,TENA Lady Extra Plus Duo,G,false,75,https://ecom-su-static-prod.wtrecom.com/images/products/3/LN_533667_BP_3.jpg,https://www.waitrose.com/ecom/products/tena-lady-extra-plus-duo/533667-134531-134532,TENA Lady Extra Plus Duo,2x8s,£4.80,30p each,,"Toiletries, Health & Beauty"
074925,Listerine Mouthwash Total Care,G,true,76,https://ecom-su-static-prod.wtrecom.com/images/products/3/LN_074925_BP_3.jpg,https://www.waitrose.com/ecom/products/listerine-mouthwash-total-care/074925-38008-38009,Listerine Mouthwash Total Care,500ml,£3.65,73p/100ml,Save 1/3. Was £5.50,"Toiletries, Health & Beauty"
075352,Nurofen 200mg Ibuprofen Pain Relief Tablets,G,false,77,https://ecom-su-static-prod.wtrecom.com/images/products/3/LN_075352_BP_3.jpg,https://www.waitrose.com/ecom/products/nurofen-200mg-ibuprofen-pain-relief-tablets/075352-38228-38229,Nurofen 200mg Ibuprofen Pain Relief Tablets,16s,£2.30,14.4p each,,"Toiletries, Health & Beauty"
537215,Sanex Zero% Sensitive Shower Gel,G,false,78,https://ecom-su-static-prod.wtrecom.com/images/products/3/LN_537215_BP_3.jpg,https://www.waitrose.com/ecom/products/sanex-zero-sensitive-shower-gel/537215-761984-761985,Sanex Zero% Sensitive Shower Gel,450ml,£3.15,70p/100ml,,"Toiletries, Health & Beauty"
385272,Sensodyne Pronamel Whitening Toothpaste,G,false,79,https://ecom-su-static-prod.wtrecom.com/images/products/3/LN_385272_BP_3.jpg,https://www.waitrose.com/ecom/products/sensodyne-pronamel-whitening-toothpaste/385272-54169-54170,Sensodyne Pronamel Whitening Toothpaste,75ml,£5.30,£7.07/100ml,,"Toiletries, Health & Beauty"
867150,Essential Sensitive Shower Gel,G,false,80,https://ecom-su-static-prod.wtrecom.com/images/products/3/LN_867150_BP_3.jpg,https://www.waitrose.com/ecom/products/essential-sensitive-shower-gel/867150-762218-762219,Essential Sensitive Shower Gel,250ml,£1.00,40p/100ml,,"Toiletries, Health & Beauty"
066510,Badedas 3 in 1 Revitalising Shower Gel,G,false,81,https://ecom-su-static-prod.wtrecom.com/images/products/3/LN_066510_BP_3.jpg,https://www.waitrose.com/ecom/products/badedas-3-in-1-revitalising-shower-gel/066510-33673-33674,Badedas 3 in 1 Revitalising Shower Gel,200ml,£2.65,£1.33/100ml,,"Toiletries, Health & Beauty"
066576,Sure Sensitive Roll-On Deodorant,G,false,82,https://ecom-su-static-prod.wtrecom.com/images/products/3/LN_066576_BP_3.jpg,https://www.waitrose.com/ecom/products/sure-sensitive-roll-on-deodorant/066576-33715-33716,Sure Sensitive Roll-On Deodorant,50ml,£1.60,£3.20/100ml,,"Toiletries, Health & Beauty"
003323,Essential Sensitive Talc,G,false,83,https://ecom-su-static-prod.wtrecom.com/images/products/3/LN_003323_BP_3.jpg,https://www.waitrose.com/ecom/products/essential-sensitive-talc/003323-1277-1278,Essential Sensitive Talc,250g,£1.40,56p/100g,,"Toiletries, Health & Beauty"
756611,Sensodyne Repair & Protect Whitening,G,false,84,https://ecom-su-static-prod.wtrecom.com/images/products/3/LN_756611_BP_3.jpg,https://www.waitrose.com/ecom/products/sensodyne-repair-protect-whitening/756611-756087-756088,Sensodyne Repair & Protect Whitening,75ml,£6.30,£8.40/100ml,,"Toiletries, Health & Beauty"
824112,Nivea 3 in 1 Caring Cleansing Wipes,G,true,85,https://ecom-su-static-prod.wtrecom.com/images/products/3/LN_824112_BP_3.jpg,https://www.waitrose.com/ecom/products/nivea-3-in-1-caring-cleansing-wipes/824112-788760-788761,Nivea 3 in 1 Caring Cleansing Wipes,25s,£3.30,13.2p each,Mix & Match Add 2 for 1 Cheaper Item Free,"Toiletries, Health & Beauty"
462499,TENA Lady Extra,G,true,86,https://ecom-su-static-prod.wtrecom.com/images/products/3/LN_462499_BP_3.jpg,https://www.waitrose.com/ecom/products/tena-lady-extra/462499-406302-406303,TENA Lady Extra,10s,£2.75,27.5p each,Add 2 for £4.50,"Toiletries, Health & Beauty"
531809,Sure Men Deodorant Invisible Ice Fresh,G,false,87,https://ecom-su-static-prod.wtrecom.com/images/products/3/LN_531809_BP_3.jpg,https://www.waitrose.com/ecom/products/sure-men-deodorant-invisible-ice-fresh/531809-804570-804571,Sure Men Deodorant Invisible Ice Fresh,200ml,£3.00,£1.50/100ml,,"Toiletries, Health & Beauty"
694655,Essential 4 in 1 Cucumber Wipes,G,false,88,https://ecom-su-static-prod.wtrecom.com/images/products/3/LN_694655_BP_3.jpg,https://www.waitrose.com/ecom/products/essential-4-in-1-cucumber-wipes/694655-162578-162579,Essential 4 in 1 Cucumber Wipes,25 sheets,£1.00,40p/10 sheets,,"Toiletries, Health & Beauty"
487192,Lights By TENA Liners,G,false,89,https://ecom-su-static-prod.wtrecom.com/images/products/3/LN_487192_BP_3.jpg,https://www.waitrose.com/ecom/products/lights-by-tena-liners/487192-134505-134506,Lights By TENA Liners,24s,£2.65,11p each,,"Toiletries, Health & Beauty"
885857,TePe Interdental Brush Red Size 2,G,true,90,https://ecom-su-static-prod.wtrecom.com/images/products/3/LN_885857_BP_3.jpg,https://www.waitrose.com/ecom/products/tepe-interdental-brush-red-size-2/885857-756243-756244,TePe Interdental Brush Red Size 2,6s,£3.50,58.3p each,Add 2 for £5.50,"Toiletries, Health & Beauty"
663830,Sanex Zero% Shower Gel Sensitive,G,true,91,https://ecom-su-static-prod.wtrecom.com/images/products/3/LN_663830_BP_3.jpg,https://www.waitrose.com/ecom/products/sanex-zero-shower-gel-sensitive/663830-762064-762065,Sanex Zero% Shower Gel Sensitive,225ml,£1.50,66.7p/100ml,Save 1/3. Was £2.30,"Toiletries, Health & Beauty"
477564,Oral-B Toothpaste Pro-Expert Sensitive,G,true,92,https://ecom-su-static-prod.wtrecom.com/images/products/3/LN_477564_BP_3.jpg,https://www.waitrose.com/ecom/products/oral-b-toothpaste-pro-expert-sensitive/477564-137961-137962,Oral-B Toothpaste Pro-Expert Sensitive,75ml,£2.25,£3/100ml,Half Price. Was £4.50,"Toiletries, Health & Beauty"
536609,Carefree Cotton Pantyliners Unscented,G,true,93,https://ecom-su-static-prod.wtrecom.com/images/products/3/LN_536609_BP_3.jpg,https://www.waitrose.com/ecom/products/carefree-cotton-pantyliners-unscented/536609-422989-422990,Carefree Cotton Pantyliners Unscented,56Each,£2.35,4.2p each,Add 2 for £4,"Toiletries, Health & Beauty"
423327,Sensodyne Toothpaste Sensitivity & Gum,G,false,94,https://ecom-su-static-prod.wtrecom.com/images/products/3/LN_423327_BP_3.jpg,https://www.waitrose.com/ecom/products/sensodyne-toothpaste-sensitivity-gum/423327-688269-688270,Sensodyne Toothpaste Sensitivity & Gum,75ml,£5.80,£7.74/100ml,,"Toiletries, Health & Beauty"
487320,Kleenex Extra Large Tissues 90 sheets,G,false,95,https://ecom-su-static-prod.wtrecom.com/images/products/3/LN_487320_BP_3.jpg,https://www.waitrose.com/ecom/products/kleenex-extra-large-tissues-90-sheets/487320-804844-804845,Kleenex Extra Large Tissues 90 sheets,90 sheets,£2.00,22.2p/10 sheets,,"Toiletries, Health & Beauty"
022850,Carefree Wrapped Breathable Pantyliners,G,false,96,https://ecom-su-static-prod.wtrecom.com/images/products/3/LN_022850_BP_3.jpg,https://www.waitrose.com/ecom/products/carefree-wrapped-breathable-pantyliners/022850-11137-11138,Carefree Wrapped Breathable Pantyliners,20s,£1.00,5p each,,"Toiletries, Health & Beauty"
511137,Essential Anti-Bac Hand Gel,G,false,97,https://ecom-su-static-prod.wtrecom.com/images/products/3/LN_511137_BP_3.jpg,https://www.waitrose.com/ecom/products/essential-anti-bac-hand-gel/511137-406466-406467,Essential Anti-Bac Hand Gel,50ml,£1.00,£2/100ml,,"Toiletries, Health & Beauty"
645527,TePe Interdental Brush Blue Size 3,G,true,98,https://ecom-su-static-prod.wtrecom.com/images/products/3/LN_645527_BP_3.jpg,https://www.waitrose.com/ecom/products/tepe-interdental-brush-blue-size-3/645527-755983-755984,TePe Interdental Brush Blue Size 3,6s,£3.50,58.3p each,Add 2 for £5.50,"Toiletries, Health & Beauty"
834247,Galpharm Ibuprofen 200mg Caplets,G,false,99,https://ecom-su-static-prod.wtrecom.com/images/products/3/LN_834247_BP_3.jpg,https://www.waitrose.com/ecom/products/galpharm-ibuprofen-200mg-caplets/834247-780857-780858,Galpharm Ibuprofen 200mg Caplets,16s,65p,4.1p each,,"Toiletries, Health & Beauty"
041183,Anadin Painkiller Caplets Extra,G,false,100,https://ecom-su-static-prod.wtrecom.com/images/products/3/LN_041183_BP_3.jpg,https://www.waitrose.com/ecom/products/anadin-painkiller-caplets-extra/041183-20366-20367,Anadin Painkiller Caplets Extra,16s,£2.70,16.9p each,,"Toiletries, Health & Beauty"
646705,Sanex Moisturising Shower Gel,G,false,101,https://ecom-su-static-prod.wtrecom.com/images/products/3/LN_646705_BP_3.jpg,https://www.waitrose.com/ecom/products/sanex-moisturising-shower-gel/646705-762052-762053,Sanex Moisturising Shower Gel,450ml,£3.15,70p/100ml,,"Toiletries, Health & Beauty"
434240,Simple Soaps,G,false,102,https://ecom-su-static-prod.wtrecom.com/images/products/3/LN_434240_BP_3.jpg,https://www.waitrose.com/ecom/products/simple-soaps/434240-61107-61108,Simple Soaps,4x100g,£2.75,68.8p/100g,,"Toiletries, Health & Beauty"
810442,Pears Pure & Gentle,G,true,103,https://ecom-su-static-prod.wtrecom.com/images/products/3/LN_810442_BP_3.jpg,https://www.waitrose.com/ecom/products/pears-pure-gentle/810442-455384-455385,Pears Pure & Gentle,125g,£1.48,£1.19/100g,save 37p. Was £1.85,"Toiletries, Health & Beauty"
800563,Sensodyne Toothpaste Rapid Relief,G,true,104,https://ecom-su-static-prod.wtrecom.com/images/products/3/LN_800563_BP_3.jpg,https://www.waitrose.com/ecom/products/sensodyne-toothpaste-rapid-relief/800563-586871-586872,Sensodyne Toothpaste Rapid Relief,75ml,£3.50,£4.67/100ml,Save 1/3. Was £5.25,"Toiletries, Health & Beauty"
803826,Sanex Dermo Sensitive 24h,G,true,105,https://ecom-su-static-prod.wtrecom.com/images/products/3/LN_803826_BP_3.jpg,https://www.waitrose.com/ecom/products/sanex-dermo-sensitive-24h/803826-346820-346821,Sanex Dermo Sensitive 24h,50ml,£1.25,£2.50/100ml,save 55p. Was £1.80,"Toiletries, Health & Beauty"
884295,Colgate Total Deep Clean Toothpaste,G,true,106,https://ecom-su-static-prod.wtrecom.com/images/products/3/LN_884295_BP_3.jpg,https://www.waitrose.com/ecom/products/colgate-total-deep-clean-toothpaste/884295-793196-793197,Colgate Total Deep Clean Toothpaste,75ml,£2.50,£3.34/100ml,Half Price. Was £5.00,"Toiletries, Health & Beauty"
703648,Oral-B Toothpaste Pro-Expert Whitening,G,true,107,https://ecom-su-static-prod.wtrecom.com/images/products/3/LN_703648_BP_3.jpg,https://www.waitrose.com/ecom/products/oral-b-toothpaste-pro-expert-whitening/703648-138125-138126,Oral-B Toothpaste Pro-Expert Whitening,75ml,£2.10,£2.80/100ml,Half Price. Was £4.20,"Toiletries, Health & Beauty"
724253,Dove Original Moisturising Beauty Bar,G,false,108,https://ecom-su-static-prod.wtrecom.com/images/products/3/LN_724253_BP_3.jpg,https://www.waitrose.com/ecom/products/dove-original-moisturising-beauty-bar/724253-717599-717600,Dove Original Moisturising Beauty Bar,6 x 90g,£4.70,87p/100g,,"Toiletries, Health & Beauty"
866867,Waitrose Linen Fresh Extra Soft Tissues,G,false,109,https://ecom-su-static-prod.wtrecom.com/images/products/3/LN_866867_BP_3.jpg,https://www.waitrose.com/ecom/products/waitrose-linen-fresh-extra-soft-tissues/866867-394401-394402,Waitrose Linen Fresh Extra Soft Tissues,56 sheets,£2.00,35.7p/10 sheets,,"Toiletries, Health & Beauty"
400966,Dove Advanced Roll On Original,G,true,110,https://ecom-su-static-prod.wtrecom.com/images/products/3/LN_400966_BP_3.jpg,https://www.waitrose.com/ecom/products/dove-advanced-roll-on-original/400966-802510-802511,Dove Advanced Roll On Original,50ml,£2.10,£4.20/100ml,Save 1/3. Was £3.15,"Toiletries, Health & Beauty"
568964,TENA Lady Extra Plus,G,true,111,https://ecom-su-static-prod.wtrecom.com/images/products/3/LN_568964_BP_3.jpg,https://www.waitrose.com/ecom/products/tena-lady-extra-plus/568964-327616-327617,TENA Lady Extra Plus,8s,£2.75,34.4p each,Add 2 for £4.50,"Toiletries, Health & Beauty"
450158,Sanex Pro Hydrate Shower Gel,G,false,112,https://ecom-su-static-prod.wtrecom.com/images/products/3/LN_450158_BP_3.jpg,https://www.waitrose.com/ecom/products/sanex-pro-hydrate-shower-gel/450158-761930-761931,Sanex Pro Hydrate Shower Gel,450ml,£3.15,70p/100ml,,"Toiletries, Health & Beauty"
057520,Natracare Natural Panty Liners Curved,G,false,113,https://ecom-su-static-prod.wtrecom.com/images/products/3/LN_057520_BP_3.jpg,https://www.waitrose.com/ecom/products/natracare-natural-panty-liners-curved/057520-28931-28932,Natracare Natural Panty Liners Curved,30s,£2.15,7.2p each,,"Toiletries, Health & Beauty"
045912,Colgate Plax Cool Mint Mouthwash,G,false,114,https://ecom-su-static-prod.wtrecom.com/images/products/3/LN_045912_BP_3.jpg,https://www.waitrose.com/ecom/products/colgate-plax-cool-mint-mouthwash/045912-22609-22610,Colgate Plax Cool Mint Mouthwash,500ml,£4.20,84p/100ml,,"Toiletries, Health & Beauty"
620289,Caress Simply Soft Cotton Wool Pads,G,false,115,https://ecom-su-static-prod.wtrecom.com/images/products/3/LN_620289_BP_3.jpg,https://www.waitrose.com/ecom/products/caress-simply-soft-cotton-wool-pads/620289-527254-527255,Caress Simply Soft Cotton Wool Pads,100s,£1.85,1.9p each,,"Toiletries, Health & Beauty"
528732,Aquafresh Toothpaste Complete Care,G,false,116,https://ecom-su-static-prod.wtrecom.com/images/products/3/LN_528732_BP_3.jpg,https://www.waitrose.com/ecom/products/aquafresh-toothpaste-complete-care/528732-359064-359065,Aquafresh Toothpaste Complete Care,100ml,£2.00,£2/100ml,,"Toiletries, Health & Beauty"
616578,Arm & Hammer Advance White Pro,G,true,117,https://ecom-su-static-prod.wtrecom.com/images/products/3/LN_616578_BP_3.jpg,https://www.waitrose.com/ecom/products/arm-hammer-advance-white-pro/616578-755959-755960,Arm & Hammer Advance White Pro,75ml,£2.45,£3.27/100ml,Save 1/3. Was £3.70,"Toiletries, Health & Beauty"
796720,Sure Cotton Dry 72h Deodorant,G,true,118,https://ecom-su-static-prod.wtrecom.com/images/products/3/LN_796720_BP_3.jpg,https://www.waitrose.com/ecom/products/sure-cotton-dry-72h-deodorant/796720-780805-780806,Sure Cotton Dry 72h Deodorant,250ml,£2.85,£1.14/100ml,25% Off. Was £3.80,"Toiletries, Health & Beauty"
617874,Always Ultra Sanitary Towels Secure Night Size4 Pads,G,true,119,https://ecom-su-static-prod.wtrecom.com/images/products/3/LN_617874_BP_3.jpg,https://www.waitrose.com/ecom/products/always-ultra-sanitary-towels-secure-night-size4-pads/617874-319600-319601,Always Ultra Sanitary Towels Secure Night Size4 Pads,16s,£3.40,21.3p each,Add 2 for £6,"Toiletries, Health & Beauty"
631861,Sensodyne Toothpaste Gentle Whitening,G,false,120,https://ecom-su-static-prod.wtrecom.com/images/products/3/LN_631861_BP_3.jpg,https://www.waitrose.com/ecom/products/sensodyne-toothpaste-gentle-whitening/631861-663730-663731,Sensodyne Toothpaste Gentle Whitening,75ml,£2.65,£3.54/100ml,,"Toiletries, Health & Beauty"
711843,L'Oreal Shampoo by Elvive Colour Protect,G,false,121,https://ecom-su-static-prod.wtrecom.com/images/products/3/LN_711843_BP_3.jpg,https://www.waitrose.com/ecom/products/loreal-shampoo-by-elvive-colour-protect/711843-717497-717498,L'Oreal Shampoo by Elvive Colour Protect,400ml,£4.50,£1.13/100ml,,"Toiletries, Health & Beauty"
412070,Essential Chamomile Bar Soaps,G,false,122,https://ecom-su-static-prod.wtrecom.com/images/products/3/LN_412070_BP_3.jpg,https://www.waitrose.com/ecom/products/essential-chamomile-bar-soaps/412070-568510-568511,Essential Chamomile Bar Soaps,4s,£1.60,40p each,,"Toiletries, Health & Beauty"
887660,Head & Shoulders Classic Clean Shampoo,G,true,123,https://ecom-su-static-prod.wtrecom.com/images/products/3/LN_887660_BP_3.jpg,https://www.waitrose.com/ecom/products/head-shoulders-classic-clean-shampoo/887660-793656-793657,Head & Shoulders Classic Clean Shampoo,400ml,£3.50,87.5p/100ml,save £1.50. Was £5.00,"Toiletries, Health & Beauty"
420716,TENA Lady Discreet Mini,G,true,124,https://ecom-su-static-prod.wtrecom.com/images/products/3/LN_420716_BP_3.jpg,https://www.waitrose.com/ecom/products/tena-lady-discreet-mini/420716-568528-568529,TENA Lady Discreet Mini,20s,£2.75,13.8p each,Add 2 for £4.50,"Toiletries, Health & Beauty"
838150,Always Discreet Incontinence Pads for Women - Normal,G,false,125,https://ecom-su-static-prod.wtrecom.com/images/products/3/LN_838150_BP_3.jpg,https://www.waitrose.com/ecom/products/always-discreet-incontinence-pads-for-women-normal/838150-365953-365954,Always Discreet Incontinence Pads for Women - Normal,12s,£2.90,24.2p each,,"Toiletries, Health & Beauty"
514877,Baylis & Harding Lavender Hand Wash,G,false,126,https://ecom-su-static-prod.wtrecom.com/images/products/3/LN_514877_BP_3.jpg,https://www.waitrose.com/ecom/products/baylis-harding-lavender-hand-wash/514877-159488-159489,Baylis & Harding Lavender Hand Wash,500ml,£2.35,47p/100ml,,"Toiletries, Health & Beauty"
738066,Organix Mini Raisins Fruit Snack Boxes,G,true,127,https://ecom-su-static-prod.wtrecom.com/images/products/3/LN_738066_BP_3.jpg,https://www.waitrose.com/ecom/products/organix-mini-raisins-fruit-snack-boxes/738066-489827-489828,Organix Mini Raisins Fruit Snack Boxes,168g,£2.95,£1.76/100g,Add 2 for £5,"Toiletries, Health & Beauty"
625293,Always Discreet Incontinence Pads for Women - Long,G,false,128,https://ecom-su-static-prod.wtrecom.com/images/products/3/LN_625293_BP_3.jpg,https://www.waitrose.com/ecom/products/always-discreet-incontinence-pads-for-women-long/625293-364189-364190,Always Discreet Incontinence Pads for Women - Long,10s,£2.90,29p each,,"Toiletries, Health & Beauty"
017382,Pears Hand Wash,G,true,129,https://ecom-su-static-prod.wtrecom.com/images/products/3/LN_017382_BP_3.jpg,https://www.waitrose.com/ecom/products/pears-hand-wash/017382-8402-8403,Pears Hand Wash,250ml,£2.28,91.2p/100ml,save 57p. Was £2.85,"Toiletries, Health & Beauty"
670363,Radox Mineral Therapy Feel Relaxed Bath Soak,G,false,130,https://ecom-su-static-prod.wtrecom.com/images/products/3/LN_670363_BP_3.jpg,https://www.waitrose.com/ecom/products/radox-mineral-therapy-feel-relaxed-bath-soak/670363-719656-719657,Radox Mineral Therapy Feel Relaxed Bath Soak,500ml,£1.60,32p/100ml,,"Toiletries, Health & Beauty"
835847,Carex Original Handwash,G,true,131,https://ecom-su-static-prod.wtrecom.com/images/products/3/LN_835847_BP_3.jpg,https://www.waitrose.com/ecom/products/carex-original-handwash/835847-812822-812823,Carex Original Handwash,250ml,£1.00,£4/litre,Save 1/3. Was £1.50,"Toiletries, Health & Beauty"
926531,Dove Deeply Nourishing Advanced Care Body Wash Shower Gel,G,true,132,https://ecom-su-static-prod.wtrecom.com/images/products/3/LN_926531_BP_3.jpg,https://www.waitrose.com/ecom/products/dove-deeply-nourishing-advanced-care-body-wash-shower-gel/926531-825658-825659,Dove Deeply Nourishing Advanced Care Body Wash Shower Gel,400ml,£3.00,75p/100ml,Save 1/3. Was £4.50,"Toiletries, Health & Beauty"
584858,Panadol Extra Advance Tablets,G,false,133,https://ecom-su-static-prod.wtrecom.com/images/products/3/LN_584858_BP_3.jpg,https://www.waitrose.com/ecom/products/panadol-extra-advance-tablets/584858-131661-131662,Panadol Extra Advance Tablets,14s,£3.50,25p each,,"Toiletries, Health & Beauty"
624113,Listerine Cool Mint Milder Taste Mouthwash,G,false,134,https://ecom-su-static-prod.wtrecom.com/images/products/3/LN_624113_BP_3.jpg,https://www.waitrose.com/ecom/products/listerine-cool-mint-milder-taste-mouthwash/624113-138077-138078,Listerine Cool Mint Milder Taste Mouthwash,500ml,£3.95,£7.90/litre,,"Toiletries, Health & Beauty"
588176,Sensodyne Pronamel Enamel Repair,G,true,135,https://ecom-su-static-prod.wtrecom.com/images/products/3/LN_588176_BP_3.jpg,https://www.waitrose.com/ecom/products/sensodyne-pronamel-enamel-repair/588176-698038-698039,Sensodyne Pronamel Enamel Repair,75ml,£3.85,£5.14/100ml,Save 1/3. Was £5.80,"Toiletries, Health & Beauty"
878384,Simple Kind to Skin Nourishing Shower Cream,G,false,136,https://ecom-su-static-prod.wtrecom.com/images/products/3/LN_878384_BP_3.jpg,https://www.waitrose.com/ecom/products/simple-kind-to-skin-nourishing-shower-cream/878384-423525-423526,Simple Kind to Skin Nourishing Shower Cream,450ml,£2.30,51.1p/100ml,,"Toiletries, Health & Beauty"
740608,Sensodyne Pronamel Enamel Whitening,G,true,137,https://ecom-su-static-prod.wtrecom.com/images/products/3/LN_740608_BP_3.jpg,https://www.waitrose.com/ecom/products/sensodyne-pronamel-enamel-whitening/740608-711790-711791,Sensodyne Pronamel Enamel Whitening,75ml,£3.85,£5.14/100ml,Save 1/3. Was £5.80,"Toiletries, Health & Beauty"
734580,Essential Bubble Bath Pink Grapefruit,G,false,138,https://ecom-su-static-prod.wtrecom.com/images/products/3/LN_734580_BP_3.jpg,https://www.waitrose.com/ecom/products/essential-bubble-bath-pink-grapefruit/734580-504689-504690,Essential Bubble Bath Pink Grapefruit,750ml,£1.25,16.7p/100ml,,"Toiletries, Health & Beauty"
017948,Listerine Mouthwash Fresh Burst,G,false,139,https://ecom-su-static-prod.wtrecom.com/images/products/3/LN_017948_BP_3.jpg,https://www.waitrose.com/ecom/products/listerine-mouthwash-fresh-burst/017948-8702-8703,Listerine Mouthwash Fresh Burst,500ml,£3.95,79p/100ml,,"Toiletries, Health & Beauty"
934741,Dove Hydrate Body Wash Shower Gel,G,true,140,https://ecom-su-static-prod.wtrecom.com/images/products/3/LN_934741_BP_3.jpg,https://www.waitrose.com/ecom/products/dove-hydrate-body-wash-shower-gel/934741-825682-825683,Dove Hydrate Body Wash Shower Gel,450ml,£2.50,55.6p/100ml,save 50p. Was £3.00,"Toiletries, Health & Beauty"
066814,Oral-B Essential Floss,G,false,141,https://ecom-su-static-prod.wtrecom.com/images/products/3/LN_066814_BP_3.jpg,https://www.waitrose.com/ecom/products/oral-b-essential-floss/066814-33834-33835,Oral-B Essential Floss,1Each,£2.10,£2.10 each,,"Toiletries, Health & Beauty"
002201,Colgate Max Fresh Cool Mint Pump Toothpaste,G,true,142,https://ecom-su-static-prod.wtrecom.com/images/products/3/LN_002201_BP_3.jpg,https://www.waitrose.com/ecom/products/colgate-max-fresh-cool-mint-pump-toothpaste/002201-652-653,Colgate Max Fresh Cool Mint Pump Toothpaste,100ml,£3.00,£3/100ml,save 50p. Was £3.50,"Toiletries, Health & Beauty"
888783,Always Daily Protect Extra Long Liners Odour Lock,G,true,143,https://ecom-su-static-prod.wtrecom.com/images/products/3/LN_888783_BP_3.jpg,https://www.waitrose.com/ecom/products/always-daily-protect-extra-long-liners-odour-lock/888783-254869-254870,Always Daily Protect Extra Long Liners Odour Lock,24s,£1.75,7.3p each,save 35p. Was £2.10,"Toiletries, Health & Beauty"
415440,Essential Seamoss Bubble Bath,G,false,144,https://ecom-su-static-prod.wtrecom.com/images/products/3/LN_415440_BP_3.jpg,https://www.waitrose.com/ecom/products/essential-seamoss-bubble-bath/415440-761900-761901,Essential Seamoss Bubble Bath,750ml,£1.25,16.7p/100ml,,"Toiletries, Health & Beauty"
484035,L'Oreal Elvive Oil Nourishing Shampoo,G,false,145,https://ecom-su-static-prod.wtrecom.com/images/products/3/LN_484035_BP_3.jpg,https://www.waitrose.com/ecom/products/loreal-elvive-oil-nourishing-shampoo/484035-715885-715886,L'Oreal Elvive Oil Nourishing Shampoo,400ml,£4.50,£1.13/100ml,,"Toiletries, Health & Beauty"
019740,Ecover Hand Soap Lavender & Aloe Vera,G,true,146,https://ecom-su-static-prod.wtrecom.com/images/products/3/LN_019740_BP_3.jpg,https://www.waitrose.com/ecom/products/ecover-hand-soap-lavender-aloe-vera/019740-9613-9614,Ecover Hand Soap Lavender & Aloe Vera,250ml,£3.00,£1.20/100ml,Add 2 for £4.80,"Toiletries, Health & Beauty"
029315,Waitrose Mini Baby Large Cleansing Pads,G,false,147,https://ecom-su-static-prod.wtrecom.com/images/products/3/LN_029315_BP_3.jpg,https://www.waitrose.com/ecom/products/waitrose-mini-baby-large-cleansing-pads/029315-14311-14312,Waitrose Mini Baby Large Cleansing Pads,100s,£3.70,3.7p each,,"Toiletries, Health & Beauty"
808501,Simple Kind to Skin Cleansing Wipes,G,true,148,https://ecom-su-static-prod.wtrecom.com/images/products/3/LN_808501_BP_3.jpg,https://www.waitrose.com/ecom/products/simple-kind-to-skin-cleansing-wipes/808501-783692-783693,Simple Kind to Skin Cleansing Wipes,25 sheets,£2.43,97.2p/10 sheets,Save 1/3. Was £3.65,"Toiletries, Health & Beauty"
031007,Corsodyl Mouthwash Daily Gum Care Mint,G,false,149,https://ecom-su-static-prod.wtrecom.com/images/products/3/LN_031007_BP_3.jpg,https://www.waitrose.com/ecom/products/corsodyl-mouthwash-daily-gum-care-mint/031007-15125-15126,Corsodyl Mouthwash Daily Gum Care Mint,500ml,£5.00,£1/100ml,,"Toiletries, Health & Beauty"
410225,Baylis & Harding Oud Cedar Hand Wash,G,false,150,https://ecom-su-static-prod.wtrecom.com/images/products/3/LN_410225_BP_3.jpg,https://www.waitrose.com/ecom/products/baylis-harding-oud-cedar-hand-wash/410225-723623-723624,Baylis & Harding Oud Cedar Hand Wash,500ml,£4.20,84p/100ml,,"Toiletries, Health & Beauty"
053160,Dove Invisible Dry Cream Stick Deodorant,G,true,151,https://ecom-su-static-prod.wtrecom.com/images/products/3/LN_053160_BP_3.jpg,https://www.waitrose.com/ecom/products/dove-invisible-dry-cream-stick-deodorant/053160-26541-26542,Dove Invisible Dry Cream Stick Deodorant,40ml,£2.30,£5.75/100ml,20% Off. Was £2.90,"Toiletries, Health & Beauty"
886979,Radox Mineral Therapy Feel Refreshed Gel,G,true,152,https://ecom-su-static-prod.wtrecom.com/images/products/3/LN_886979_BP_3.jpg,https://www.waitrose.com/ecom/products/radox-mineral-therapy-feel-refreshed-gel/886979-747650-747651,Radox Mineral Therapy Feel Refreshed Gel,450ml,£1.60,35.6p/100ml,save 65p. Was £2.25,"Toiletries, Health & Beauty"
070758,Duracell Plus AA Alkaline,G,true,153,https://ecom-su-static-prod.wtrecom.com/images/products/3/LN_070758_BP_3.jpg,https://www.waitrose.com/ecom/products/duracell-plus-aa-alkaline/070758-35867-35868,Duracell Plus AA Alkaline,8s,£6.50,81.3p each,save £2.00. Was £8.50,"Toiletries, Health & Beauty"
726166,Faith in Nature Grapefruit & Orange Body Wash,G,false,154,https://ecom-su-static-prod.wtrecom.com/images/products/3/LN_726166_BP_3.jpg,https://www.waitrose.com/ecom/products/faith-in-nature-grapefruit-orange-body-wash/726166-719734-719735,Faith in Nature Grapefruit & Orange Body Wash,400ml,£6.30,£1.58/100ml,,"Toiletries, Health & Beauty"
647781,Sure Invisible Pure 72H Deodorant,G,false,155,https://ecom-su-static-prod.wtrecom.com/images/products/3/LN_647781_BP_3.jpg,https://www.waitrose.com/ecom/products/sure-invisible-pure-72h-deodorant/647781-780681-780682,Sure Invisible Pure 72H Deodorant,150ml,£2.65,£1.77/100ml,,"Toiletries, Health & Beauty"
067262,Halls Soothers Blackcurrant Lozenges,G,false,156,https://ecom-su-static-prod.wtrecom.com/images/products/3/LN_067262_BP_3.jpg,https://www.waitrose.com/ecom/products/halls-soothers-blackcurrant-lozenges/067262-34107-34108,Halls Soothers Blackcurrant Lozenges,45g,85p,£1.89/100g,,"Toiletries, Health & Beauty"
364220,Nurofen Express 200mg Ibuprofen Liquid Capsules,G,false,157,https://ecom-su-static-prod.wtrecom.com/images/products/3/LN_364220_BP_3.jpg,https://www.waitrose.com/ecom/products/nurofen-express-200mg-ibuprofen-liquid-capsules/364220-51229-51230,Nurofen Express 200mg Ibuprofen Liquid Capsules,16s,£4.60,28.8p each,,"Toiletries, Health & Beauty"
537862,Essential Cosmetic Pads,G,false,158,https://ecom-su-static-prod.wtrecom.com/images/products/3/LN_537862_BP_3.jpg,https://www.waitrose.com/ecom/products/essential-cosmetic-pads/537862-752437-752438,Essential Cosmetic Pads,3x80s,£3.70,1.5p each,,"Toiletries, Health & Beauty"
480779,Radox Mineral Therapy Feel Uplifted Gel,G,true,159,https://ecom-su-static-prod.wtrecom.com/images/products/3/LN_480779_BP_3.jpg,https://www.waitrose.com/ecom/products/radox-mineral-therapy-feel-uplifted-gel/480779-747380-747381,Radox Mineral Therapy Feel Uplifted Gel,450ml,£1.60,35.6p/100ml,save 65p. Was £2.25,"Toiletries, Health & Beauty"
081060,Clipper Organic Sleep Easy Herbal Tea Bags 20s,G,true,160,https://ecom-su-static-prod.wtrecom.com/images/products/3/LN_081060_BP_3.jpg,https://www.waitrose.com/ecom/products/clipper-organic-sleep-easy-herbal-tea-bags-20s/081060-41249-41250,Clipper Organic Sleep Easy Herbal Tea Bags 20s,40g,£1.65,£4.13/100g,save 45p. Was £2.10,"Toiletries, Health & Beauty"
094924,Right Guard Total Defence 5 Clean,G,false,161,https://ecom-su-static-prod.wtrecom.com/images/products/3/LN_094924_BP_3.jpg,https://www.waitrose.com/ecom/products/right-guard-total-defence-5-clean/094924-48677-48678,Right Guard Total Defence 5 Clean,250ml,£2.85,£1.14/100ml,,"Toiletries, Health & Beauty"
649964,Aquafresh Toothpaste Kids Little Teeth,G,true,162,https://ecom-su-static-prod.wtrecom.com/images/products/3/LN_649964_BP_3.jpg,https://www.waitrose.com/ecom/products/aquafresh-toothpaste-kids-little-teeth/649964-494908-494909,Aquafresh Toothpaste Kids Little Teeth,75ml,£2.30,£3.07/100ml,Add 2 for £3.30,"Toiletries, Health & Beauty"
615013,Sanex Hypoallergenic Shower Gel,G,false,163,https://ecom-su-static-prod.wtrecom.com/images/products/3/LN_615013_BP_3.jpg,https://www.waitrose.com/ecom/products/sanex-hypoallergenic-shower-gel/615013-762034-762035,Sanex Hypoallergenic Shower Gel,450ml,£3.15,70p/100ml,,"Toiletries, Health & Beauty"
621653,TENA Lady Maxi Night Pads,G,true,164,https://ecom-su-static-prod.wtrecom.com/images/products/3/LN_621653_BP_3.jpg,https://www.waitrose.com/ecom/products/tena-lady-maxi-night-pads/621653-134601-134602,TENA Lady Maxi Night Pads,6s,£2.75,45.8p each,Add 2 for £4.50,"Toiletries, Health & Beauty"
688564,Colgate Total Kids 7-12 Year Toothpaste,G,false,165,https://ecom-su-static-prod.wtrecom.com/images/products/3/LN_688564_BP_3.jpg,https://www.waitrose.com/ecom/products/colgate-total-kids-7-12-year-toothpaste/688564-776772-776773,Colgate Total Kids 7-12 Year Toothpaste,50ml,£2.10,£4.20/100ml,,"Toiletries, Health & Beauty"
406868,L'Oreal Elvive Extraordinary Oil Conditioner,G,false,166,https://ecom-su-static-prod.wtrecom.com/images/products/3/LN_406868_BP_3.jpg,https://www.waitrose.com/ecom/products/loreal-elvive-extraordinary-oil-conditioner/406868-793353-793354,L'Oreal Elvive Extraordinary Oil Conditioner,300ml,£4.75,£1.59/100ml,,"Toiletries, Health & Beauty"
739902,Dove Caring Bath Shea Butter,G,true,167,https://ecom-su-static-prod.wtrecom.com/images/products/3/LN_739902_BP_3.jpg,https://www.waitrose.com/ecom/products/dove-caring-bath-shea-butter/739902-812814-812815,Dove Caring Bath Shea Butter,450ml,£2.50,£5.56/litre,save 50p. Was £3.00,"Toiletries, Health & Beauty"
619427,Tepe Interdental Brush Green Size 5,G,true,168,https://ecom-su-static-prod.wtrecom.com/images/products/3/LN_619427_BP_3.jpg,https://www.waitrose.com/ecom/products/tepe-interdental-brush-green-size-5/619427-755965-755966,Tepe Interdental Brush Green Size 5,6s,£3.50,58.3p each,Add 2 for £5.50,"Toiletries, Health & Beauty"
091770,Colgate Zig Zag Medium Toothbrushes,G,false,169,https://ecom-su-static-prod.wtrecom.com/images/products/3/LN_091770_BP_3.jpg,https://www.waitrose.com/ecom/products/colgate-zig-zag-medium-toothbrushes/091770-47248-47249,Colgate Zig Zag Medium Toothbrushes,3s,£6.00,£2 each,,"Toiletries, Health & Beauty"
441974,Sani Hands Anti-Bacterial Hand Wipes,G,false,170,https://ecom-su-static-prod.wtrecom.com/images/products/3/LN_441974_BP_3.jpg,https://www.waitrose.com/ecom/products/sani-hands-anti-bacterial-hand-wipes/441974-725078-725079,Sani Hands Anti-Bacterial Hand Wipes,12 sheets,£1.55,£1.30/10 sheets,,"Toiletries, Health & Beauty"
719705,Radox Mineral Therapy Muscle Soak Bath Soak,G,false,171,https://ecom-su-static-prod.wtrecom.com/images/products/3/LN_719705_BP_3.jpg,https://www.waitrose.com/ecom/products/radox-mineral-therapy-muscle-soak-bath-soak/719705-719720-719721,Radox Mineral Therapy Muscle Soak Bath Soak,500ml,£1.60,32p/100ml,,"Toiletries, Health & Beauty"
492115,Sure Men Deodorant Active Dry,G,false,172,https://ecom-su-static-prod.wtrecom.com/images/products/3/LN_492115_BP_3.jpg,https://www.waitrose.com/ecom/products/sure-men-deodorant-active-dry/492115-804568-804569,Sure Men Deodorant Active Dry,200ml,£3.00,£1.50/100ml,,"Toiletries, Health & Beauty"
495246,Corsodyl Toothpaste Ultra Clean Daily,G,false,173,https://ecom-su-static-prod.wtrecom.com/images/products/3/LN_495246_BP_3.jpg,https://www.waitrose.com/ecom/products/corsodyl-toothpaste-ultra-clean-daily/495246-586474-586475,Corsodyl Toothpaste Ultra Clean Daily,75ml,£4.20,£5.60/100ml,,"Toiletries, Health & Beauty"
684559,Aquafresh Toothpaste Kids Big Teeth 6-8,G,true,174,https://ecom-su-static-prod.wtrecom.com/images/products/3/LN_684559_BP_3.jpg,https://www.waitrose.com/ecom/products/aquafresh-toothpaste-kids-big-teeth-6-8/684559-494942-494943,Aquafresh Toothpaste Kids Big Teeth 6-8,75ml,£2.30,£3.07/100ml,Add 2 for £3.30,"Toiletries, Health & Beauty"
507459,Simple Age Resisting Biodegradable Wipes,G,false,175,https://ecom-su-static-prod.wtrecom.com/images/products/3/LN_507459_BP_3.jpg,https://www.waitrose.com/ecom/products/simple-age-resisting-biodegradable-wipes/507459-672385-672386,Simple Age Resisting Biodegradable Wipes,20s,£4.25,21.3p each,,"Toiletries, Health & Beauty"
828581,Essential Flexi Toothbrushes,G,false,176,https://ecom-su-static-prod.wtrecom.com/images/products/3/LN_828581_BP_3.jpg,https://www.waitrose.com/ecom/products/essential-flexi-toothbrushes/828581-403355-403356,Essential Flexi Toothbrushes,2s,£1.00,50p each,,"Toiletries, Health & Beauty"
420540,Always Discreet Incontinence Pads for Women - Long Plus (Large Pack),G,true,177,https://ecom-su-static-prod.wtrecom.com/images/products/3/LN_420540_BP_3.jpg,https://www.waitrose.com/ecom/products/always-discreet-incontinence-pads-for-women-long-plus-large-pack/420540-777300-777301,Always Discreet Incontinence Pads for Women - Long Plus (Large Pack),16s,£5.15,32.2p each,Add 2 for £9,"Toiletries, Health & Beauty"
875671,Carex Original Hand Wash Refill,G,false,178,https://ecom-su-static-prod.wtrecom.com/images/products/3/LN_875671_BP_3.jpg,https://www.waitrose.com/ecom/products/carex-original-hand-wash-refill/875671-718999-719000,Carex Original Hand Wash Refill,1 litre,£3.70,37p/100ml,,"Toiletries, Health & Beauty"
824587,Oral-B Pro-Expert Mouthwash,G,true,179,https://ecom-su-static-prod.wtrecom.com/images/products/3/LN_824587_BP_3.jpg,https://www.waitrose.com/ecom/products/oral-b-pro-expert-mouthwash/824587-288607-288608,Oral-B Pro-Expert Mouthwash,500ml,£3.30,66p/100ml,Save 1/3. Was £5.00,"Toiletries, Health & Beauty"
742894,Baylis & Harding Jojoba Hand Wash,G,false,180,https://ecom-su-static-prod.wtrecom.com/images/products/3/LN_742894_BP_3.jpg,https://www.waitrose.com/ecom/products/baylis-harding-jojoba-hand-wash/742894-299451-299452,Baylis & Harding Jojoba Hand Wash,500ml,£2.35,47p/100ml,,"Toiletries, Health & Beauty"
025511,Waitrose Mini Baby Cotton Wool Balls,G,false,181,https://ecom-su-static-prod.wtrecom.com/images/products/3/LN_025511_BP_3.jpg,https://www.waitrose.com/ecom/products/waitrose-mini-baby-cotton-wool-balls/025511-12428-12429,Waitrose Mini Baby Cotton Wool Balls,80s,£1.05,1.3p each,,"Toiletries, Health & Beauty"
566273,Essential Sensitive Bath,G,false,182,https://ecom-su-static-prod.wtrecom.com/images/products/3/LN_566273_BP_3.jpg,https://www.waitrose.com/ecom/products/essential-sensitive-bath/566273-504189-504190,Essential Sensitive Bath,750ml,£1.25,16.7p/100ml,,"Toiletries, Health & Beauty"
096508,Aussie Miracle Moist Shampoo,G,true,183,https://ecom-su-static-prod.wtrecom.com/images/products/3/LN_096508_BP_3.jpg,https://www.waitrose.com/ecom/products/aussie-miracle-moist-shampoo/096508-49364-49365,Aussie Miracle Moist Shampoo,300ml,£3.00,£1/100ml,Save 1/3. Was £4.50,"Toiletries, Health & Beauty"
045915,Aussie Miracle Moist Hair Conditioner,G,true,184,https://ecom-su-static-prod.wtrecom.com/images/products/3/LN_045915_BP_3.jpg,https://www.waitrose.com/ecom/products/aussie-miracle-moist-hair-conditioner/045915-22611-22612,Aussie Miracle Moist Hair Conditioner,200ml,£3.00,£1.50/100ml,Save 1/3. Was £4.50,"Toiletries, Health & Beauty"
575981,Waitrose Vitamin C & Zinc Effervescent,G,false,185,https://ecom-su-static-prod.wtrecom.com/images/products/3/LN_575981_BP_3.jpg,https://www.waitrose.com/ecom/products/waitrose-vitamin-c-zinc-effervescent/575981-763704-763705,Waitrose Vitamin C & Zinc Effervescent,20g,£1.85,,,"Toiletries, Health & Beauty"
087427,Bodyform So Slim Panty Liners,G,false,186,https://ecom-su-static-prod.wtrecom.com/images/products/3/LN_087427_BP_3.jpg,https://www.waitrose.com/ecom/products/bodyform-so-slim-panty-liners/087427-44680-44681,Bodyform So Slim Panty Liners,30Each,£1.55,5.2p each,,"Toiletries, Health & Beauty"
478914,Dove Original Anti-Perspirant,G,true,187,https://ecom-su-static-prod.wtrecom.com/images/products/3/LN_478914_BP_3.jpg,https://www.waitrose.com/ecom/products/dove-original-anti-perspirant/478914-802527-802528,Dove Original Anti-Perspirant,200ml,£3.15,£1.58/100ml,Save 1/3. Was £4.75,"Toiletries, Health & Beauty"
857319,Simple Kind to Skin Cleansing Wipes,G,false,188,https://ecom-su-static-prod.wtrecom.com/images/products/3/LN_857319_BP_3.jpg,https://www.waitrose.com/ecom/products/simple-kind-to-skin-cleansing-wipes/857319-455855-455856,Simple Kind to Skin Cleansing Wipes,20s,£4.25,21.3p each,,"Toiletries, Health & Beauty"
704204,TENA Lady Extra Pads Duo,G,false,189,https://ecom-su-static-prod.wtrecom.com/images/products/3/LN_704204_BP_3.jpg,https://www.waitrose.com/ecom/products/tena-lady-extra-pads-duo/704204-99983-99984,TENA Lady Extra Pads Duo,20s,£4.80,24p each,,"Toiletries, Health & Beauty"
007107,Aptamil 3 Toddler Milk Ready To Drink,G,true,190,https://ecom-su-static-prod.wtrecom.com/images/products/3/LN_007107_BP_3.jpg,https://www.waitrose.com/ecom/products/aptamil-3-toddler-milk-ready-to-drink/007107-3241-3242,Aptamil 3 Toddler Milk Ready To Drink,200ml,£1.10,£5.50/litre,Add 3 for £2.50,"Toiletries, Health & Beauty"
885124,Senokot 7.5mg Senna Tablets for Constipation,G,false,191,https://ecom-su-static-prod.wtrecom.com/images/products/3/LN_885124_BP_3.jpg,https://www.waitrose.com/ecom/products/senokot-75mg-senna-tablets-for-constipation/885124-298713-298714,Senokot 7.5mg Senna Tablets for Constipation,20s,£4.00,20p each,,"Toiletries, Health & Beauty"
781605,Rock Face Antiperspirant Deodorant,G,true,192,https://ecom-su-static-prod.wtrecom.com/images/products/3/LN_781605_BP_3.jpg,https://www.waitrose.com/ecom/products/rock-face-antiperspirant-deodorant/781605-759507-759508,Rock Face Antiperspirant Deodorant,200ml,£2.30,£1.15/100ml,Save 1/3. Was £3.50,"Toiletries, Health & Beauty"
851748,Treaclemoon My Coconut Island,G,false,193,https://ecom-su-static-prod.wtrecom.com/images/products/3/LN_851748_BP_3.jpg,https://www.waitrose.com/ecom/products/treaclemoon-my-coconut-island/851748-418141-418142,Treaclemoon My Coconut Island,500ml,£2.65,53p/100ml,,"Toiletries, Health & Beauty"
728777,Always Discreet Incontinence Pads for Women - Long Plus,G,false,194,https://ecom-su-static-prod.wtrecom.com/images/products/3/LN_728777_BP_3.jpg,https://www.waitrose.com/ecom/products/always-discreet-incontinence-pads-for-women-long-plus/728777-364881-364882,Always Discreet Incontinence Pads for Women - Long Plus,8s,£2.90,36.3p each,,"Toiletries, Health & Beauty"
519159,Gaviscon Double Action Mint Indigestion Tablets,G,false,195,https://ecom-su-static-prod.wtrecom.com/images/products/3/LN_519159_BP_3.jpg,https://www.waitrose.com/ecom/products/gaviscon-double-action-mint-indigestion-tablets/519159-568786-568787,Gaviscon Double Action Mint Indigestion Tablets,48s,£12.60,26.3p each,,"Toiletries, Health & Beauty"
616633,Method Hand Wash French Lavender,G,false,196,https://ecom-su-static-prod.wtrecom.com/images/products/3/LN_616633_BP_3.jpg,https://www.waitrose.com/ecom/products/method-hand-wash-french-lavender/616633-131369-131370,Method Hand Wash French Lavender,354ml,£2.90,81.9p/100ml,,"Toiletries, Health & Beauty"
889248,Always Dailies Normal Panty Liners,G,true,197,https://ecom-su-static-prod.wtrecom.com/images/products/3/LN_889248_BP_3.jpg,https://www.waitrose.com/ecom/products/always-dailies-normal-panty-liners/889248-254871-254872,Always Dailies Normal Panty Liners,32s,£1.75,5.5p each,save 35p. Was £2.10,"Toiletries, Health & Beauty"
701301,Essential Daily Care Shampoo,G,false,198,https://ecom-su-static-prod.wtrecom.com/images/products/3/LN_701301_BP_3.jpg,https://www.waitrose.com/ecom/products/essential-daily-care-shampoo/701301-99532-99533,Essential Daily Care Shampoo,300ml,£1.75,58.3p/100ml,,"Toiletries, Health & Beauty"
806622,Dove Men+Care Clean Comfort Body & Face Wash,G,true,199,https://ecom-su-static-prod.wtrecom.com/images/products/3/LN_806622_BP_3.jpg,https://www.waitrose.com/ecom/products/dove-mencare-clean-comfort-body-face-wash/806622-683822-683823,Dove Men+Care Clean Comfort Body & Face Wash,400ml,£2.30,57.5p/100ml,Save 1/3. Was £3.50,"Toiletries, Health & Beauty"
530474,Piriteze Allergy Relief Tablets Large Pack,G,true,200,https://ecom-su-static-prod.wtrecom.com/images/products/3/LN_530474_BP_3.jpg,https://www.waitrose.com/ecom/products/piriteze-allergy-relief-tablets-large-pack/530474-410989-410990,Piriteze Allergy Relief Tablets Large Pack,30s,£8.00,26.7p each,save £3.55. Was £11.55,"Toiletries, Health & Beauty"
852542,Waitrose Mini Baby Wipes Fragranced,G,false,201,https://ecom-su-static-prod.wtrecom.com/images/products/3/LN_852542_BP_3.jpg,https://www.waitrose.com/ecom/products/waitrose-mini-baby-wipes-fragranced/852542-584196-584197,Waitrose Mini Baby Wipes Fragranced,64s,£1.00,1.6p each,,"Toiletries, Health & Beauty"
839754,Always Discreet Incontinence Liners For Sensitive Bladder - Normal,G,true,202,https://ecom-su-static-prod.wtrecom.com/images/products/3/LN_839754_BP_3.jpg,https://www.waitrose.com/ecom/products/always-discreet-incontinence-liners-for-sensitive-bladder-normal/839754-365983-365984,Always Discreet Incontinence Liners For Sensitive Bladder - Normal,24s,£2.25,9.4p each,Add 2 for £4,"Toiletries, Health & Beauty"
619245,Treaclemoon Limited Edition Shower Gel,G,false,203,https://ecom-su-static-prod.wtrecom.com/images/products/3/LN_619245_BP_3.jpg,https://www.waitrose.com/ecom/products/treaclemoon-limited-edition-shower-gel/619245-667066-667067,Treaclemoon Limited Edition Shower Gel,500ml,£2.65,53p/100ml,,"Toiletries, Health & Beauty"
447426,Mitchum Advanced 48 Hr Powder Fresh,G,false,204,https://ecom-su-static-prod.wtrecom.com/images/products/3/LN_447426_BP_3.jpg,https://www.waitrose.com/ecom/products/mitchum-advanced-48-hr-powder-fresh/447426-400644-400645,Mitchum Advanced 48 Hr Powder Fresh,200ml,£3.50,£1.75/100ml,,"Toiletries, Health & Beauty"
715639,Faith in Nature Grapefruit & Orange Hand Wash,G,true,205,https://ecom-su-static-prod.wtrecom.com/images/products/3/LN_715639_BP_3.jpg,https://www.waitrose.com/ecom/products/faith-in-nature-grapefruit-orange-hand-wash/715639-741302-741303,Faith in Nature Grapefruit & Orange Hand Wash,400ml,£3.06,76.5p/100ml,Save 1/3. Was £4.60,"Toiletries, Health & Beauty"
704631,TRESemmé Rich Moisture Shampoo,G,true,206,https://ecom-su-static-prod.wtrecom.com/images/products/3/LN_704631_BP_3.jpg,https://www.waitrose.com/ecom/products/tresemme-rich-moisture-shampoo/704631-800472-800473,TRESemmé Rich Moisture Shampoo,680ml,£2.63,38.7p/100ml,Save 1/3. Was £3.95,"Toiletries, Health & Beauty"
058280,Simple Kind to Skin Eye Make-Up Remover,G,true,207,https://ecom-su-static-prod.wtrecom.com/images/products/3/LN_058280_BP_3.jpg,https://www.waitrose.com/ecom/products/simple-kind-to-skin-eye-make-up-remover/058280-29289-29290,Simple Kind to Skin Eye Make-Up Remover,125ml,£2.10,£1.68/100ml,Save 1/3. Was £3.15,"Toiletries, Health & Beauty"
495170,Dove Invisible Care Anti-Perspirant,G,true,208,https://ecom-su-static-prod.wtrecom.com/images/products/3/LN_495170_BP_3.jpg,https://www.waitrose.com/ecom/products/dove-invisible-care-anti-perspirant/495170-802537-802538,Dove Invisible Care Anti-Perspirant,200ml,£3.15,£1.58/100ml,Save 1/3. Was £4.75,"Toiletries, Health & Beauty"
892363,Clarityn Allergy Tablets,G,true,209,https://ecom-su-static-prod.wtrecom.com/images/products/3/LN_892363_BP_3.jpg,https://www.waitrose.com/ecom/products/clarityn-allergy-tablets/892363-577358-577359,Clarityn Allergy Tablets,30s,£7.00,23.3p each,save £4.65. Was £11.65,"Toiletries, Health & Beauty"
790791,Goodness Rose & Geranium Body Wash,G,false,210,https://ecom-su-static-prod.wtrecom.com/images/products/3/LN_790791_BP_3.jpg,https://www.waitrose.com/ecom/products/goodness-rose-geranium-body-wash/790791-724054-724055,Goodness Rose & Geranium Body Wash,500ml,£4.20,84p/100ml,,"Toiletries, Health & Beauty"
515702,Waitrose Anti Viral Ultra Extra Large Tissues,G,false,211,https://ecom-su-static-prod.wtrecom.com/images/products/3/LN_515702_BP_3.jpg,https://www.waitrose.com/ecom/products/waitrose-anti-viral-ultra-extra-large-tissues/515702-757683-757684,Waitrose Anti Viral Ultra Extra Large Tissues,54 sheets,£1.60,29.6p/10 sheets,,"Toiletries, Health & Beauty"
440034,Aptamil 1 First Infant Milk Ready To Feed,G,false,212,https://ecom-su-static-prod.wtrecom.com/images/products/3/LN_440034_BP_3.jpg,https://www.waitrose.com/ecom/products/aptamil-1-first-infant-milk-ready-to-feed/440034-509182-509183,Aptamil 1 First Infant Milk Ready To Feed,4x200ml,£4.50,56.3p/100ml,,"Toiletries, Health & Beauty"
656089,L'Oréal Elvive Fibrology Shampoo,G,false,213,https://ecom-su-static-prod.wtrecom.com/images/products/3/LN_656089_BP_3.jpg,https://www.waitrose.com/ecom/products/loreal-elvive-fibrology-shampoo/656089-717101-717102,L'Oréal Elvive Fibrology Shampoo,400ml,£4.50,£1.13/100ml,,"Toiletries, Health & Beauty"
020484,Nurofen 200mg Ibuprofen Pain Relief Caplets,G,false,214,https://ecom-su-static-prod.wtrecom.com/images/products/3/LN_020484_BP_3.jpg,https://www.waitrose.com/ecom/products/nurofen-200mg-ibuprofen-pain-relief-caplets/020484-9967-9968,Nurofen 200mg Ibuprofen Pain Relief Caplets,16s,£2.30,14.4p each,,"Toiletries, Health & Beauty"
698237,Sure Men Extreme Dry 72hr Anti-Perspirant Deodorant,G,true,215,https://ecom-su-static-prod.wtrecom.com/images/products/3/LN_698237_BP_3.jpg,https://www.waitrose.com/ecom/products/sure-men-extreme-dry-72hr-anti-perspirant-deodorant/698237-773796-773797,Sure Men Extreme Dry 72hr Anti-Perspirant Deodorant,250ml,£2.85,£1.14/100ml,25% Off. Was £3.80,"Toiletries, Health & Beauty"
629108,Ecover Hand Soap Zero Sensitive,G,true,216,https://ecom-su-static-prod.wtrecom.com/images/products/3/LN_629108_BP_3.jpg,https://www.waitrose.com/ecom/products/ecover-hand-soap-zero-sensitive/629108-690278-690279,Ecover Hand Soap Zero Sensitive,250ml,£3.00,£1.20/100ml,Add 2 for £4.80,"Toiletries, Health & Beauty"
492919,Baylis & Harding Goodness Lemongrass Hand Wash,G,false,217,https://ecom-su-static-prod.wtrecom.com/images/products/3/LN_492919_BP_3.jpg,https://www.waitrose.com/ecom/products/baylis-harding-goodness-lemongrass-hand-wash/492919-723707-723708,Baylis & Harding Goodness Lemongrass Hand Wash,500ml,£4.20,84p/100ml,,"Toiletries, Health & Beauty"
518897,Panadol ActiFast Soluble Tablets,G,false,218,https://ecom-su-static-prod.wtrecom.com/images/products/3/LN_518897_BP_3.jpg,https://www.waitrose.com/ecom/products/panadol-actifast-soluble-tablets/518897-185117-185118,Panadol ActiFast Soluble Tablets,24s,£5.80,24.2p each,,"Toiletries, Health & Beauty"
805212,Oral-B Indicator Toothbrush,G,true,219,https://ecom-su-static-prod.wtrecom.com/images/products/3/LN_805212_BP_3.jpg,https://www.waitrose.com/ecom/products/oral-b-indicator-toothbrush/805212-612780-612781,Oral-B Indicator Toothbrush,Medium,£1.65,£1.65 each,Save 1/3. Was £2.50,"Toiletries, Health & Beauty"
556188,Always Discreet Incontinence Pads Plus Ultimate Night,G,true,220,https://ecom-su-static-prod.wtrecom.com/images/products/3/LN_556188_BP_3.jpg,https://www.waitrose.com/ecom/products/always-discreet-incontinence-pads-plus-ultimate-night/556188-759467-759468,Always Discreet Incontinence Pads Plus Ultimate Night,12s,£4.95,41.3p each,Add 2 for £9,"Toiletries, Health & Beauty"
616485,Dove Men +Care Deodorant Clean Comfort,G,true,221,https://ecom-su-static-prod.wtrecom.com/images/products/3/LN_616485_BP_3.jpg,https://www.waitrose.com/ecom/products/dove-men-care-deodorant-clean-comfort/616485-804578-804579,Dove Men +Care Deodorant Clean Comfort,200ml,£3.15,£1.58/100ml,Save 1/3. Was £4.75,"Toiletries, Health & Beauty"
666814,Always Dailies Extra Protect Panty Liners Long Plus,G,true,222,https://ecom-su-static-prod.wtrecom.com/images/products/3/LN_666814_BP_3.jpg,https://www.waitrose.com/ecom/products/always-dailies-extra-protect-panty-liners-long-plus/666814-569172-569173,Always Dailies Extra Protect Panty Liners Long Plus,48s,£3.55,7.4p each,Add 2 for £6,"Toiletries, Health & Beauty"
976434,Dove Silky Velvet Body Wash Shower Gel,G,true,223,https://ecom-su-static-prod.wtrecom.com/images/products/3/LN_976434_BP_3.jpg,https://www.waitrose.com/ecom/products/dove-silky-velvet-body-wash-shower-gel/976434-825750-825751,Dove Silky Velvet Body Wash Shower Gel,450ml,£2.50,55.6p/100ml,save 50p. Was £3.00,"Toiletries, Health & Beauty"
081684,Waitrose Pure Glycerin Soap,G,false,224,https://ecom-su-static-prod.wtrecom.com/images/products/3/LN_081684_BP_3.jpg,https://www.waitrose.com/ecom/products/waitrose-pure-glycerin-soap/081684-41547-41548,Waitrose Pure Glycerin Soap,100g,£1.60,£1.60/100g,,"Toiletries, Health & Beauty"
687725,Faith in Nature Wild Rose Body Wash,G,false,225,https://ecom-su-static-prod.wtrecom.com/images/products/3/LN_687725_BP_3.jpg,https://www.waitrose.com/ecom/products/faith-in-nature-wild-rose-body-wash/687725-719668-719669,Faith in Nature Wild Rose Body Wash,400ml,£6.30,£1.58/100ml,,"Toiletries, Health & Beauty"
516140,Baylis & Harding Rhubarb Hand Wash,G,false,226,https://ecom-su-static-prod.wtrecom.com/images/products/3/LN_516140_BP_3.jpg,https://www.waitrose.com/ecom/products/baylis-harding-rhubarb-hand-wash/516140-747408-747409,Baylis & Harding Rhubarb Hand Wash,500ml,£2.35,£4.70/litre,,"Toiletries, Health & Beauty"
443612,Treaclemoon One Ginger Morning,G,false,227,https://ecom-su-static-prod.wtrecom.com/images/products/3/LN_443612_BP_3.jpg,https://www.waitrose.com/ecom/products/treaclemoon-one-ginger-morning/443612-416490-416491,Treaclemoon One Ginger Morning,500ml,£2.65,53p/100ml,,"Toiletries, Health & Beauty"
486943,Head & Shoulders Classic Clean 2in1 Shampoo,G,false,228,https://ecom-su-static-prod.wtrecom.com/images/products/3/LN_486943_BP_3.jpg,https://www.waitrose.com/ecom/products/head-shoulders-classic-clean-2in1-shampoo/486943-68769-68770,Head & Shoulders Classic Clean 2in1 Shampoo,250ml,£2.65,£1.06/100ml,,"Toiletries, Health & Beauty"
029021,Fixodent Adhesive Cream,G,false,229,https://ecom-su-static-prod.wtrecom.com/images/products/3/LN_029021_BP_3.jpg,https://www.waitrose.com/ecom/products/fixodent-adhesive-cream/029021-14141-14142,Fixodent Adhesive Cream,40g,£3.15,£7.88/100g,,"Toiletries, Health & Beauty"
510133,Sanex Dermo Extra Control 48h,G,true,230,https://ecom-su-static-prod.wtrecom.com/images/products/3/LN_510133_BP_3.jpg,https://www.waitrose.com/ecom/products/sanex-dermo-extra-control-48h/510133-72122-72123,Sanex Dermo Extra Control 48h,50ml,£1.25,£2.50/100ml,save 55p. Was £1.80,"Toiletries, Health & Beauty"
023756,Always Ultra Sanitary Towel Pads Long (Size 2) with Wings,G,true,231,https://ecom-su-static-prod.wtrecom.com/images/products/3/LN_023756_BP_3.jpg,https://www.waitrose.com/ecom/products/always-ultra-sanitary-towel-pads-long-size-2-with-wings/023756-11518-11519,Always Ultra Sanitary Towel Pads Long (Size 2) with Wings,20s,£3.40,17p each,Add 2 for £6,"Toiletries, Health & Beauty"
057990,Panadol Extra Soluble Tablets,G,false,232,https://ecom-su-static-prod.wtrecom.com/images/products/3/LN_057990_BP_3.jpg,https://www.waitrose.com/ecom/products/panadol-extra-soluble-tablets/057990-29098-29099,Panadol Extra Soluble Tablets,24s,£6.00,25p each,,"Toiletries, Health & Beauty"
453467,Savlon Antiseptic Cream,G,false,233,https://ecom-su-static-prod.wtrecom.com/images/products/3/LN_453467_BP_3.jpg,https://www.waitrose.com/ecom/products/savlon-antiseptic-cream/453467-692814-692815,Savlon Antiseptic Cream,30g,£2.65,£8.84/100g,,"Toiletries, Health & Beauty"
552651,Fixodent Plus Dual Power,G,false,234,https://ecom-su-static-prod.wtrecom.com/images/products/3/LN_552651_BP_3.jpg,https://www.waitrose.com/ecom/products/fixodent-plus-dual-power/552651-460972-460973,Fixodent Plus Dual Power,40g,£4.20,£10.50/100g,,"Toiletries, Health & Beauty"
691567,Oral-B Pro Expert Deepclean Toothpaste,G,false,235,https://ecom-su-static-prod.wtrecom.com/images/products/3/LN_691567_BP_3.jpg,https://www.waitrose.com/ecom/products/oral-b-pro-expert-deepclean-toothpaste/691567-770713-770714,Oral-B Pro Expert Deepclean Toothpaste,75ml,£6.00,£8/100ml,,"Toiletries, Health & Beauty"
498840,Faith In Nature Lavender Soap,G,true,236,https://ecom-su-static-prod.wtrecom.com/images/products/3/LN_498840_BP_3.jpg,https://www.waitrose.com/ecom/products/faith-in-nature-lavender-soap/498840-719450-719451,Faith In Nature Lavender Soap,100g,£2.15,£2.15/100g,Save 1/3. Was £3.25,"Toiletries, Health & Beauty"
841118,Sanex Zero% Dry Skin Shower Gel,G,true,237,https://ecom-su-static-prod.wtrecom.com/images/products/3/LN_841118_BP_3.jpg,https://www.waitrose.com/ecom/products/sanex-zero-dry-skin-shower-gel/841118-762192-762193,Sanex Zero% Dry Skin Shower Gel,225ml,£1.50,66.7p/100ml,Save 1/3. Was £2.30,"Toiletries, Health & Beauty"
616159,Dettol Liquid Antiseptic,G,false,238,https://ecom-su-static-prod.wtrecom.com/images/products/3/LN_616159_BP_3.jpg,https://www.waitrose.com/ecom/products/dettol-liquid-antiseptic/616159-813282-813283,Dettol Liquid Antiseptic,750ml,£4.20,£5.60/litre,,"Toiletries, Health & Beauty"
635813,Gillette Series Sensitive Gel,G,true,239,https://ecom-su-static-prod.wtrecom.com/images/products/3/LN_635813_BP_3.jpg,https://www.waitrose.com/ecom/products/gillette-series-sensitive-gel/635813-90286-90287,Gillette Series Sensitive Gel,200ml,£2.00,£1/100ml,Save 1/3. Was £3.00,"Toiletries, Health & Beauty"
821844,Pears Original Body Wash,G,true,240,https://ecom-su-static-prod.wtrecom.com/images/products/3/LN_821844_BP_3.jpg,https://www.waitrose.com/ecom/products/pears-original-body-wash/821844-747596-747597,Pears Original Body Wash,250ml,£2.32,92.8p/100ml,save 58p. Was £2.90,"Toiletries, Health & Beauty"
673040,Little Soap Co. Olive Oil Soap,G,true,241,https://ecom-su-static-prod.wtrecom.com/images/products/3/LN_673040_BP_3.jpg,https://www.waitrose.com/ecom/products/little-soap-co-olive-oil-soap/673040-454519-454520,Little Soap Co. Olive Oil Soap,100g,£2.95,£2.95/100g,20% Off. Was £3.70,"Toiletries, Health & Beauty"
407715,Herbal Essences Dazzling Shine,G,false,242,https://ecom-su-static-prod.wtrecom.com/images/products/3/LN_407715_BP_3.jpg,https://www.waitrose.com/ecom/products/herbal-essences-dazzling-shine/407715-793355-793356,Herbal Essences Dazzling Shine,400ml,£3.00,75p/100ml,,"Toiletries, Health & Beauty"
865734,OGX Argan Oil of Morocco Shampoo,G,true,243,https://ecom-su-static-prod.wtrecom.com/images/products/3/LN_865734_BP_3.jpg,https://www.waitrose.com/ecom/products/ogx-argan-oil-of-morocco-shampoo/865734-216867-216868,OGX Argan Oil of Morocco Shampoo,385ml,£4.20,£1.10/100ml,Half Price. Was £8.40,"Toiletries, Health & Beauty"
708934,TePe Interdental Brush Pink Size 0,G,true,244,https://ecom-su-static-prod.wtrecom.com/images/products/3/LN_708934_BP_3.jpg,https://www.waitrose.com/ecom/products/tepe-interdental-brush-pink-size-0/708934-756033-756034,TePe Interdental Brush Pink Size 0,6s,£3.50,58.3p each,Add 2 for £5.50,"Toiletries, Health & Beauty"
052231,Organix Gingerbread Men Toddler Snacks,G,false,245,https://ecom-su-static-prod.wtrecom.com/images/products/3/LN_052231_BP_3.jpg,https://www.waitrose.com/ecom/products/organix-gingerbread-men-toddler-snacks/052231-26033-26034,Organix Gingerbread Men Toddler Snacks,135g,£2.65,£1.97/100g,,"Toiletries, Health & Beauty"
678239,Always Dailies Extra Protect Panty Liners Large,G,true,246,https://ecom-su-static-prod.wtrecom.com/images/products/3/LN_678239_BP_3.jpg,https://www.waitrose.com/ecom/products/always-dailies-extra-protect-panty-liners-large/678239-96333-96334,Always Dailies Extra Protect Panty Liners Large,58Each,£3.55,6.1p each,Add 2 for £6,"Toiletries, Health & Beauty"
827720,Lynx XXL Africa Shower Gel,G,false,247,https://ecom-su-static-prod.wtrecom.com/images/products/3/LN_827720_BP_3.jpg,https://www.waitrose.com/ecom/products/lynx-xxl-africa-shower-gel/827720-714548-714549,Lynx XXL Africa Shower Gel,500ml,£2.90,58p/100ml,,"Toiletries, Health & Beauty"
066334,Elnett Normal Hold Hairspray,G,false,248,https://ecom-su-static-prod.wtrecom.com/images/products/3/LN_066334_BP_3.jpg,https://www.waitrose.com/ecom/products/elnett-normal-hold-hairspray/066334-33594-33595,Elnett Normal Hold Hairspray,200ml,£5.00,£2.50/100ml,,"Toiletries, Health & Beauty"
571735,Wrights Traditional Soap,G,false,249,https://ecom-su-static-prod.wtrecom.com/images/products/3/LN_571735_BP_3.jpg,https://www.waitrose.com/ecom/products/wrights-traditional-soap/571735-80988-80989,Wrights Traditional Soap,100g,85p,85p/100g,,"Toiletries, Health & Beauty"
464108,Imodium Instants,G,false,250,https://ecom-su-static-prod.wtrecom.com/images/products/3/LN_464108_BP_3.jpg,https://www.waitrose.com/ecom/products/imodium-instants/464108-522235-522236,Imodium Instants,12s,£9.10,75.8p each,,"Toiletries, Health & Beauty"
083149,Simple Kind to Skin Moisturising Facial Wash,G,true,251,https://ecom-su-static-prod.wtrecom.com/images/products/3/LN_083149_BP_3.jpg,https://www.waitrose.com/ecom/products/simple-kind-to-skin-moisturising-facial-wash/083149-42249-42250,Simple Kind to Skin Moisturising Facial Wash,150ml,£2.46,£1.64/100ml,Save 1/3. Was £3.70,"Toiletries, Health & Beauty"
073659,Lockets Honey & Lemon,G,false,252,https://ecom-su-static-prod.wtrecom.com/images/products/3/LN_073659_BP_3.jpg,https://www.waitrose.com/ecom/products/lockets-honey-lemon/073659-37366-37367,Lockets Honey & Lemon,41g,85p,£2.08/100g,,"Toiletries, Health & Beauty"
007385,Rennie Peppermint,G,false,253,https://ecom-su-static-prod.wtrecom.com/images/products/3/LN_007385_BP_3.jpg,https://www.waitrose.com/ecom/products/rennie-peppermint/007385-3481-3482,Rennie Peppermint,72s,£6.65,9.2p each,,"Toiletries, Health & Beauty"
011184,Waitrose Mini Baby Cotton Buds,G,false,254,https://ecom-su-static-prod.wtrecom.com/images/products/3/LN_011184_BP_3.jpg,https://www.waitrose.com/ecom/products/waitrose-mini-baby-cotton-buds/011184-5562-5563,Waitrose Mini Baby Cotton Buds,200s,75p,0.4p each,,"Toiletries, Health & Beauty"
875164,Faith in Nature Lavender Hand Wash,G,true,255,https://ecom-su-static-prod.wtrecom.com/images/products/3/LN_875164_BP_3.jpg,https://www.waitrose.com/ecom/products/faith-in-nature-lavender-hand-wash/875164-741526-741527,Faith in Nature Lavender Hand Wash,400ml,£3.06,76.5p/100ml,Save 1/3. Was £4.60,"Toiletries, Health & Beauty"
822249,Colgate Total Active Fresh Toothpaste,G,false,256,https://ecom-su-static-prod.wtrecom.com/images/products/3/LN_822249_BP_3.jpg,https://www.waitrose.com/ecom/products/colgate-total-active-fresh-toothpaste/822249-793606-793607,Colgate Total Active Fresh Toothpaste,125ml,£5.00,£4/100ml,,"Toiletries, Health & Beauty"
827073,Always Ultra Sanitary Towels Secure Night Extra Size5,G,true,257,https://ecom-su-static-prod.wtrecom.com/images/products/3/LN_827073_BP_3.jpg,https://www.waitrose.com/ecom/products/always-ultra-sanitary-towels-secure-night-extra-size5/827073-759519-759520,Always Ultra Sanitary Towels Secure Night Extra Size5,14s,£3.40,24.3p each,Add 2 for £6,"Toiletries, Health & Beauty"
799622,Essential Aspirin,G,false,258,https://ecom-su-static-prod.wtrecom.com/images/products/3/LN_799622_BP_3.jpg,https://www.waitrose.com/ecom/products/essential-aspirin/799622-274931-274932,Essential Aspirin,16s,55p,3.4p each,,"Toiletries, Health & Beauty"
716729,Twinings Superblends Sleep Camomile Tea Bags 20,G,false,259,https://ecom-su-static-prod.wtrecom.com/images/products/3/LN_716729_BP_3.jpg,https://www.waitrose.com/ecom/products/twinings-superblends-sleep-camomile-tea-bags-20/716729-648172-648173,Twinings Superblends Sleep Camomile Tea Bags 20,30g,£3.70,£12.34/100g,,"Toiletries, Health & Beauty"
053483,Femfresh Daily Intimate Wash,G,true,260,https://ecom-su-static-prod.wtrecom.com/images/products/3/LN_053483_BP_3.jpg,https://www.waitrose.com/ecom/products/femfresh-daily-intimate-wash/053483-26771-26772,Femfresh Daily Intimate Wash,250ml,£2.25,90p/100ml,save 65p. Was £2.90,"Toiletries, Health & Beauty"
370942,Always Dailies Normal Fresh & Protect Panty Liners,G,true,261,https://ecom-su-static-prod.wtrecom.com/images/products/3/LN_370942_BP_3.jpg,https://www.waitrose.com/ecom/products/always-dailies-normal-fresh-protect-panty-liners/370942-52142-52143,Always Dailies Normal Fresh & Protect Panty Liners,68Each,£3.55,,Add 2 for £6,"Toiletries, Health & Beauty"
574303,Nivea Pearl & Beauty Roll-On,G,true,262,https://ecom-su-static-prod.wtrecom.com/images/products/3/LN_574303_BP_3.jpg,https://www.waitrose.com/ecom/products/nivea-pearl-beauty-roll-on/574303-729700-729701,Nivea Pearl & Beauty Roll-On,50ml,£1.30,£2.60/100ml,Save 1/3. Was £2.00,"Toiletries, Health & Beauty"
427096,Vitabiotics Ultra Vitamin D Tablets,G,false,263,https://ecom-su-static-prod.wtrecom.com/images/products/3/LN_427096_BP_3.jpg,https://www.waitrose.com/ecom/products/vitabiotics-ultra-vitamin-d-tablets/427096-60111-60112,Vitabiotics Ultra Vitamin D Tablets,96s,£5.25,5.5p each,,"Toiletries, Health & Beauty"
805902,Oral-B Gum & Calm Orginal Toothpaste,G,false,264,https://ecom-su-static-prod.wtrecom.com/images/products/3/LN_805902_BP_3.jpg,https://www.waitrose.com/ecom/products/oral-b-gum-calm-orginal-toothpaste/805902-746479-746480,Oral-B Gum & Calm Orginal Toothpaste,75ml,£5.00,£6.67/100ml,,"Toiletries, Health & Beauty"
075024,Waitrose Mini Cotton Wool Pleat,G,false,265,https://ecom-su-static-prod.wtrecom.com/images/products/3/LN_075024_BP_3.jpg,https://www.waitrose.com/ecom/products/waitrose-mini-cotton-wool-pleat/075024-38044-38045,Waitrose Mini Cotton Wool Pleat,200g,£1.40,70p/100g,,"Toiletries, Health & Beauty"
887537,TENA Lady Pants Plus L,G,true,266,https://ecom-su-static-prod.wtrecom.com/images/products/3/LN_887537_BP_3.jpg,https://www.waitrose.com/ecom/products/tena-lady-pants-plus-l/887537-653231-653232,TENA Lady Pants Plus L,8s,£7.00,87.5p each,save £1.50. Was £8.50,"Toiletries, Health & Beauty"
052281,Bodyform Night Towels Wings 8s,G,false,267,https://ecom-su-static-prod.wtrecom.com/images/products/3/LN_052281_BP_3.jpg,https://www.waitrose.com/ecom/products/bodyform-night-towels-wings-8s/052281-26065-26066,Bodyform Night Towels Wings 8s,8s,£1.85,23.1p each,,"Toiletries, Health & Beauty"
784506,Gillette Gel Sensitive Skin,G,false,268,https://ecom-su-static-prod.wtrecom.com/images/products/3/LN_784506_BP_3.jpg,https://www.waitrose.com/ecom/products/gillette-gel-sensitive-skin/784506-111637-111638,Gillette Gel Sensitive Skin,200ml,£2.35,£1.18/100ml,,"Toiletries, Health & Beauty"
642850,Method Hand Wash Botanical Garden,G,false,269,https://ecom-su-static-prod.wtrecom.com/images/products/3/LN_642850_BP_3.jpg,https://www.waitrose.com/ecom/products/method-hand-wash-botanical-garden/642850-334095-334096,Method Hand Wash Botanical Garden,354ml,£2.90,81.9p/100ml,,"Toiletries, Health & Beauty"
422633,Dulcolax Adult Constipation Relief Laxative Tablets,G,false,270,https://ecom-su-static-prod.wtrecom.com/images/products/3/LN_422633_BP_3.jpg,https://www.waitrose.com/ecom/products/dulcolax-adult-constipation-relief-laxative-tablets/422633-730612-730613,Dulcolax Adult Constipation Relief Laxative Tablets,20s,£3.40,17p each,,"Toiletries, Health & Beauty"
411274,Dove Fine Silk Hand Wash Refill,G,true,271,https://ecom-su-static-prod.wtrecom.com/images/products/3/LN_411274_BP_3.jpg,https://www.waitrose.com/ecom/products/dove-fine-silk-hand-wash-refill/411274-769050-769051,Dove Fine Silk Hand Wash Refill,500ml,£2.10,42p/100ml,Save 1/3. Was £3.15,"Toiletries, Health & Beauty"
634876,TRESemmé Rich Moisture Conditioner,G,true,272,https://ecom-su-static-prod.wtrecom.com/images/products/3/LN_634876_BP_3.jpg,https://www.waitrose.com/ecom/products/tresemme-rich-moisture-conditioner/634876-800320-800321,TRESemmé Rich Moisture Conditioner,680ml,£2.63,38.7p/100ml,Save 1/3. Was £3.95,"Toiletries, Health & Beauty"
787880,Colgate Total Original Toothpaste,G,false,273,https://ecom-su-static-prod.wtrecom.com/images/products/3/LN_787880_BP_3.jpg,https://www.waitrose.com/ecom/products/colgate-total-original-toothpaste/787880-822233-822234,Colgate Total Original Toothpaste,75ml,£2.00,£2.67/100ml,,"Toiletries, Health & Beauty"
735242,"Goodness Oud, Cedar Amber Body Wash",G,false,274,https://ecom-su-static-prod.wtrecom.com/images/products/3/LN_735242_BP_3.jpg,https://www.waitrose.com/ecom/products/goodness-oud-cedar-amber-body-wash/735242-723998-723999,"Goodness Oud, Cedar Amber Body Wash",500ml,£4.20,84p/100ml,,"Toiletries, Health & Beauty"
868671,Aveeno Daily Moisturising Lotion,G,false,275,https://ecom-su-static-prod.wtrecom.com/images/products/3/LN_868671_BP_3.jpg,https://www.waitrose.com/ecom/products/aveeno-daily-moisturising-lotion/868671-407905-407906,Aveeno Daily Moisturising Lotion,300ml,£8.95,£2.99/100ml,,"Toiletries, Health & Beauty"
794231,Method Foaming Hand Wash Green Tea+Aloe,G,false,276,https://ecom-su-static-prod.wtrecom.com/images/products/3/LN_794231_BP_3.jpg,https://www.waitrose.com/ecom/products/method-foaming-hand-wash-green-teaaloe/794231-162638-162639,Method Foaming Hand Wash Green Tea+Aloe,300ml,£3.40,£1.14/100ml,,"Toiletries, Health & Beauty"
733368,Sensodyne Toothbrush Daily Care Soft,G,false,277,https://ecom-su-static-prod.wtrecom.com/images/products/3/LN_733368_BP_3.jpg,https://www.waitrose.com/ecom/products/sensodyne-toothbrush-daily-care-soft/733368-727555-727556,Sensodyne Toothbrush Daily Care Soft,Each,£3.15,£3.15 each,,"Toiletries, Health & Beauty"
599387,Pears Body Wash Lemon Flower,G,true,278,https://ecom-su-static-prod.wtrecom.com/images/products/3/LN_599387_BP_3.jpg,https://www.waitrose.com/ecom/products/pears-body-wash-lemon-flower/599387-667032-667033,Pears Body Wash Lemon Flower,250ml,£2.32,92.8p/100ml,save 58p. Was £2.90,"Toiletries, Health & Beauty"
856211,Radox Mineral Therapy Shower Cream,G,true,279,https://ecom-su-static-prod.wtrecom.com/images/products/3/LN_856211_BP_3.jpg,https://www.waitrose.com/ecom/products/radox-mineral-therapy-shower-cream/856211-747620-747621,Radox Mineral Therapy Shower Cream,450ml,£1.60,35.6p/100ml,save 65p. Was £2.25,"Toiletries, Health & Beauty"
364407,Simple Kind to Skin Eye Make-Up Remover Pads,G,true,280,https://ecom-su-static-prod.wtrecom.com/images/products/3/LN_364407_BP_3.jpg,https://www.waitrose.com/ecom/products/simple-kind-to-skin-eye-make-up-remover-pads/364407-51261-51262,Simple Kind to Skin Eye Make-Up Remover Pads,30s,£2.80,9.3p each,Save 1/3. Was £4.20,"Toiletries, Health & Beauty"
800393,INEOS 2in1 Washing Up Liquid Sea Minerals + Wild Jasmine,G,true,281,https://ecom-su-static-prod.wtrecom.com/images/products/3/LN_800393_BP_3.jpg,https://www.waitrose.com/ecom/products/ineos-2in1-washing-up-liquid-sea-minerals-wild-jasmine/800393-825894-825895,INEOS 2in1 Washing Up Liquid Sea Minerals + Wild Jasmine,500ml,£1.50,£3/litre,Half Price. Was £3.00,"Toiletries, Health & Beauty"
798554,Flowflex Covid-19 Rapid Self Test,G,false,282,https://ecom-su-static-prod.wtrecom.com/images/products/3/LN_798554_BP_3.jpg,https://www.waitrose.com/ecom/products/flowflex-covid-19-rapid-self-test/798554-788728-788729,Flowflex Covid-19 Rapid Self Test,Each,£2.10,£2.10 each,,"Toiletries, Health & Beauty"
582930,TePe EasyPick XS/S,G,false,283,https://ecom-su-static-prod.wtrecom.com/images/products/3/LN_582930_BP_3.jpg,https://www.waitrose.com/ecom/products/tepe-easypick-xs-s/582930-658299-658300,TePe EasyPick XS/S,36s,£4.35,12.1p each,,"Toiletries, Health & Beauty"
897030,Waitrose Coconut & Sandalwood Soap,G,false,284,https://ecom-su-static-prod.wtrecom.com/images/products/3/LN_897030_BP_3.jpg,https://www.waitrose.com/ecom/products/waitrose-coconut-sandalwood-soap/897030-769306-769307,Waitrose Coconut & Sandalwood Soap,100g,£1.60,£1.60/100g,,"Toiletries, Health & Beauty"
895726,Oral B Complete Rinse Arctic Fresh,G,false,285,https://ecom-su-static-prod.wtrecom.com/images/products/3/LN_895726_BP_3.jpg,https://www.waitrose.com/ecom/products/oral-b-complete-rinse-arctic-fresh/895726-809090-809091,Oral B Complete Rinse Arctic Fresh,250ml,£1.50,60p/100ml,,"Toiletries, Health & Beauty"
535125,Sudocrem Antiseptic Healing Cream,G,false,286,https://ecom-su-static-prod.wtrecom.com/images/products/3/LN_535125_BP_3.jpg,https://www.waitrose.com/ecom/products/sudocrem-antiseptic-healing-cream/535125-75659-75660,Sudocrem Antiseptic Healing Cream,125g,£5.50,£4.40/100g,,"Toiletries, Health & Beauty"
671489,Halls Sugar Free Mentholyptus Original Lozenges,G,false,287,https://ecom-su-static-prod.wtrecom.com/images/products/3/LN_671489_BP_3.jpg,https://www.waitrose.com/ecom/products/halls-sugar-free-mentholyptus-original-lozenges/671489-375133-375134,Halls Sugar Free Mentholyptus Original Lozenges,32g,85p,£2.66/100g,,"Toiletries, Health & Beauty"
837282,Jakemans Throat & Chest,G,false,288,https://ecom-su-static-prod.wtrecom.com/images/products/3/LN_837282_BP_3.jpg,https://www.waitrose.com/ecom/products/jakemans-throat-chest/837282-788774-788775,Jakemans Throat & Chest,160g,£2.20,£1.38/100g,,"Toiletries, Health & Beauty"
757693,Gillette Foam Sensitive Skin,G,false,289,https://ecom-su-static-prod.wtrecom.com/images/products/3/LN_757693_BP_3.jpg,https://www.waitrose.com/ecom/products/gillette-foam-sensitive-skin/757693-107783-107784,Gillette Foam Sensitive Skin,200ml,£2.25,£1.13/100ml,,"Toiletries, Health & Beauty"
511677,Mitchum 48Hr Roll On Shower Fresh,G,false,290,https://ecom-su-static-prod.wtrecom.com/images/products/3/LN_511677_BP_3.jpg,https://www.waitrose.com/ecom/products/mitchum-48hr-roll-on-shower-fresh/511677-72322-72323,Mitchum 48Hr Roll On Shower Fresh,100ml,£3.50,£3.50/100ml,,"Toiletries, Health & Beauty"
882134,Colgate Max White Purple Reveal Toothpaste,G,false,291,https://ecom-su-static-prod.wtrecom.com/images/products/3/LN_882134_BP_3.jpg,https://www.waitrose.com/ecom/products/colgate-max-white-purple-reveal-toothpaste/882134-815033-815034,Colgate Max White Purple Reveal Toothpaste,75ml,£6.00,£8/100ml,,"Toiletries, Health & Beauty"
871934,Sure Men Original Dry Roll-On Deodorant,G,false,292,https://ecom-su-static-prod.wtrecom.com/images/products/3/LN_871934_BP_3.jpg,https://www.waitrose.com/ecom/products/sure-men-original-dry-roll-on-deodorant/871934-683890-683891,Sure Men Original Dry Roll-On Deodorant,50ml,£1.60,£3.20/100ml,,"Toiletries, Health & Beauty"
893633,Oral-B 3D White Arctic Fresh Toothpaste,G,true,293,https://ecom-su-static-prod.wtrecom.com/images/products/3/LN_893633_BP_3.jpg,https://www.waitrose.com/ecom/products/oral-b-3d-white-arctic-fresh-toothpaste/893633-587086-587087,Oral-B 3D White Arctic Fresh Toothpaste,75ml,£2.50,£3.34/100ml,Half Price. Was £5.00,"Toiletries, Health & Beauty"
544805,Lights By TENA Light Liners,G,false,294,https://ecom-su-static-prod.wtrecom.com/images/products/3/LN_544805_BP_3.jpg,https://www.waitrose.com/ecom/products/lights-by-tena-light-liners/544805-134539-134540,Lights By TENA Light Liners,28s,£2.65,9.5p each,,"Toiletries, Health & Beauty"
728963,Pantene Classic Clean Shampoo,G,false,295,https://ecom-su-static-prod.wtrecom.com/images/products/3/LN_728963_BP_3.jpg,https://www.waitrose.com/ecom/products/pantene-classic-clean-shampoo/728963-793538-793539,Pantene Classic Clean Shampoo,500ml,£4.75,95p/100ml,,"Toiletries, Health & Beauty"
464815,Batiste Original Dry Shampoo,G,false,296,https://ecom-su-static-prod.wtrecom.com/images/products/3/LN_464815_BP_3.jpg,https://www.waitrose.com/ecom/products/batiste-original-dry-shampoo/464815-154487-154488,Batiste Original Dry Shampoo,200ml,£3.35,£1.68/100ml,,"Toiletries, Health & Beauty"
092091,Johnson's Baby Shampoo,G,true,297,https://ecom-su-static-prod.wtrecom.com/images/products/3/LN_092091_BP_3.jpg,https://www.waitrose.com/ecom/products/johnsons-baby-shampoo/092091-47400-47401,Johnson's Baby Shampoo,500ml,£2.36,47.2p/100ml,25% Off. Was £3.15,"Toiletries, Health & Beauty"
668833,Essential Diarrhoea Capsules,G,false,298,https://ecom-su-static-prod.wtrecom.com/images/products/3/LN_668833_BP_3.jpg,https://www.waitrose.com/ecom/products/essential-diarrhoea-capsules/668833-274869-274870,Essential Diarrhoea Capsules,6s,£1.75,29.2p each,,"Toiletries, Health & Beauty"
608022,Treacle Moon Brazilian Love,G,false,299,https://ecom-su-static-prod.wtrecom.com/images/products/3/LN_608022_BP_3.jpg,https://www.waitrose.com/ecom/products/treacle-moon-brazilian-love/608022-667050-667051,Treacle Moon Brazilian Love,500ml,£2.65,53p/100ml,,"Toiletries, Health & Beauty"
067590,Halls Mentholyptus Extra Strong Lozenges,G,false,300,https://ecom-su-static-prod.wtrecom.com/images/products/3/LN_067590_BP_3.jpg,https://www.waitrose.com/ecom/products/halls-mentholyptus-extra-strong-lozenges/067590-34307-34308,Halls Mentholyptus Extra Strong Lozenges,33.5g,85p,£2.54/100g,,"Toiletries, Health & Beauty"
077431,Always Ultra Pads Normal Size1 Wings 26,G,true,301,https://ecom-su-static-prod.wtrecom.com/images/products/3/LN_077431_BP_3.jpg,https://www.waitrose.com/ecom/products/always-ultra-pads-normal-size1-wings-26/077431-39386-39387,Always Ultra Pads Normal Size1 Wings 26,26s,£3.40,13.1p each,Add 2 for £6,"Toiletries, Health & Beauty"
882260,Clipper Organic Sleep Time Chamomile & Lavender 20 Tea Bags,G,true,302,https://ecom-su-static-prod.wtrecom.com/images/products/3/LN_882260_BP_3.jpg,https://www.waitrose.com/ecom/products/clipper-organic-sleep-time-chamomile-lavender-20-tea-bags/882260-443106-443107,Clipper Organic Sleep Time Chamomile & Lavender 20 Tea Bags,30g,£2.00,£6.67/100g,save 65p. Was £2.65,"Toiletries, Health & Beauty"
514924,Method Pink Grapefruit Hand Wash,G,false,303,https://ecom-su-static-prod.wtrecom.com/images/products/3/LN_514924_BP_3.jpg,https://www.waitrose.com/ecom/products/method-pink-grapefruit-hand-wash/514924-747406-747407,Method Pink Grapefruit Hand Wash,354ml,£3.00,84.7p/100ml,,"Toiletries, Health & Beauty"
823975,Always Ultra Sanitary Towels Day & Night Size3 Pads,G,true,304,https://ecom-su-static-prod.wtrecom.com/images/products/3/LN_823975_BP_3.jpg,https://www.waitrose.com/ecom/products/always-ultra-sanitary-towels-day-night-size3-pads/823975-407658-407659,Always Ultra Sanitary Towels Day & Night Size3 Pads,18s,£3.40,18.9p each,Add 2 for £6,"Toiletries, Health & Beauty"
975342,Dove Nourishing Silk Advanced Care Body Wash Shower Gel,G,true,305,https://ecom-su-static-prod.wtrecom.com/images/products/3/LN_975342_BP_3.jpg,https://www.waitrose.com/ecom/products/dove-nourishing-silk-advanced-care-body-wash-shower-gel/975342-825746-825747,Dove Nourishing Silk Advanced Care Body Wash Shower Gel,400ml,£3.00,75p/100ml,Save 1/3. Was £4.50,"Toiletries, Health & Beauty"
826752,OGX Argan Oil of Morocco Conditioner,G,true,306,https://ecom-su-static-prod.wtrecom.com/images/products/3/LN_826752_BP_3.jpg,https://www.waitrose.com/ecom/products/ogx-argan-oil-of-morocco-conditioner/826752-216823-216824,OGX Argan Oil of Morocco Conditioner,385ml,£4.20,£1.10/100ml,Half Price. Was £8.40,"Toiletries, Health & Beauty"
879125,Aussie Miracle Moist Conditioner,G,false,307,https://ecom-su-static-prod.wtrecom.com/images/products/3/LN_879125_BP_3.jpg,https://www.waitrose.com/ecom/products/aussie-miracle-moist-conditioner/879125-154979-154980,Aussie Miracle Moist Conditioner,350ml,£6.00,£1.72/100ml,,"Toiletries, Health & Beauty"
526429,INEOS 2in1 Washing Up Liquid Pink Grapefruit + Tangelo,G,true,308,https://ecom-su-static-prod.wtrecom.com/images/products/3/LN_526429_BP_3.jpg,https://www.waitrose.com/ecom/products/ineos-2in1-washing-up-liquid-pink-grapefruit-tangelo/526429-825822-825823,INEOS 2in1 Washing Up Liquid Pink Grapefruit + Tangelo,500ml,£1.50,£3/litre,Half Price. Was £3.00,"Toiletries, Health & Beauty"
489648,Neutrogena Deep Moisture Body Lotion,G,true,309,https://ecom-su-static-prod.wtrecom.com/images/products/3/LN_489648_BP_3.jpg,https://www.waitrose.com/ecom/products/neutrogena-deep-moisture-body-lotion/489648-707402-707403,Neutrogena Deep Moisture Body Lotion,400ml,£3.50,87.5p/100ml,Save 1/3. Was £5.25,"Toiletries, Health & Beauty"
422258,Essential Fabric Plasters,G,false,310,https://ecom-su-static-prod.wtrecom.com/images/products/3/LN_422258_BP_3.jpg,https://www.waitrose.com/ecom/products/essential-fabric-plasters/422258-311114-311115,Essential Fabric Plasters,40s,£1.50,3.8p each,,"Toiletries, Health & Beauty"
612080,Gillette Disposables Simply Venus,G,false,311,https://ecom-su-static-prod.wtrecom.com/images/products/3/LN_612080_BP_3.jpg,https://www.waitrose.com/ecom/products/gillette-disposables-simply-venus/612080-327854-327855,Gillette Disposables Simply Venus,4s,£2.00,50p each,,"Toiletries, Health & Beauty"
742840,Gaviscon Double Action Mint Indigestion Tablets,G,false,312,https://ecom-su-static-prod.wtrecom.com/images/products/3/LN_742840_BP_3.jpg,https://www.waitrose.com/ecom/products/gaviscon-double-action-mint-indigestion-tablets/742840-569342-569343,Gaviscon Double Action Mint Indigestion Tablets,24s,£7.00,29.2p each,,"Toiletries, Health & Beauty"
878583,Essential 2-In-1 Shampoo Conditioner,G,false,313,https://ecom-su-static-prod.wtrecom.com/images/products/3/LN_878583_BP_3.jpg,https://www.waitrose.com/ecom/products/essential-2-in-1-shampoo-conditioner/878583-769916-769917,Essential 2-In-1 Shampoo Conditioner,300ml,£1.75,58.3p/100ml,,"Toiletries, Health & Beauty"
872041,Sure Women Deodorant Invisible Pure,G,false,314,https://ecom-su-static-prod.wtrecom.com/images/products/3/LN_872041_BP_3.jpg,https://www.waitrose.com/ecom/products/sure-women-deodorant-invisible-pure/872041-802660-802661,Sure Women Deodorant Invisible Pure,200ml,£3.00,£1.50/100ml,,"Toiletries, Health & Beauty"
409684,Sanex Zero% Normal Skin Bath Foam,G,false,315,https://ecom-su-static-prod.wtrecom.com/images/products/3/LN_409684_BP_3.jpg,https://www.waitrose.com/ecom/products/sanex-zero-normal-skin-bath-foam/409684-761898-761899,Sanex Zero% Normal Skin Bath Foam,450ml,£3.15,70p/100ml,,"Toiletries, Health & Beauty"
850323,TENA Lady Pants Plus M,G,true,316,https://ecom-su-static-prod.wtrecom.com/images/products/3/LN_850323_BP_3.jpg,https://www.waitrose.com/ecom/products/tena-lady-pants-plus-m/850323-670697-670698,TENA Lady Pants Plus M,9s,£7.00,77.8p each,save £1.50. Was £8.50,"Toiletries, Health & Beauty"
005361,Right Guard Total Defence Fresh,G,false,317,https://ecom-su-static-prod.wtrecom.com/images/products/3/LN_005361_BP_3.jpg,https://www.waitrose.com/ecom/products/right-guard-total-defence-fresh/005361-2319-2320,Right Guard Total Defence Fresh,250ml,£2.85,£1.14/100ml,,"Toiletries, Health & Beauty"
027794,Dove Original Anti-perspirant Deodorant Stick,G,true,318,https://ecom-su-static-prod.wtrecom.com/images/products/3/LN_027794_BP_3.jpg,https://www.waitrose.com/ecom/products/dove-original-anti-perspirant-deodorant-stick/027794-13531-13532,Dove Original Anti-perspirant Deodorant Stick,40ml,£2.30,£5.75/100ml,20% Off. Was £2.90,"Toiletries, Health & Beauty"
833733,Listerine Teeth & Gum Defence Fresh Mint,G,true,319,https://ecom-su-static-prod.wtrecom.com/images/products/3/LN_833733_BP_3.jpg,https://www.waitrose.com/ecom/products/listerine-teeth-gum-defence-fresh-mint/833733-730922-730923,Listerine Teeth & Gum Defence Fresh Mint,500ml,£3.65,73p/100ml,Save 1/3. Was £5.50,"Toiletries, Health & Beauty"
036849,Oral-B Precision Clean Electric Toothbrush Heads 4s,G,false,320,https://ecom-su-static-prod.wtrecom.com/images/products/3/LN_036849_BP_3.jpg,https://www.waitrose.com/ecom/products/oral-b-precision-clean-electric-toothbrush-heads-4s/036849-18457-18458,Oral-B Precision Clean Electric Toothbrush Heads 4s,4s,£19.95,£4.99 each,,"Toiletries, Health & Beauty"
097194,Always Ultra Sanitary Towel Normal Size 1 Pads Duo,G,true,321,https://ecom-su-static-prod.wtrecom.com/images/products/3/LN_097194_BP_3.jpg,https://www.waitrose.com/ecom/products/always-ultra-sanitary-towel-normal-size-1-pads-duo/097194-49624-49625,Always Ultra Sanitary Towel Normal Size 1 Pads Duo,28s,£3.40,12.1p each,Add 2 for £6,"Toiletries, Health & Beauty"
482704,Piriteze Allergy Relief Tablets,G,false,322,https://ecom-su-static-prod.wtrecom.com/images/products/3/LN_482704_BP_3.jpg,https://www.waitrose.com/ecom/products/piriteze-allergy-relief-tablets/482704-690064-690065,Piriteze Allergy Relief Tablets,14s,£6.50,46.4p each,,"Toiletries, Health & Beauty"
067111,Rennie Peppermint Flavour,G,false,323,https://ecom-su-static-prod.wtrecom.com/images/products/3/LN_067111_BP_3.jpg,https://www.waitrose.com/ecom/products/rennie-peppermint-flavour/067111-33998-33999,Rennie Peppermint Flavour,24s,£3.00,12.5p each,,"Toiletries, Health & Beauty"
871108,Faith in Nature Aloe Vera Soap,G,true,324,https://ecom-su-static-prod.wtrecom.com/images/products/3/LN_871108_BP_3.jpg,https://www.waitrose.com/ecom/products/faith-in-nature-aloe-vera-soap/871108-719961-719962,Faith in Nature Aloe Vera Soap,100g,£2.15,£2.15/100g,Save 1/3. Was £3.25,"Toiletries, Health & Beauty"
066834,Gillette Satin Care Shave Gel Sensitive,G,false,325,https://ecom-su-static-prod.wtrecom.com/images/products/3/LN_066834_BP_3.jpg,https://www.waitrose.com/ecom/products/gillette-satin-care-shave-gel-sensitive/066834-33844-33845,Gillette Satin Care Shave Gel Sensitive,200ml,£3.50,£1.75/100ml,,"Toiletries, Health & Beauty"
051648,Nivea Original Lip Balm,G,false,326,https://ecom-su-static-prod.wtrecom.com/images/products/3/LN_051648_BP_3.jpg,https://www.waitrose.com/ecom/products/nivea-original-lip-balm/051648-25702-25703,Nivea Original Lip Balm,4.8g,£2.75,£5.73/10g,,"Toiletries, Health & Beauty"
066136,Euthymol Original Toothpaste,G,false,327,https://ecom-su-static-prod.wtrecom.com/images/products/3/LN_066136_BP_3.jpg,https://www.waitrose.com/ecom/products/euthymol-original-toothpaste/066136-33498-33499,Euthymol Original Toothpaste,75ml,£3.00,£4/100ml,,"Toiletries, Health & Beauty"
045363,Oral-B Mint Satin Floss,G,true,328,https://ecom-su-static-prod.wtrecom.com/images/products/3/LN_045363_BP_3.jpg,https://www.waitrose.com/ecom/products/oral-b-mint-satin-floss/045363-22366-22367,Oral-B Mint Satin Floss,1Each,£1.40,£1.40 each,Save 1/3. Was £2.10,"Toiletries, Health & Beauty"
417201,Sanex Sensitive Shower Gel,G,false,329,https://ecom-su-static-prod.wtrecom.com/images/products/3/LN_417201_BP_3.jpg,https://www.waitrose.com/ecom/products/sanex-sensitive-shower-gel/417201-761904-761905,Sanex Sensitive Shower Gel,450ml,£3.15,,,"Toiletries, Health & Beauty"
837786,Essential Washproof Plasters,G,false,330,https://ecom-su-static-prod.wtrecom.com/images/products/3/LN_837786_BP_3.jpg,https://www.waitrose.com/ecom/products/essential-washproof-plasters/837786-311412-311413,Essential Washproof Plasters,40s,£1.50,3.8p each,,"Toiletries, Health & Beauty"
714862,Sudafed Blocked Nose Spray,G,false,331,https://ecom-su-static-prod.wtrecom.com/images/products/3/LN_714862_BP_3.jpg,https://www.waitrose.com/ecom/products/sudafed-blocked-nose-spray/714862-101582-101583,Sudafed Blocked Nose Spray,15ml,£6.25,£41.67/100ml,,"Toiletries, Health & Beauty"
749193,Dove Invisible Dry Deodorant Roll-On,G,true,332,https://ecom-su-static-prod.wtrecom.com/images/products/3/LN_749193_BP_3.jpg,https://www.waitrose.com/ecom/products/dove-invisible-dry-deodorant-roll-on/749193-802612-802613,Dove Invisible Dry Deodorant Roll-On,50ml,£2.10,£4.20/100ml,Save 1/3. Was £3.15,"Toiletries, Health & Beauty"
548407,Oral-B Complete Clean Toothbrush,G,false,333,https://ecom-su-static-prod.wtrecom.com/images/products/3/LN_548407_BP_3.jpg,https://www.waitrose.com/ecom/products/oral-b-complete-clean-toothbrush/548407-551410-551411,Oral-B Complete Clean Toothbrush,Each,£3.00,£3 each,,"Toiletries, Health & Beauty"
008610,Gillette Fusion Gel Sensitive Skin,G,false,334,https://ecom-su-static-prod.wtrecom.com/images/products/3/LN_008610_BP_3.jpg,https://www.waitrose.com/ecom/products/gillette-fusion-gel-sensitive-skin/008610-4105-4106,Gillette Fusion Gel Sensitive Skin,200ml,£4.00,£2/100ml,,"Toiletries, Health & Beauty"
665637,Corsodyl Mouthwash Alcohol Free,G,false,335,https://ecom-su-static-prod.wtrecom.com/images/products/3/LN_665637_BP_3.jpg,https://www.waitrose.com/ecom/products/corsodyl-mouthwash-alcohol-free/665637-138105-138106,Corsodyl Mouthwash Alcohol Free,300ml,£5.50,£1.84/100ml,,"Toiletries, Health & Beauty"
839781,Aussie Miracle Moist Shampoo,G,false,336,https://ecom-su-static-prod.wtrecom.com/images/products/3/LN_839781_BP_3.jpg,https://www.waitrose.com/ecom/products/aussie-miracle-moist-shampoo/839781-154875-154876,Aussie Miracle Moist Shampoo,500ml,£6.00,£1.20/100ml,,"Toiletries, Health & Beauty"
060867,Lynx Africa 48 hour Bodyspray Deodorant,G,false,337,https://ecom-su-static-prod.wtrecom.com/images/products/3/LN_060867_BP_3.jpg,https://www.waitrose.com/ecom/products/lynx-africa-48-hour-bodyspray-deodorant/060867-30774-30775,Lynx Africa 48 hour Bodyspray Deodorant,150ml,£4.20,£2.80/100ml,,"Toiletries, Health & Beauty"
809927,Galpharm Loratadine Tablets,G,false,338,https://ecom-su-static-prod.wtrecom.com/images/products/3/LN_809927_BP_3.jpg,https://www.waitrose.com/ecom/products/galpharm-loratadine-tablets/809927-693218-693219,Galpharm Loratadine Tablets,14s,£2.15,15.4p each,,"Toiletries, Health & Beauty"
724013,Radox Stress Relief Bath Soak,G,false,339,https://ecom-su-static-prod.wtrecom.com/images/products/3/LN_724013_BP_3.jpg,https://www.waitrose.com/ecom/products/radox-stress-relief-bath-soak/724013-719728-719729,Radox Stress Relief Bath Soak,500ml,£1.60,32p/100ml,,"Toiletries, Health & Beauty"
418106,Rock Face Original Shower Gel,G,true,340,https://ecom-su-static-prod.wtrecom.com/images/products/3/LN_418106_BP_3.jpg,https://www.waitrose.com/ecom/products/rock-face-original-shower-gel/418106-784792-784793,Rock Face Original Shower Gel,410ml,£2.65,64.6p/100ml,Save 1/3. Was £4.00,"Toiletries, Health & Beauty"
652718,Strepsils Honey and Lemon Lozenges,G,false,341,https://ecom-su-static-prod.wtrecom.com/images/products/3/LN_652718_BP_3.jpg,https://www.waitrose.com/ecom/products/strepsils-honey-and-lemon-lozenges/652718-691728-691729,Strepsils Honey and Lemon Lozenges,36s,£5.65,15.7p each,,"Toiletries, Health & Beauty"
933369,Original Source Mint & Tea Tree Shower Gel,G,true,342,https://ecom-su-static-prod.wtrecom.com/images/products/3/LN_933369_BP_3.jpg,https://www.waitrose.com/ecom/products/original-source-mint-tea-tree-shower-gel/933369-825676-825677,Original Source Mint & Tea Tree Shower Gel,250ml,£1.00,40p/100ml,Save 1/3. Was £1.50,"Toiletries, Health & Beauty"
890287,Bodyform Dailies Extra Protection Long Liners,G,false,343,https://ecom-su-static-prod.wtrecom.com/images/products/3/LN_890287_BP_3.jpg,https://www.waitrose.com/ecom/products/bodyform-dailies-extra-protection-long-liners/890287-752591-752592,Bodyform Dailies Extra Protection Long Liners,24s,£1.90,7.9p each,,"Toiletries, Health & Beauty"
524350,Waitrose Watermelon & Apple Blossom Soap,G,false,344,https://ecom-su-static-prod.wtrecom.com/images/products/3/LN_524350_BP_3.jpg,https://www.waitrose.com/ecom/products/waitrose-watermelon-apple-blossom-soap/524350-769094-769095,Waitrose Watermelon & Apple Blossom Soap,100g,£1.60,£1.60/100g,,"Toiletries, Health & Beauty"
737864,Sensodyne Pronamel Enamel Mouthwash,G,false,345,https://ecom-su-static-prod.wtrecom.com/images/products/3/LN_737864_BP_3.jpg,https://www.waitrose.com/ecom/products/sensodyne-pronamel-enamel-mouthwash/737864-104878-104879,Sensodyne Pronamel Enamel Mouthwash,250ml,£4.50,£1.80/100ml,,"Toiletries, Health & Beauty"
639751,Pantene Lift & Volume Thickening Shampoo,G,true,346,https://ecom-su-static-prod.wtrecom.com/images/products/3/LN_639751_BP_3.jpg,https://www.waitrose.com/ecom/products/pantene-lift-volume-thickening-shampoo/639751-743844-743845,Pantene Lift & Volume Thickening Shampoo,400ml,£3.00,£7.50/litre,Half Price. Was £6.00,"Toiletries, Health & Beauty"
588777,Sensodyne Pronamel Mineral Boost,G,false,347,https://ecom-su-static-prod.wtrecom.com/images/products/3/LN_588777_BP_3.jpg,https://www.waitrose.com/ecom/products/sensodyne-pronamel-mineral-boost/588777-776718-776719,Sensodyne Pronamel Mineral Boost,75ml,£4.75,£6.34/100ml,,"Toiletries, Health & Beauty"
709125,Beconase Hayfever Relief for Adults,G,false,348,https://ecom-su-static-prod.wtrecom.com/images/products/3/LN_709125_BP_3.jpg,https://www.waitrose.com/ecom/products/beconase-hayfever-relief-for-adults/709125-100725-100726,Beconase Hayfever Relief for Adults,100 Sprays,£6.85,£6.85 each,,"Toiletries, Health & Beauty"
859463,Pears Hand Wash Lemon Flower Extract,G,true,349,https://ecom-su-static-prod.wtrecom.com/images/products/3/LN_859463_BP_3.jpg,https://www.waitrose.com/ecom/products/pears-hand-wash-lemon-flower-extract/859463-690662-690663,Pears Hand Wash Lemon Flower Extract,250ml,£2.28,91.2p/100ml,save 57p. Was £2.85,"Toiletries, Health & Beauty"
568366,Wisdom Clean Between Pro Fine Brushes,G,false,350,https://ecom-su-static-prod.wtrecom.com/images/products/3/LN_568366_BP_3.jpg,https://www.waitrose.com/ecom/products/wisdom-clean-between-pro-fine-brushes/568366-711142-711143,Wisdom Clean Between Pro Fine Brushes,30s,£3.15,£3.15 each,,"Toiletries, Health & Beauty"
612139,L'Oréal Elvive Thickening Conditioner,G,false,351,https://ecom-su-static-prod.wtrecom.com/images/products/3/LN_612139_BP_3.jpg,https://www.waitrose.com/ecom/products/loreal-elvive-thickening-conditioner/612139-793472-793473,L'Oréal Elvive Thickening Conditioner,300ml,£4.75,£1.59/100ml,,"Toiletries, Health & Beauty"
985446,Original Source Coconut & Shea Shower Gel,G,true,352,https://ecom-su-static-prod.wtrecom.com/images/products/3/LN_985446_BP_3.jpg,https://www.waitrose.com/ecom/products/original-source-coconut-shea-shower-gel/985446-825768-825769,Original Source Coconut & Shea Shower Gel,250ml,£1.00,40p/100ml,Save 1/3. Was £1.50,"Toiletries, Health & Beauty"
970294,INEOS Moisturising Hand Wash White Rose + Neroli,G,true,353,https://ecom-su-static-prod.wtrecom.com/images/products/3/LN_970294_BP_3.jpg,https://www.waitrose.com/ecom/products/ineos-moisturising-hand-wash-white-rose-neroli/970294-825734-825735,INEOS Moisturising Hand Wash White Rose + Neroli,500ml,£1.60,32p/100ml,20% Off. Was £2.00,"Toiletries, Health & Beauty"
697870,Colgate Max White Luminous Toothpaste,G,false,354,https://ecom-su-static-prod.wtrecom.com/images/products/3/LN_697870_BP_3.jpg,https://www.waitrose.com/ecom/products/colgate-max-white-luminous-toothpaste/697870-793140-793141,Colgate Max White Luminous Toothpaste,75ml,£6.00,£8/100ml,,"Toiletries, Health & Beauty"
874892,Dove Advanced Roll-On Pomegranate,G,true,355,https://ecom-su-static-prod.wtrecom.com/images/products/3/LN_874892_BP_3.jpg,https://www.waitrose.com/ecom/products/dove-advanced-roll-on-pomegranate/874892-802662-802663,Dove Advanced Roll-On Pomegranate,50ml,£2.10,£4.20/100ml,Save 1/3. Was £3.15,"Toiletries, Health & Beauty"
466804,Aquafresh Complete Care Whitening,G,false,356,https://ecom-su-static-prod.wtrecom.com/images/products/3/LN_466804_BP_3.jpg,https://www.waitrose.com/ecom/products/aquafresh-complete-care-whitening/466804-358822-358823,Aquafresh Complete Care Whitening,100ml,£2.00,£2/100ml,,"Toiletries, Health & Beauty"
060554,Nivea For Men Sensitive Gel,G,false,357,https://ecom-su-static-prod.wtrecom.com/images/products/3/LN_060554_BP_3.jpg,https://www.waitrose.com/ecom/products/nivea-for-men-sensitive-gel/060554-30632-30633,Nivea For Men Sensitive Gel,200ml,£4.25,£2.13/100ml,,"Toiletries, Health & Beauty"
020146,Listerine Mouthwash Stay White,G,true,358,https://ecom-su-static-prod.wtrecom.com/images/products/3/LN_020146_BP_3.jpg,https://www.waitrose.com/ecom/products/listerine-mouthwash-stay-white/020146-9813-9814,Listerine Mouthwash Stay White,500ml,£3.65,73p/100ml,Save 1/3. Was £5.50,"Toiletries, Health & Beauty"
554956,Bodyform Normal Towels Wings 12s,G,false,359,https://ecom-su-static-prod.wtrecom.com/images/products/3/LN_554956_BP_3.jpg,https://www.waitrose.com/ecom/products/bodyform-normal-towels-wings-12s/554956-727241-727242,Bodyform Normal Towels Wings 12s,12s,£1.85,15.4p each,,"Toiletries, Health & Beauty"
459434,Waitrose Sanitary Disposal Bags,G,false,360,https://ecom-su-static-prod.wtrecom.com/images/products/3/LN_459434_BP_3.jpg,https://www.waitrose.com/ecom/products/waitrose-sanitary-disposal-bags/459434-522225-522226,Waitrose Sanitary Disposal Bags,50s,£1.20,2.4p each,,"Toiletries, Health & Beauty"
476950,Elastoplast Fabric 10 Lengths 6x10cm,G,true,361,https://ecom-su-static-prod.wtrecom.com/images/products/3/LN_476950_BP_3.jpg,https://www.waitrose.com/ecom/products/elastoplast-fabric-10-lengths-6x10cm/476950-145536-145537,Elastoplast Fabric 10 Lengths 6x10cm,Each,£2.72,£2.72 each,20% Off. Was £3.40,"Toiletries, Health & Beauty"
922160,Original Source Lemon & Tea Tree Shower Gel,G,true,362,https://ecom-su-static-prod.wtrecom.com/images/products/3/LN_922160_BP_3.jpg,https://www.waitrose.com/ecom/products/original-source-lemon-tea-tree-shower-gel/922160-825648-825649,Original Source Lemon & Tea Tree Shower Gel,250ml,£1.00,40p/100ml,Save 1/3. Was £1.50,"Toiletries, Health & Beauty"
475362,Bodyform Normal Towels Wings 24s,G,true,363,https://ecom-su-static-prod.wtrecom.com/images/products/3/LN_475362_BP_3.jpg,https://www.waitrose.com/ecom/products/bodyform-normal-towels-wings-24s/475362-174516-174517,Bodyform Normal Towels Wings 24s,24s,£2.75,11.5p each,Add 2 for £4,"Toiletries, Health & Beauty"
405668,Nuromol Dual Action Pain Relief,G,false,364,https://ecom-su-static-prod.wtrecom.com/images/products/3/LN_405668_BP_3.jpg,https://www.waitrose.com/ecom/products/nuromol-dual-action-pain-relief/405668-777296-777297,Nuromol Dual Action Pain Relief,12s,£4.20,35p each,,"Toiletries, Health & Beauty"
758766,Gillette Simply Venus Razors,G,false,365,https://ecom-su-static-prod.wtrecom.com/images/products/3/LN_758766_BP_3.jpg,https://www.waitrose.com/ecom/products/gillette-simply-venus-razors/758766-136168-136169,Gillette Simply Venus Razors,4s,£4.00,£1 each,,"Toiletries, Health & Beauty"
065766,Nivea Men Sensitive Shaving Foam,G,false,366,https://ecom-su-static-prod.wtrecom.com/images/products/3/LN_065766_BP_3.jpg,https://www.waitrose.com/ecom/products/nivea-men-sensitive-shaving-foam/065766-33317-33318,Nivea Men Sensitive Shaving Foam,200ml,£4.25,£2.13/100ml,,"Toiletries, Health & Beauty"
818936,Colgate Max Fresh Cooling Crystals Toothpaste,G,true,367,https://ecom-su-static-prod.wtrecom.com/images/products/3/LN_818936_BP_3.jpg,https://www.waitrose.com/ecom/products/colgate-max-fresh-cooling-crystals-toothpaste/818936-815015-815016,Colgate Max Fresh Cooling Crystals Toothpaste,125ml,£2.50,£2/100ml,Half Price. Was £5.00,"Toiletries, Health & Beauty"
691463,Galpharm Loratadine Tablets,G,false,368,https://ecom-su-static-prod.wtrecom.com/images/products/3/LN_691463_BP_3.jpg,https://www.waitrose.com/ecom/products/galpharm-loratadine-tablets/691463-693088-693089,Galpharm Loratadine Tablets,30s,£3.25,10.8p each,,"Toiletries, Health & Beauty"
881477,Baylis & Harding Pepper Hand Wash,G,false,369,https://ecom-su-static-prod.wtrecom.com/images/products/3/LN_881477_BP_3.jpg,https://www.waitrose.com/ecom/products/baylis-harding-pepper-hand-wash/881477-205219-205220,Baylis & Harding Pepper Hand Wash,500ml,£2.35,47p/100ml,,"Toiletries, Health & Beauty"
888053,Faith in Nature Grapefruit Soap,G,true,370,https://ecom-su-static-prod.wtrecom.com/images/products/3/LN_888053_BP_3.jpg,https://www.waitrose.com/ecom/products/faith-in-nature-grapefruit-soap/888053-720001-720002,Faith in Nature Grapefruit Soap,100g,£2.15,£2.15/100g,Save 1/3. Was £3.25,"Toiletries, Health & Beauty"
800164,Aveeno Moisturising Body Wash,G,false,371,https://ecom-su-static-prod.wtrecom.com/images/products/3/LN_800164_BP_3.jpg,https://www.waitrose.com/ecom/products/aveeno-moisturising-body-wash/800164-604452-604453,Aveeno Moisturising Body Wash,500ml,£10.50,£2.10/100ml,,"Toiletries, Health & Beauty"
848428,L'Oréal Age Perfect Cleansing Wipes,G,false,372,https://ecom-su-static-prod.wtrecom.com/images/products/3/LN_848428_BP_3.jpg,https://www.waitrose.com/ecom/products/loreal-age-perfect-cleansing-wipes/848428-719925-719926,L'Oréal Age Perfect Cleansing Wipes,25s,£5.25,21p each,,"Toiletries, Health & Beauty"
045322,Bionsen 24hr Roll-On Deodorant,G,false,373,https://ecom-su-static-prod.wtrecom.com/images/products/3/LN_045322_BP_3.jpg,https://www.waitrose.com/ecom/products/bionsen-24hr-roll-on-deodorant/045322-22352-22353,Bionsen 24hr Roll-On Deodorant,50ml,£3.00,£6/100ml,,"Toiletries, Health & Beauty"
612249,Aveeno Moisturising Hand Cream,G,false,374,https://ecom-su-static-prod.wtrecom.com/images/products/3/LN_612249_BP_3.jpg,https://www.waitrose.com/ecom/products/aveeno-moisturising-hand-cream/612249-86855-86856,Aveeno Moisturising Hand Cream,75ml,£6.00,£8/100ml,,"Toiletries, Health & Beauty"
548085,Calpol Six Plus Paracetamol Syringe,G,false,375,https://ecom-su-static-prod.wtrecom.com/images/products/3/LN_548085_BP_3.jpg,https://www.waitrose.com/ecom/products/calpol-six-plus-paracetamol-syringe/548085-77507-77508,Calpol Six Plus Paracetamol Syringe,80ml,£4.30,£5.38/100ml,,"Toiletries, Health & Beauty"
069518,Corsodyl Mouthwash Medicated Fresh Mint,G,false,376,https://ecom-su-static-prod.wtrecom.com/images/products/3/LN_069518_BP_3.jpg,https://www.waitrose.com/ecom/products/corsodyl-mouthwash-medicated-fresh-mint/069518-35247-35248,Corsodyl Mouthwash Medicated Fresh Mint,300ml,£5.50,£1.84/100ml,,"Toiletries, Health & Beauty"
532273,Ricola Sooth & Clear Honey Lemon Lozenges,G,false,377,https://ecom-su-static-prod.wtrecom.com/images/products/3/LN_532273_BP_3.jpg,https://www.waitrose.com/ecom/products/ricola-sooth-clear-honey-lemon-lozenges/532273-723758-723759,Ricola Sooth & Clear Honey Lemon Lozenges,75g,£1.55,£2.07/100g,,"Toiletries, Health & Beauty"
852211,Nivea Black & White Anti-Perspirant,G,true,378,https://ecom-su-static-prod.wtrecom.com/images/products/3/LN_852211_BP_3.jpg,https://www.waitrose.com/ecom/products/nivea-black-white-anti-perspirant/852211-729812-729813,Nivea Black & White Anti-Perspirant,250ml,£3.15,£1.26/100ml,Save 1/3. Was £4.75,"Toiletries, Health & Beauty"
877423,Imodium Original Capsules,G,false,379,https://ecom-su-static-prod.wtrecom.com/images/products/3/LN_877423_BP_3.jpg,https://www.waitrose.com/ecom/products/imodium-original-capsules/877423-683898-683899,Imodium Original Capsules,12s,£7.25,60.4p each,,"Toiletries, Health & Beauty"
808298,Dove Caring Bath Indulging Cream,G,true,380,https://ecom-su-static-prod.wtrecom.com/images/products/3/LN_808298_BP_3.jpg,https://www.waitrose.com/ecom/products/dove-caring-bath-indulging-cream/808298-812820-812821,Dove Caring Bath Indulging Cream,450ml,£2.50,£5.56/litre,save 50p. Was £3.00,"Toiletries, Health & Beauty"
695989,Sure Women Anti-perspirant Deodorant Stick,G,false,381,https://ecom-su-static-prod.wtrecom.com/images/products/3/LN_695989_BP_3.jpg,https://www.waitrose.com/ecom/products/sure-women-anti-perspirant-deodorant-stick/695989-98823-98824,Sure Women Anti-perspirant Deodorant Stick,40ml,£2.90,£7.25/100ml,,"Toiletries, Health & Beauty"
896665,Dove Daily Moisture Shampoo,G,true,382,https://ecom-su-static-prod.wtrecom.com/images/products/3/LN_896665_BP_3.jpg,https://www.waitrose.com/ecom/products/dove-daily-moisture-shampoo/896665-780973-780974,Dove Daily Moisture Shampoo,400ml,£2.26,56.5p/100ml,Save 1/3. Was £3.40,"Toiletries, Health & Beauty"
938058,Dove Pampering Care Body Wash Shea Butter & Vanilla,G,true,383,https://ecom-su-static-prod.wtrecom.com/images/products/3/LN_938058_BP_3.jpg,https://www.waitrose.com/ecom/products/dove-pampering-care-body-wash-shea-butter-vanilla/938058-825690-825691,Dove Pampering Care Body Wash Shea Butter & Vanilla,400ml,£3.00,75p/100ml,Save 1/3. Was £4.50,"Toiletries, Health & Beauty"
734501,L'Oréal Elvive Colour Protect Conditioner,G,false,384,https://ecom-su-static-prod.wtrecom.com/images/products/3/LN_734501_BP_3.jpg,https://www.waitrose.com/ecom/products/loreal-elvive-colour-protect-conditioner/734501-793546-793547,L'Oréal Elvive Colour Protect Conditioner,300ml,£4.75,£1.59/100ml,,"Toiletries, Health & Beauty"
528878,Sure Maximum Protection Clean Scent Deodorant Stick,G,false,385,https://ecom-su-static-prod.wtrecom.com/images/products/3/LN_528878_BP_3.jpg,https://www.waitrose.com/ecom/products/sure-maximum-protection-clean-scent-deodorant-stick/528878-74796-74797,Sure Maximum Protection Clean Scent Deodorant Stick,45ml,£5.25,£11.67/100ml,,"Toiletries, Health & Beauty"
464327,Nivea Soft Refreshing Cream,G,false,386,https://ecom-su-static-prod.wtrecom.com/images/products/3/LN_464327_BP_3.jpg,https://www.waitrose.com/ecom/products/nivea-soft-refreshing-cream/464327-65437-65438,Nivea Soft Refreshing Cream,75ml,£3.50,£4.67/100ml,,"Toiletries, Health & Beauty"
067738,Lemsip Max Cold & Flu Lemon Sachets,G,false,387,https://ecom-su-static-prod.wtrecom.com/images/products/3/LN_067738_BP_3.jpg,https://www.waitrose.com/ecom/products/lemsip-max-cold-flu-lemon-sachets/067738-34385-34386,Lemsip Max Cold & Flu Lemon Sachets,10s,£6.30,63p each,,"Toiletries, Health & Beauty"
830509,TENA Super Medium Pants,G,false,388,https://ecom-su-static-prod.wtrecom.com/images/products/3/LN_830509_BP_3.jpg,https://www.waitrose.com/ecom/products/tena-super-medium-pants/830509-329492-329493,TENA Super Medium Pants,12s,£14.65,£1.23 each,,"Toiletries, Health & Beauty"
832117,TePe Interdental Brush Orange Size 1,G,true,389,https://ecom-su-static-prod.wtrecom.com/images/products/3/LN_832117_BP_3.jpg,https://www.waitrose.com/ecom/products/tepe-interdental-brush-orange-size-1/832117-756163-756164,TePe Interdental Brush Orange Size 1,6s,£3.50,58.3p each,Add 2 for £5.50,"Toiletries, Health & Beauty"
397079,Vaseline Lip Therapy Original Tin,G,false,390,https://ecom-su-static-prod.wtrecom.com/images/products/3/LN_397079_BP_3.jpg,https://www.waitrose.com/ecom/products/vaseline-lip-therapy-original-tin/397079-117377-117378,Vaseline Lip Therapy Original Tin,20g,£1.30,£6.50/100g,,"Toiletries, Health & Beauty"
590515,Colgate Extra Clean Medium Toothbrush,G,false,391,https://ecom-su-static-prod.wtrecom.com/images/products/3/LN_590515_BP_3.jpg,https://www.waitrose.com/ecom/products/colgate-extra-clean-medium-toothbrush/590515-822141-822142,Colgate Extra Clean Medium Toothbrush,3x1Each,£1.50,50p each,,"Toiletries, Health & Beauty"
586765,L'Oreal Elvive Restoring Shampoo,G,false,392,https://ecom-su-static-prod.wtrecom.com/images/products/3/LN_586765_BP_3.jpg,https://www.waitrose.com/ecom/products/loreal-elvive-restoring-shampoo/586765-735804-735805,L'Oreal Elvive Restoring Shampoo,400ml,£4.50,£1.13/100ml,,"Toiletries, Health & Beauty"
052356,Aloe Dent Triple Action,G,true,393,https://ecom-su-static-prod.wtrecom.com/images/products/3/LN_052356_BP_3.jpg,https://www.waitrose.com/ecom/products/aloe-dent-triple-action/052356-26099-26100,Aloe Dent Triple Action,100ml,£3.65,£3.65/100ml,Save 1/3. Was £5.49,"Toiletries, Health & Beauty"
637195,Essential Round Ibuprofen Tablets,G,false,394,https://ecom-su-static-prod.wtrecom.com/images/products/3/LN_637195_BP_3.jpg,https://www.waitrose.com/ecom/products/essential-round-ibuprofen-tablets/637195-311247-311248,Essential Round Ibuprofen Tablets,16s,60p,3.8p each,,"Toiletries, Health & Beauty"
058358,Mitchum Ice Fresh Anti-Perspirant,G,false,395,https://ecom-su-static-prod.wtrecom.com/images/products/3/LN_058358_BP_3.jpg,https://www.waitrose.com/ecom/products/mitchum-ice-fresh-anti-perspirant/058358-29329-29330,Mitchum Ice Fresh Anti-Perspirant,100ml,£3.50,£3.50/100ml,,"Toiletries, Health & Beauty"
430509,Method Hibiscus Berry Foam Handwash,G,false,396,https://ecom-su-static-prod.wtrecom.com/images/products/3/LN_430509_BP_3.jpg,https://www.waitrose.com/ecom/products/method-hibiscus-berry-foam-handwash/430509-782962-782963,Method Hibiscus Berry Foam Handwash,300ml,£3.45,£11.50/litre,,"Toiletries, Health & Beauty"
479653,Carex Advanced Care Shea Butter Handwash,G,false,397,https://ecom-su-static-prod.wtrecom.com/images/products/3/LN_479653_BP_3.jpg,https://www.waitrose.com/ecom/products/carex-advanced-care-shea-butter-handwash/479653-715865-715866,Carex Advanced Care Shea Butter Handwash,250ml,£1.90,76p/100ml,,"Toiletries, Health & Beauty"
704040,Pantene Repair & Protect Conditioner,G,false,398,https://ecom-su-static-prod.wtrecom.com/images/products/3/LN_704040_BP_3.jpg,https://www.waitrose.com/ecom/products/pantene-repair-protect-conditioner/704040-780733-780734,Pantene Repair & Protect Conditioner,350ml,£4.75,£1.36/100ml,,"Toiletries, Health & Beauty"
893218,Essential Dispersible Aspirin,G,false,399,https://ecom-su-static-prod.wtrecom.com/images/products/3/LN_893218_BP_3.jpg,https://www.waitrose.com/ecom/products/essential-dispersible-aspirin/893218-275078-275079,Essential Dispersible Aspirin,16s,60p,3.8p each,,"Toiletries, Health & Beauty"
871995,Always Discreet Incontinence Liners For Sensitive Bladder - Long Plus,G,true,400,https://ecom-su-static-prod.wtrecom.com/images/products/3/LN_871995_BP_3.jpg,https://www.waitrose.com/ecom/products/always-discreet-incontinence-liners-for-sensitive-bladder-long-plus/871995-656289-656290,Always Discreet Incontinence Liners For Sensitive Bladder - Long Plus,20s,£2.25,11.3p each,Add 2 for £4,"Toiletries, Health & Beauty"
691522,Head & Shoulders Itchy Scalp Shampoo,G,true,401,https://ecom-su-static-prod.wtrecom.com/images/products/3/LN_691522_BP_3.jpg,https://www.waitrose.com/ecom/products/head-shoulders-itchy-scalp-shampoo/691522-793526-793527,Head & Shoulders Itchy Scalp Shampoo,400ml,£3.50,87.5p/100ml,save £1.50. Was £5.00,"Toiletries, Health & Beauty"
578067,Simple Kind to Skin Hydrating Moisturiser,G,true,402,https://ecom-su-static-prod.wtrecom.com/images/products/3/LN_578067_BP_3.jpg,https://www.waitrose.com/ecom/products/simple-kind-to-skin-hydrating-moisturiser/578067-338595-338596,Simple Kind to Skin Hydrating Moisturiser,125ml,£2.46,£1.97/100ml,Save 1/3. Was £3.70,"Toiletries, Health & Beauty"
403461,Corsodyl Toothpaste Complete Protection,G,false,403,https://ecom-su-static-prod.wtrecom.com/images/products/3/LN_403461_BP_3.jpg,https://www.waitrose.com/ecom/products/corsodyl-toothpaste-complete-protection/403461-692756-692757,Corsodyl Toothpaste Complete Protection,75ml,£5.25,£7/100ml,,"Toiletries, Health & Beauty"
512590,Nivea Double Effect Eye Make Up Remover,G,false,404,https://ecom-su-static-prod.wtrecom.com/images/products/3/LN_512590_BP_3.jpg,https://www.waitrose.com/ecom/products/nivea-double-effect-eye-make-up-remover/512590-680967-680968,Nivea Double Effect Eye Make Up Remover,125ml,£4.50,£3.60/100ml,,"Toiletries, Health & Beauty"
402394,TENA Men Active Fit Pants Plus L,G,false,405,https://ecom-su-static-prod.wtrecom.com/images/products/3/LN_402394_BP_3.jpg,https://www.waitrose.com/ecom/products/tena-men-active-fit-pants-plus-l/402394-652075-652076,TENA Men Active Fit Pants Plus L,8s,£8.50,£1.07 each,,"Toiletries, Health & Beauty"
804916,L'Oréal Revitalift Day Cream SPF30,G,false,406,https://ecom-su-static-prod.wtrecom.com/images/products/3/LN_804916_BP_3.jpg,https://www.waitrose.com/ecom/products/loreal-revitalift-day-cream-spf30/804916-370905-370906,L'Oréal Revitalift Day Cream SPF30,50ml,£14.70,£29.40/100ml,,"Toiletries, Health & Beauty"
513272,Aptamil 2 Follow On Milk,G,false,407,https://ecom-su-static-prod.wtrecom.com/images/products/3/LN_513272_BP_3.jpg,https://www.waitrose.com/ecom/products/aptamil-2-follow-on-milk/513272-509236-509237,Aptamil 2 Follow On Milk,4x200ml,£4.50,56.3p/100ml,,"Toiletries, Health & Beauty"
548024,Essential Nourish Conditioner,G,false,408,https://ecom-su-static-prod.wtrecom.com/images/products/3/LN_548024_BP_3.jpg,https://www.waitrose.com/ecom/products/essential-nourish-conditioner/548024-77499-77500,Essential Nourish Conditioner,300ml,£1.75,58.3p/100ml,,"Toiletries, Health & Beauty"
050103,Gillette Fusion Blades,G,true,409,https://ecom-su-static-prod.wtrecom.com/images/products/3/LN_050103_BP_3.jpg,https://www.waitrose.com/ecom/products/gillette-fusion-blades/050103-24953-24954,Gillette Fusion Blades,4s,£13.65,£3.42 each,Add 2 for £20,"Toiletries, Health & Beauty"
735539,Gillette Blue II Plus,G,false,410,https://ecom-su-static-prod.wtrecom.com/images/products/3/LN_735539_BP_3.jpg,https://www.waitrose.com/ecom/products/gillette-blue-ii-plus/735539-104554-104555,Gillette Blue II Plus,8s,£4.00,50p each,,"Toiletries, Health & Beauty"
700797,Dove Invisible Dry Anti-Perspirant,G,true,411,https://ecom-su-static-prod.wtrecom.com/images/products/3/LN_700797_BP_3.jpg,https://www.waitrose.com/ecom/products/dove-invisible-dry-anti-perspirant/700797-802602-802603,Dove Invisible Dry Anti-Perspirant,200ml,£3.15,£1.58/100ml,Save 1/3. Was £4.75,"Toiletries, Health & Beauty"
651204,Galpharm Paracetamol 500mg Caplets,G,false,412,https://ecom-su-static-prod.wtrecom.com/images/products/3/LN_651204_BP_3.jpg,https://www.waitrose.com/ecom/products/galpharm-paracetamol-500mg-caplets/651204-810420-810421,Galpharm Paracetamol 500mg Caplets,16s,65p,4.1p each,,"Toiletries, Health & Beauty"
506221,Gillette Mach 3 Blades,G,true,413,https://ecom-su-static-prod.wtrecom.com/images/products/3/LN_506221_BP_3.jpg,https://www.waitrose.com/ecom/products/gillette-mach-3-blades/506221-71542-71543,Gillette Mach 3 Blades,4s,£9.45,£2.37 each,Add 2 for £15,"Toiletries, Health & Beauty"
508035,Dove Advanced Cucumber Anti-Perspirant,G,true,414,https://ecom-su-static-prod.wtrecom.com/images/products/3/LN_508035_BP_3.jpg,https://www.waitrose.com/ecom/products/dove-advanced-cucumber-anti-perspirant/508035-802543-802544,Dove Advanced Cucumber Anti-Perspirant,200ml,£3.15,£1.58/100ml,Save 1/3. Was £4.75,"Toiletries, Health & Beauty"
891428,Method Sweet Water Hand Wash,G,false,415,https://ecom-su-static-prod.wtrecom.com/images/products/3/LN_891428_BP_3.jpg,https://www.waitrose.com/ecom/products/method-sweet-water-hand-wash/891428-604872-604873,Method Sweet Water Hand Wash,354ml,£2.90,81.9p/100ml,,"Toiletries, Health & Beauty"
878630,Nivea Men Cool Kick Roll On Antiperspirant,G,true,416,https://ecom-su-static-prod.wtrecom.com/images/products/3/LN_878630_BP_3.jpg,https://www.waitrose.com/ecom/products/nivea-men-cool-kick-roll-on-antiperspirant/878630-804618-804619,Nivea Men Cool Kick Roll On Antiperspirant,50ml,£1.75,£3.50/100ml,20% Off. Was £2.20,"Toiletries, Health & Beauty"
625127,Gillette Series Sensitive Shave Foam,G,false,417,https://ecom-su-static-prod.wtrecom.com/images/products/3/LN_625127_BP_3.jpg,https://www.waitrose.com/ecom/products/gillette-series-sensitive-shave-foam/625127-411433-411434,Gillette Series Sensitive Shave Foam,250ml,£3.00,£1.20/100ml,,"Toiletries, Health & Beauty"
627460,Aussie Mega Shampoo,G,false,418,https://ecom-su-static-prod.wtrecom.com/images/products/3/LN_627460_BP_3.jpg,https://www.waitrose.com/ecom/products/aussie-mega-shampoo/627460-154629-154630,Aussie Mega Shampoo,500ml,£6.00,£1.20/100ml,,"Toiletries, Health & Beauty"
011495,John Frieda Volume Lift Shampoo,G,false,419,https://ecom-su-static-prod.wtrecom.com/images/products/3/LN_011495_BP_3.jpg,https://www.waitrose.com/ecom/products/john-frieda-volume-lift-shampoo/011495-5706-5707,John Frieda Volume Lift Shampoo,250ml,£6.00,£2.40/100ml,,"Toiletries, Health & Beauty"
008911,Elnett Normal Hold Hairspray,G,false,420,https://ecom-su-static-prod.wtrecom.com/images/products/3/LN_008911_BP_3.jpg,https://www.waitrose.com/ecom/products/elnett-normal-hold-hairspray/008911-4239-4240,Elnett Normal Hold Hairspray,400ml,£7.90,£1.98/100ml,,"Toiletries, Health & Beauty"
636087,Colgate Fluori Gard Rinse,G,false,421,https://ecom-su-static-prod.wtrecom.com/images/products/3/LN_636087_BP_3.jpg,https://www.waitrose.com/ecom/products/colgate-fluori-gard-rinse/636087-551650-551651,Colgate Fluori Gard Rinse,400ml,£6.30,£1.58/100ml,,"Toiletries, Health & Beauty"
077405,Bodyform Normal Sanitary Towels 14s,G,false,422,https://ecom-su-static-prod.wtrecom.com/images/products/3/LN_077405_BP_3.jpg,https://www.waitrose.com/ecom/products/bodyform-normal-sanitary-towels-14s/077405-39362-39363,Bodyform Normal Sanitary Towels 14s,14s,£1.85,13.2p each,,"Toiletries, Health & Beauty"
457164,Head & Shoulders Classic Shampoo,G,false,423,https://ecom-su-static-prod.wtrecom.com/images/products/3/LN_457164_BP_3.jpg,https://www.waitrose.com/ecom/products/head-shoulders-classic-shampoo/457164-735732-735733,Head & Shoulders Classic Shampoo,250ml,£3.00,£1.20/100ml,,"Toiletries, Health & Beauty"
834609,Colgate Plax Soft Mint Mouthwash,G,false,424,https://ecom-su-static-prod.wtrecom.com/images/products/3/LN_834609_BP_3.jpg,https://www.waitrose.com/ecom/products/colgate-plax-soft-mint-mouthwash/834609-793618-793619,Colgate Plax Soft Mint Mouthwash,500ml,£4.20,84p/100ml,,"Toiletries, Health & Beauty"
532626,Sanex Men Active Control Roll On,G,false,425,https://ecom-su-static-prod.wtrecom.com/images/products/3/LN_532626_BP_3.jpg,https://www.waitrose.com/ecom/products/sanex-men-active-control-roll-on/532626-772750-772751,Sanex Men Active Control Roll On,50ml,£1.80,£3.60/100ml,,"Toiletries, Health & Beauty"
895057,Colgate Max White One Whitening Toothpaste,G,false,426,https://ecom-su-static-prod.wtrecom.com/images/products/3/LN_895057_BP_3.jpg,https://www.waitrose.com/ecom/products/colgate-max-white-one-whitening-toothpaste/895057-822333-822334,Colgate Max White One Whitening Toothpaste,75ml,£6.00,£8/100ml,,"Toiletries, Health & Beauty"
057669,Silvikrin Hairspray Maximum Hold,G,false,427,https://ecom-su-static-prod.wtrecom.com/images/products/3/LN_057669_BP_3.jpg,https://www.waitrose.com/ecom/products/silvikrin-hairspray-maximum-hold/057669-28978-28979,Silvikrin Hairspray Maximum Hold,400ml,£5.00,£1.25/100ml,,"Toiletries, Health & Beauty"
387940,Tampax Regular Tampons With Cardboard Applicator,G,false,428,https://ecom-su-static-prod.wtrecom.com/images/products/3/LN_387940_BP_3.jpg,https://www.waitrose.com/ecom/products/tampax-regular-tampons-with-cardboard-applicator/387940-54522-54523,Tampax Regular Tampons With Cardboard Applicator,20s,£2.10,10.5p each,,"Toiletries, Health & Beauty"
873715,Neutrogena Hand Cream,G,true,429,https://ecom-su-static-prod.wtrecom.com/images/products/3/LN_873715_BP_3.jpg,https://www.waitrose.com/ecom/products/neutrogena-hand-cream/873715-711936-711937,Neutrogena Hand Cream,50ml,£2.63,£5.26/100ml,Save 1/3. Was £3.95,"Toiletries, Health & Beauty"
017547,Aussie Mega Hair Conditioner,G,true,430,https://ecom-su-static-prod.wtrecom.com/images/products/3/LN_017547_BP_3.jpg,https://www.waitrose.com/ecom/products/aussie-mega-hair-conditioner/017547-8530-8531,Aussie Mega Hair Conditioner,200ml,£3.00,£1.50/100ml,Save 1/3. Was £4.50,"Toiletries, Health & Beauty"
426855,Nivea Soft Moisturising Cream,G,true,431,https://ecom-su-static-prod.wtrecom.com/images/products/3/LN_426855_BP_3.jpg,https://www.waitrose.com/ecom/products/nivea-soft-moisturising-cream/426855-60079-60080,Nivea Soft Moisturising Cream,300ml,£5.80,£1.94/100ml,Save 1/3. Was £8.70,"Toiletries, Health & Beauty"
413894,Fisherman's Friend Original Lozenges,G,false,432,https://ecom-su-static-prod.wtrecom.com/images/products/3/LN_413894_BP_3.jpg,https://www.waitrose.com/ecom/products/fishermans-friend-original-lozenges/413894-311112-311113,Fisherman's Friend Original Lozenges,25g,£1.00,£4/100g,,"Toiletries, Health & Beauty"
566194,Ecover Hand Soap Citrus,G,true,433,https://ecom-su-static-prod.wtrecom.com/images/products/3/LN_566194_BP_3.jpg,https://www.waitrose.com/ecom/products/ecover-hand-soap-citrus/566194-690198-690199,Ecover Hand Soap Citrus,250ml,£3.00,£1.20/100ml,Add 2 for £4.80,"Toiletries, Health & Beauty"
932690,Original Source Vanilla & Raspberry Shower Gel,G,true,434,https://ecom-su-static-prod.wtrecom.com/images/products/3/LN_932690_BP_3.jpg,https://www.waitrose.com/ecom/products/original-source-vanilla-raspberry-shower-gel/932690-825674-825675,Original Source Vanilla & Raspberry Shower Gel,250ml,£1.00,40p/100ml,Save 1/3. Was £1.50,"Toiletries, Health & Beauty"
725068,Faith in Nature Lavender & Geranium Shampoo,G,false,435,https://ecom-su-static-prod.wtrecom.com/images/products/3/LN_725068_BP_3.jpg,https://www.waitrose.com/ecom/products/faith-in-nature-lavender-geranium-shampoo/725068-723986-723987,Faith in Nature Lavender & Geranium Shampoo,400ml,£8.00,£2/100ml,,"Toiletries, Health & Beauty"
545921,Sanex Dermo Invisible Roll On,G,true,436,https://ecom-su-static-prod.wtrecom.com/images/products/3/LN_545921_BP_3.jpg,https://www.waitrose.com/ecom/products/sanex-dermo-invisible-roll-on/545921-729686-729687,Sanex Dermo Invisible Roll On,50ml,£1.25,£2.50/100ml,save 55p. Was £1.80,"Toiletries, Health & Beauty"
047659,Aquafresh Toothpaste Baby Milk Teeth 0-2,G,false,437,https://ecom-su-static-prod.wtrecom.com/images/products/3/LN_047659_BP_3.jpg,https://www.waitrose.com/ecom/products/aquafresh-toothpaste-baby-milk-teeth-0-2/047659-23556-23557,Aquafresh Toothpaste Baby Milk Teeth 0-2,50ml,£1.80,£3.60/100ml,,"Toiletries, Health & Beauty"
826516,Carex Advanced Macadamia Handwash,G,false,438,https://ecom-su-static-prod.wtrecom.com/images/products/3/LN_826516_BP_3.jpg,https://www.waitrose.com/ecom/products/carex-advanced-macadamia-handwash/826516-793610-793611,Carex Advanced Macadamia Handwash,250ml,£1.90,76p/100ml,,"Toiletries, Health & Beauty"
894028,Waitrose High Strength Vitamin D,G,false,439,https://ecom-su-static-prod.wtrecom.com/images/products/3/LN_894028_BP_3.jpg,https://www.waitrose.com/ecom/products/waitrose-high-strength-vitamin-d/894028-766022-766023,Waitrose High Strength Vitamin D,90Each,£3.70,4.1p each,,"Toiletries, Health & Beauty"
796937,Sure Men Sensitive Antiperspirant Stick,G,false,440,https://ecom-su-static-prod.wtrecom.com/images/products/3/LN_796937_BP_3.jpg,https://www.waitrose.com/ecom/products/sure-men-sensitive-antiperspirant-stick/796937-812984-812985,Sure Men Sensitive Antiperspirant Stick,50ml,£3.00,£6/100ml,,"Toiletries, Health & Beauty"
561112,Nivea Q10 Firming Body Lotion,G,false,441,https://ecom-su-static-prod.wtrecom.com/images/products/3/LN_561112_BP_3.jpg,https://www.waitrose.com/ecom/products/nivea-q10-firming-body-lotion/561112-681007-681008,Nivea Q10 Firming Body Lotion,400ml,£12.00,£3/100ml,,"Toiletries, Health & Beauty"
866197,Aveeno Skin Relief Moisturising Lotion,G,false,442,https://ecom-su-static-prod.wtrecom.com/images/products/3/LN_866197_BP_3.jpg,https://www.waitrose.com/ecom/products/aveeno-skin-relief-moisturising-lotion/866197-339747-339748,Aveeno Skin Relief Moisturising Lotion,200ml,£7.35,£3.68/100ml,,"Toiletries, Health & Beauty"
437976,Head & Shoulders Classic Clean 2in1 Shampoo,G,true,443,https://ecom-su-static-prod.wtrecom.com/images/products/3/LN_437976_BP_3.jpg,https://www.waitrose.com/ecom/products/head-shoulders-classic-clean-2in1-shampoo/437976-563087-563088,Head & Shoulders Classic Clean 2in1 Shampoo,330ml,£3.50,£1.07/100ml,save £1.50. Was £5.00,"Toiletries, Health & Beauty"
797150,Essential Large Dressing,G,false,444,https://ecom-su-static-prod.wtrecom.com/images/products/3/LN_797150_BP_3.jpg,https://www.waitrose.com/ecom/products/essential-large-dressing/797150-656035-656036,Essential Large Dressing,5s,£1.55,31p each,,"Toiletries, Health & Beauty"
720123,Sensodyne Rapid Relief Whitening,G,true,445,https://ecom-su-static-prod.wtrecom.com/images/products/3/LN_720123_BP_3.jpg,https://www.waitrose.com/ecom/products/sensodyne-rapid-relief-whitening/720123-586744-586745,Sensodyne Rapid Relief Whitening,75ml,£3.50,£4.67/100ml,Save 1/3. Was £5.25,"Toiletries, Health & Beauty"
604507,Aveeno Daily Moisturising Lotion,G,false,446,https://ecom-su-static-prod.wtrecom.com/images/products/3/LN_604507_BP_3.jpg,https://www.waitrose.com/ecom/products/aveeno-daily-moisturising-lotion/604507-85741-85742,Aveeno Daily Moisturising Lotion,200ml,£6.90,£3.45/100ml,,"Toiletries, Health & Beauty"
092811,Aquafresh Toothbrush Kids Little Teeth,G,true,447,https://ecom-su-static-prod.wtrecom.com/images/products/3/LN_092811_BP_3.jpg,https://www.waitrose.com/ecom/products/aquafresh-toothbrush-kids-little-teeth/092811-47719-47720,Aquafresh Toothbrush Kids Little Teeth,1s,£2.60,£2.60 each,Add 2 for £3.30,"Toiletries, Health & Beauty"
002401,E45 Moisturiser Lotion for Dry Skin,G,true,448,https://ecom-su-static-prod.wtrecom.com/images/products/3/LN_002401_BP_3.jpg,https://www.waitrose.com/ecom/products/e45-moisturiser-lotion-for-dry-skin/002401-794-795,E45 Moisturiser Lotion for Dry Skin,500ml,£6.66,£1.34/100ml,Save 1/3. Was £10.00,"Toiletries, Health & Beauty"
455000,Colgate Sensitive Instant Relief Whitening Toothpaste,G,false,449,https://ecom-su-static-prod.wtrecom.com/images/products/3/LN_455000_BP_3.jpg,https://www.waitrose.com/ecom/products/colgate-sensitive-instant-relief-whitening-toothpaste/455000-822061-822062,Colgate Sensitive Instant Relief Whitening Toothpaste,75ml,£6.00,£8/100ml,,"Toiletries, Health & Beauty"
491049,Baylis & Harding White Tea & Neroli,G,false,450,https://ecom-su-static-prod.wtrecom.com/images/products/3/LN_491049_BP_3.jpg,https://www.waitrose.com/ecom/products/baylis-harding-white-tea-neroli/491049-719434-719435,Baylis & Harding White Tea & Neroli,500ml,£3.00,60p/100ml,,"Toiletries, Health & Beauty"
747407,Pantene Classic Clean 3in1,G,false,451,https://ecom-su-static-prod.wtrecom.com/images/products/3/LN_747407_BP_3.jpg,https://www.waitrose.com/ecom/products/pantene-classic-clean-3in1/747407-793554-793555,Pantene Classic Clean 3in1,400ml,£4.75,£1.19/100ml,,"Toiletries, Health & Beauty"
066332,Elnett Extra Strong Hold,G,false,452,https://ecom-su-static-prod.wtrecom.com/images/products/3/LN_066332_BP_3.jpg,https://www.waitrose.com/ecom/products/elnett-extra-strong-hold/066332-33590-33591,Elnett Extra Strong Hold,200ml,£5.00,£2.50/100ml,,"Toiletries, Health & Beauty"
846293,INEOS Hygienics Hand Sanitiser Wipes,G,false,453,https://ecom-su-static-prod.wtrecom.com/images/products/3/LN_846293_BP_3.jpg,https://www.waitrose.com/ecom/products/ineos-hygienics-hand-sanitiser-wipes/846293-769272-769273,INEOS Hygienics Hand Sanitiser Wipes,15 sheets,£1.25,£8.34/100 sheets,,"Toiletries, Health & Beauty"
462694,Natracare Ultra Extra Pads Normal,G,false,454,https://ecom-su-static-prod.wtrecom.com/images/products/3/LN_462694_BP_3.jpg,https://www.waitrose.com/ecom/products/natracare-ultra-extra-pads-normal/462694-696052-696053,Natracare Ultra Extra Pads Normal,12s,£2.75,22.9p each,,"Toiletries, Health & Beauty"
812156,Listerine Reach Firm Toothbrushes,G,false,455,https://ecom-su-static-prod.wtrecom.com/images/products/3/LN_812156_BP_3.jpg,https://www.waitrose.com/ecom/products/listerine-reach-firm-toothbrushes/812156-658705-658706,Listerine Reach Firm Toothbrushes,2x1Each,£2.20,£1.10 each,,"Toiletries, Health & Beauty"
771537,Sure Men Deodorant Quantum Dry,G,false,456,https://ecom-su-static-prod.wtrecom.com/images/products/3/LN_771537_BP_3.jpg,https://www.waitrose.com/ecom/products/sure-men-deodorant-quantum-dry/771537-804596-804597,Sure Men Deodorant Quantum Dry,200ml,£3.00,£1.50/100ml,,"Toiletries, Health & Beauty"
535961,Essential Nourishing Shampoo,G,false,457,https://ecom-su-static-prod.wtrecom.com/images/products/3/LN_535961_BP_3.jpg,https://www.waitrose.com/ecom/products/essential-nourishing-shampoo/535961-75786-75787,Essential Nourishing Shampoo,300ml,£1.75,58.3p/100ml,,"Toiletries, Health & Beauty"
763209,Colgate Max White Medium Toothbrush,G,true,458,https://ecom-su-static-prod.wtrecom.com/images/products/3/LN_763209_BP_3.jpg,https://www.waitrose.com/ecom/products/colgate-max-white-medium-toothbrush/763209-793566-793567,Colgate Max White Medium Toothbrush,3s,£3.50,£1.17 each,Half Price. Was £7.00,"Toiletries, Health & Beauty"
096232,Aussie Mega Shampoo,G,true,459,https://ecom-su-static-prod.wtrecom.com/images/products/3/LN_096232_BP_3.jpg,https://www.waitrose.com/ecom/products/aussie-mega-shampoo/096232-49248-49249,Aussie Mega Shampoo,300ml,£3.00,£1/100ml,Save 1/3. Was £4.50,"Toiletries, Health & Beauty"
833730,Sure Women Deodorant Bright Bouquet,G,false,460,https://ecom-su-static-prod.wtrecom.com/images/products/3/LN_833730_BP_3.jpg,https://www.waitrose.com/ecom/products/sure-women-deodorant-bright-bouquet/833730-802638-802639,Sure Women Deodorant Bright Bouquet,200ml,£3.00,£1.50/100ml,,"Toiletries, Health & Beauty"
421173,Weleda Calendula Shampoo & Body Wash,G,false,461,https://ecom-su-static-prod.wtrecom.com/images/products/3/LN_421173_BP_3.jpg,https://www.waitrose.com/ecom/products/weleda-calendula-shampoo-body-wash/421173-59252-59253,Weleda Calendula Shampoo & Body Wash,200ml,£7.60,£3.80/100ml,,"Toiletries, Health & Beauty"
567552,Femfresh Wipes,G,true,462,https://ecom-su-static-prod.wtrecom.com/images/products/3/LN_567552_BP_3.jpg,https://www.waitrose.com/ecom/products/femfresh-wipes/567552-696134-696135,Femfresh Wipes,25Each,£2.25,9p each,save 65p. Was £2.90,"Toiletries, Health & Beauty"
073564,Silvikrin Hairspray Firm Hold,G,false,463,https://ecom-su-static-prod.wtrecom.com/images/products/3/LN_073564_BP_3.jpg,https://www.waitrose.com/ecom/products/silvikrin-hairspray-firm-hold/073564-37316-37317,Silvikrin Hairspray Firm Hold,400ml,£5.00,£1.25/100ml,,"Toiletries, Health & Beauty"
554805,Femfresh 0% Wash,G,true,464,https://ecom-su-static-prod.wtrecom.com/images/products/3/LN_554805_BP_3.jpg,https://www.waitrose.com/ecom/products/femfresh-0-wash/554805-695505-695506,Femfresh 0% Wash,250ml,£2.25,90p/100ml,save 65p. Was £2.90,"Toiletries, Health & Beauty"
625341,Oral-B Pro Expert Protection Toothpaste,G,false,465,https://ecom-su-static-prod.wtrecom.com/images/products/3/LN_625341_BP_3.jpg,https://www.waitrose.com/ecom/products/oral-b-pro-expert-protection-toothpaste/625341-804580-804581,Oral-B Pro Expert Protection Toothpaste,2x75ml,£8.00,£5.34/100ml,,"Toiletries, Health & Beauty"
656835,Faith in Nature Wild Rose Hand Wash,G,true,466,https://ecom-su-static-prod.wtrecom.com/images/products/3/LN_656835_BP_3.jpg,https://www.waitrose.com/ecom/products/faith-in-nature-wild-rose-hand-wash/656835-805793-805794,Faith in Nature Wild Rose Hand Wash,400ml,£3.06,76.5p/100ml,Save 1/3. Was £4.60,"Toiletries, Health & Beauty"
872030,Dove Men+Care Extra Fresh Body & Face Wash,G,true,467,https://ecom-su-static-prod.wtrecom.com/images/products/3/LN_872030_BP_3.jpg,https://www.waitrose.com/ecom/products/dove-mencare-extra-fresh-body-face-wash/872030-756223-756224,Dove Men+Care Extra Fresh Body & Face Wash,400ml,£2.30,57.5p/100ml,Save 1/3. Was £3.50,"Toiletries, Health & Beauty"
804571,Faith in Nature Wild Rose Soap,G,true,468,https://ecom-su-static-prod.wtrecom.com/images/products/3/LN_804571_BP_3.jpg,https://www.waitrose.com/ecom/products/faith-in-nature-wild-rose-soap/804571-793592-793593,Faith in Nature Wild Rose Soap,100g,£2.15,£2.15/100g,Save 1/3. Was £3.25,"Toiletries, Health & Beauty"
584289,Bodyform Long Sanitary Towels 12s,G,false,469,https://ecom-su-static-prod.wtrecom.com/images/products/3/LN_584289_BP_3.jpg,https://www.waitrose.com/ecom/products/bodyform-long-sanitary-towels-12s/584289-728276-728277,Bodyform Long Sanitary Towels 12s,12s,£1.85,15.4p each,,"Toiletries, Health & Beauty"
494393,Rockface Original Body Spray,G,true,470,https://ecom-su-static-prod.wtrecom.com/images/products/3/LN_494393_BP_3.jpg,https://www.waitrose.com/ecom/products/rockface-original-body-spray/494393-772746-772747,Rockface Original Body Spray,200ml,£2.45,£1.23/100ml,Save 1/3. Was £3.70,"Toiletries, Health & Beauty"
828875,Nurofen Express 256mg Ibuprofen Tablets,G,false,471,https://ecom-su-static-prod.wtrecom.com/images/products/3/LN_828875_BP_3.jpg,https://www.waitrose.com/ecom/products/nurofen-express-256mg-ibuprofen-tablets/828875-724107-724108,Nurofen Express 256mg Ibuprofen Tablets,16s,£4.15,25.9p each,,"Toiletries, Health & Beauty"
845135,Wisdom Clean Between Pro Medium Brushes,G,false,472,https://ecom-su-static-prod.wtrecom.com/images/products/3/LN_845135_BP_3.jpg,https://www.waitrose.com/ecom/products/wisdom-clean-between-pro-medium-brushes/845135-711318-711319,Wisdom Clean Between Pro Medium Brushes,30s,£3.15,£3.15 each,,"Toiletries, Health & Beauty"
835290,Waitrose Red Ginger & Yuzu Soap,G,false,473,https://ecom-su-static-prod.wtrecom.com/images/products/3/LN_835290_BP_3.jpg,https://www.waitrose.com/ecom/products/waitrose-red-ginger-yuzu-soap/835290-769258-769259,Waitrose Red Ginger & Yuzu Soap,100g,£1.60,£1.60/100g,,"Toiletries, Health & Beauty"
802574,Oral-B Gum & Enamel Whitening Toothpaste,G,false,474,https://ecom-su-static-prod.wtrecom.com/images/products/3/LN_802574_BP_3.jpg,https://www.waitrose.com/ecom/products/oral-b-gum-enamel-whitening-toothpaste/802574-612766-612767,Oral-B Gum & Enamel Whitening Toothpaste,75ml,£5.00,£6.67/100ml,,"Toiletries, Health & Beauty"
556359,Dove Men +Care Deodorant Extra Fresh,G,true,475,https://ecom-su-static-prod.wtrecom.com/images/products/3/LN_556359_BP_3.jpg,https://www.waitrose.com/ecom/products/dove-men-care-deodorant-extra-fresh/556359-804574-804575,Dove Men +Care Deodorant Extra Fresh,200ml,£3.15,£1.58/100ml,Save 1/3. Was £4.75,"Toiletries, Health & Beauty"
744088,Gaviscon Double Action Berries Indigestion Tablets,G,false,476,https://ecom-su-static-prod.wtrecom.com/images/products/3/LN_744088_BP_3.jpg,https://www.waitrose.com/ecom/products/gaviscon-double-action-berries-indigestion-tablets/744088-693150-693151,Gaviscon Double Action Berries Indigestion Tablets,24s,£6.80,28.3p each,,"Toiletries, Health & Beauty"
573661,Listerine Total Care Milder Taste,G,true,477,https://ecom-su-static-prod.wtrecom.com/images/products/3/LN_573661_BP_3.jpg,https://www.waitrose.com/ecom/products/listerine-total-care-milder-taste/573661-168578-168579,Listerine Total Care Milder Taste,500ml,£3.65,73p/100ml,Save 1/3. Was £5.50,"Toiletries, Health & Beauty"
697935,Badedas Bath Gelee,G,false,478,https://ecom-su-static-prod.wtrecom.com/images/products/3/LN_697935_BP_3.jpg,https://www.waitrose.com/ecom/products/badedas-bath-gelee/697935-793530-793531,Badedas Bath Gelee,300ml,£6.00,£2/100ml,,"Toiletries, Health & Beauty"
613348,Who Gives A Crap 100% Recycled Facial Tissues,G,false,479,https://ecom-su-static-prod.wtrecom.com/images/products/3/LN_613348_BP_3.jpg,https://www.waitrose.com/ecom/products/who-gives-a-crap-100-recycled-facial-tissues/613348-805032-805033,Who Gives A Crap 100% Recycled Facial Tissues,66 sheets,£1.65,25p/10 sheets,,"Toiletries, Health & Beauty"
620208,Nivea Black & White Invisible Roll-On,G,true,480,https://ecom-su-static-prod.wtrecom.com/images/products/3/LN_620208_BP_3.jpg,https://www.waitrose.com/ecom/products/nivea-black-white-invisible-roll-on/620208-729720-729721,Nivea Black & White Invisible Roll-On,50ml,£1.60,£3.20/100ml,20% Off. Was £2.00,"Toiletries, Health & Beauty"
033231,Hello,G,false,481,https://ecom-su-static-prod.wtrecom.com/images/products/3/LN_033231_BP_3.jpg,https://www.waitrose.com/ecom/products/hello/033231-16451-16452,Hello,Each,£3.40,,,"Toiletries, Health & Beauty"
703251,Mitchum Men 48 Hr Ice Fresh,G,false,482,https://ecom-su-static-prod.wtrecom.com/images/products/3/LN_703251_BP_3.jpg,https://www.waitrose.com/ecom/products/mitchum-men-48-hr-ice-fresh/703251-504597-504598,Mitchum Men 48 Hr Ice Fresh,200ml,£3.50,£1.75/100ml,,"Toiletries, Health & Beauty"
584030,Herbal Essences Dazzling Shine Conditioner,G,false,483,https://ecom-su-static-prod.wtrecom.com/images/products/3/LN_584030_BP_3.jpg,https://www.waitrose.com/ecom/products/herbal-essences-dazzling-shine-conditioner/584030-793458-793459,Herbal Essences Dazzling Shine Conditioner,400ml,£3.00,75p/100ml,,"Toiletries, Health & Beauty"
454411,Savlon Antiseptic Cream,G,false,484,https://ecom-su-static-prod.wtrecom.com/images/products/3/LN_454411_BP_3.jpg,https://www.waitrose.com/ecom/products/savlon-antiseptic-cream/454411-131591-131592,Savlon Antiseptic Cream,100g,£4.70,£4.70/100g,,"Toiletries, Health & Beauty"
023200,Mitchum Advanced 48 Hour Shower Fresh,G,false,485,https://ecom-su-static-prod.wtrecom.com/images/products/3/LN_023200_BP_3.jpg,https://www.waitrose.com/ecom/products/mitchum-advanced-48-hour-shower-fresh/023200-11275-11276,Mitchum Advanced 48 Hour Shower Fresh,200ml,£3.50,£1.75/100ml,,"Toiletries, Health & Beauty"
865031,Faith in Nature Coconut Soap,G,true,486,https://ecom-su-static-prod.wtrecom.com/images/products/3/LN_865031_BP_3.jpg,https://www.waitrose.com/ecom/products/faith-in-nature-coconut-soap/865031-719957-719958,Faith in Nature Coconut Soap,100g,£2.15,£2.15/100g,Save 1/3. Was £3.25,"Toiletries, Health & Beauty"
882578,Lynx Black Shower Gel,G,false,487,https://ecom-su-static-prod.wtrecom.com/images/products/3/LN_882578_BP_3.jpg,https://www.waitrose.com/ecom/products/lynx-black-shower-gel/882578-714887-714888,Lynx Black Shower Gel,500ml,£2.90,58p/100ml,,"Toiletries, Health & Beauty"
575911,Nivea Rich Nourishing Lotion,G,false,488,https://ecom-su-static-prod.wtrecom.com/images/products/3/LN_575911_BP_3.jpg,https://www.waitrose.com/ecom/products/nivea-rich-nourishing-lotion/575911-681021-681022,Nivea Rich Nourishing Lotion,400ml,£8.00,£2/100ml,,"Toiletries, Health & Beauty"
024036,Gillette Sensor 3 Razors,G,false,489,https://ecom-su-static-prod.wtrecom.com/images/products/3/LN_024036_BP_3.jpg,https://www.waitrose.com/ecom/products/gillette-sensor-3-razors/024036-11652-11653,Gillette Sensor 3 Razors,4s,£5.50,£1.38 each,,"Toiletries, Health & Beauty"
710269,Garnier Invisible Protect Refresh SPF 50,G,true,490,https://ecom-su-static-prod.wtrecom.com/images/products/3/LN_710269_BP_3.jpg,https://www.waitrose.com/ecom/products/garnier-invisible-protect-refresh-spf-50/710269-780741-780742,Garnier Invisible Protect Refresh SPF 50,200ml,£6.00,£3/100ml,20% Off. Was £7.50,"Toiletries, Health & Beauty"
887295,Baylis & Harding Mandarin & Grapefruit,G,false,491,https://ecom-su-static-prod.wtrecom.com/images/products/3/LN_887295_BP_3.jpg,https://www.waitrose.com/ecom/products/baylis-harding-mandarin-grapefruit/887295-765956-765957,Baylis & Harding Mandarin & Grapefruit,2litre,£6.50,£3.25/litre,,"Toiletries, Health & Beauty"
792885,TePe EasyPick M/L,G,false,492,https://ecom-su-static-prod.wtrecom.com/images/products/3/LN_792885_BP_3.jpg,https://www.waitrose.com/ecom/products/tepe-easypick-m-l/792885-658635-658636,TePe EasyPick M/L,36s,£4.35,12.1p each,,"Toiletries, Health & Beauty"
853982,Batiste Blush Dry Shampoo,G,false,493,https://ecom-su-static-prod.wtrecom.com/images/products/3/LN_853982_BP_3.jpg,https://www.waitrose.com/ecom/products/batiste-blush-dry-shampoo/853982-154925-154926,Batiste Blush Dry Shampoo,200ml,£3.35,£1.68/100ml,,"Toiletries, Health & Beauty"
614538,Oral-B 3D White Express Whitening Toothpaste,G,true,494,https://ecom-su-static-prod.wtrecom.com/images/products/3/LN_614538_BP_3.jpg,https://www.waitrose.com/ecom/products/oral-b-3d-white-express-whitening-toothpaste/614538-814973-814974,Oral-B 3D White Express Whitening Toothpaste,75ml,£5.00,£6.67/100ml,Half Price. Was £10.00,"Toiletries, Health & Beauty"
074566,Simple Kind to Skin Refreshing Facial Wash,G,true,495,https://ecom-su-static-prod.wtrecom.com/images/products/3/LN_074566_BP_3.jpg,https://www.waitrose.com/ecom/products/simple-kind-to-skin-refreshing-facial-wash/074566-37842-37843,Simple Kind to Skin Refreshing Facial Wash,150ml,£2.10,£1.40/100ml,Save 1/3. Was £3.15,"Toiletries, Health & Beauty"
860207,Always Maxi Sanitary Towels Profresh Night Size3 Pads,G,false,496,https://ecom-su-static-prod.wtrecom.com/images/products/3/LN_860207_BP_3.jpg,https://www.waitrose.com/ecom/products/always-maxi-sanitary-towels-profresh-night-size3-pads/860207-684437-684438,Always Maxi Sanitary Towels Profresh Night Size3 Pads,9s,£2.50,27.8p each,,"Toiletries, Health & Beauty"
873274,Essential Clear Plasters,G,false,497,https://ecom-su-static-prod.wtrecom.com/images/products/3/LN_873274_BP_3.jpg,https://www.waitrose.com/ecom/products/essential-clear-plasters/873274-311480-311481,Essential Clear Plasters,40s,£1.50,3.8p each,,"Toiletries, Health & Beauty"
855011,Method Lavender Hand Wash Refill,G,true,498,https://ecom-su-static-prod.wtrecom.com/images/products/3/LN_855011_BP_3.jpg,https://www.waitrose.com/ecom/products/method-lavender-hand-wash-refill/855011-729820-729821,Method Lavender Hand Wash Refill,1litre,£6.60,66p/100ml,save £1.00. Was £7.60,"Toiletries, Health & Beauty"
612805,Little Soap Co. Pure Rose Geranium Soap Bar,G,false,499,https://ecom-su-static-prod.wtrecom.com/images/products/3/LN_612805_BP_3.jpg,https://www.waitrose.com/ecom/products/little-soap-co-pure-rose-geranium-soap-bar/612805-454152-454153,Little Soap Co. Pure Rose Geranium Soap Bar,110g,£4.00,£3.64/100g,,"Toiletries, Health & Beauty"
427668,Herbal Essences Coconut Hydrate Shampoo,G,false,500,https://ecom-su-static-prod.wtrecom.com/images/products/3/LN_427668_BP_3.jpg,https://www.waitrose.com/ecom/products/herbal-essences-coconut-hydrate-shampoo/427668-591713-591714,Herbal Essences Coconut Hydrate Shampoo,350ml,£4.75,£1.36/100ml,,"Toiletries, Health & Beauty"
789074,Oral-B 3D White Luxe Glamourous White Toothpaste,G,false,501,https://ecom-su-static-prod.wtrecom.com/images/products/3/LN_789074_BP_3.jpg,https://www.waitrose.com/ecom/products/oral-b-3d-white-luxe-glamourous-white-toothpaste/789074-586850-586851,Oral-B 3D White Luxe Glamourous White Toothpaste,75ml,£6.00,£8/100ml,,"Toiletries, Health & Beauty"
959469,INEOS Moisturising Hand Wash Rhubarb + Tonka,G,true,502,https://ecom-su-static-prod.wtrecom.com/images/products/3/LN_959469_BP_3.jpg,https://www.waitrose.com/ecom/products/ineos-moisturising-hand-wash-rhubarb-tonka/959469-825726-825727,INEOS Moisturising Hand Wash Rhubarb + Tonka,500ml,£1.60,32p/100ml,20% Off. Was £2.00,"Toiletries, Health & Beauty"
072158,Neal's Yard Geranium & Orange Shower Gel,G,false,503,https://ecom-su-static-prod.wtrecom.com/images/products/3/LN_072158_BP_3.jpg,https://www.waitrose.com/ecom/products/neals-yard-geranium-orange-shower-gel/072158-36629-36630,Neal's Yard Geranium & Orange Shower Gel,200ml,£15.00,£7.50/100ml,,"Toiletries, Health & Beauty"
585369,Nivea Q10 Firming Dry Skin Body Lotion,G,false,504,https://ecom-su-static-prod.wtrecom.com/images/products/3/LN_585369_BP_3.jpg,https://www.waitrose.com/ecom/products/nivea-q10-firming-dry-skin-body-lotion/585369-745115-745116,Nivea Q10 Firming Dry Skin Body Lotion,400ml,£10.00,£2.50/100ml,,"Toiletries, Health & Beauty"
071626,Calpol Sugar Free Infant,G,false,505,https://ecom-su-static-prod.wtrecom.com/images/products/3/LN_071626_BP_3.jpg,https://www.waitrose.com/ecom/products/calpol-sugar-free-infant/071626-36356-36357,Calpol Sugar Free Infant,100ml,£4.30,£4.30/100ml,,"Toiletries, Health & Beauty"
604965,Natracare Ultra Extra Pads Super,G,false,506,https://ecom-su-static-prod.wtrecom.com/images/products/3/LN_604965_BP_3.jpg,https://www.waitrose.com/ecom/products/natracare-ultra-extra-pads-super/604965-696166-696167,Natracare Ultra Extra Pads Super,10s,£2.75,27.5p each,,"Toiletries, Health & Beauty"
896351,Rock Face Power Deodorant,G,false,507,https://ecom-su-static-prod.wtrecom.com/images/products/3/LN_896351_BP_3.jpg,https://www.waitrose.com/ecom/products/rock-face-power-deodorant/896351-772796-772797,Rock Face Power Deodorant,200ml,£3.50,£1.75/100ml,,"Toiletries, Health & Beauty"
371190,Anadin Ibuprofen Liquid Capsules Ultra,G,true,508,https://ecom-su-static-prod.wtrecom.com/images/products/3/LN_371190_BP_3.jpg,https://www.waitrose.com/ecom/products/anadin-ibuprofen-liquid-capsules-ultra/371190-52186-52187,Anadin Ibuprofen Liquid Capsules Ultra,16s,£2.10,13.1p each,Save 1/3. Was £3.15,"Toiletries, Health & Beauty"
847454,Faith in Nature Grapefruit & Orange Shampoo,G,false,509,https://ecom-su-static-prod.wtrecom.com/images/products/3/LN_847454_BP_3.jpg,https://www.waitrose.com/ecom/products/faith-in-nature-grapefruit-orange-shampoo/847454-724141-724142,Faith in Nature Grapefruit & Orange Shampoo,400ml,£8.00,£2/100ml,,"Toiletries, Health & Beauty"
818527,Naturya Organic Cacao Powder,G,false,510,https://ecom-su-static-prod.wtrecom.com/images/products/3/LN_818527_BP_3.jpg,https://www.waitrose.com/ecom/products/naturya-organic-cacao-powder/818527-585685-585686,Naturya Organic Cacao Powder,125g,£4.20,£3.36/100g,,"Toiletries, Health & Beauty"
634020,Little Soap Co. Pure Rose Geranium Handsoap,G,false,511,https://ecom-su-static-prod.wtrecom.com/images/products/3/LN_634020_BP_3.jpg,https://www.waitrose.com/ecom/products/little-soap-co-pure-rose-geranium-handsoap/634020-454288-454289,Little Soap Co. Pure Rose Geranium Handsoap,250ml,£6.00,£2.40/100ml,,"Toiletries, Health & Beauty"
900276,Sanex Dermo Sensitive Antiperspirant Spray,G,false,512,https://ecom-su-static-prod.wtrecom.com/images/products/3/LN_900276_BP_3.jpg,https://www.waitrose.com/ecom/products/sanex-dermo-sensitive-antiperspirant-spray/900276-826784-826785,Sanex Dermo Sensitive Antiperspirant Spray,200ml,£3.20,£1.60/100ml,,"Toiletries, Health & Beauty"
814501,Galpharm Aspirin Gastro-Resistant,G,false,513,https://ecom-su-static-prod.wtrecom.com/images/products/3/LN_814501_BP_3.jpg,https://www.waitrose.com/ecom/products/galpharm-aspirin-gastro-resistant/814501-730892-730893,Galpharm Aspirin Gastro-Resistant,28s,£1.60,5.7p each,,"Toiletries, Health & Beauty"
813023,Always Platinum Day & Night Size3 Pads,G,true,514,https://ecom-su-static-prod.wtrecom.com/images/products/3/LN_813023_BP_3.jpg,https://www.waitrose.com/ecom/products/always-platinum-day-night-size3-pads/813023-684359-684360,Always Platinum Day & Night Size3 Pads,16s,£3.55,22.2p each,Add 2 for £6,"Toiletries, Health & Beauty"
823722,Cutex Ultra-Powerful Nail Polish Remover,G,false,515,https://ecom-su-static-prod.wtrecom.com/images/products/3/LN_823722_BP_3.jpg,https://www.waitrose.com/ecom/products/cutex-ultra-powerful-nail-polish-remover/823722-719879-719880,Cutex Ultra-Powerful Nail Polish Remover,200ml,£3.15,£1.58/100ml,,"Toiletries, Health & Beauty"
598273,Herbal Essences Rose Shampoo,G,false,516,https://ecom-su-static-prod.wtrecom.com/images/products/3/LN_598273_BP_3.jpg,https://www.waitrose.com/ecom/products/herbal-essences-rose-shampoo/598273-820612-820613,Herbal Essences Rose Shampoo,350ml,£4.75,£1.36/100ml,,"Toiletries, Health & Beauty"
820124,Venus Comfortglide Spa Breeze,G,true,517,https://ecom-su-static-prod.wtrecom.com/images/products/3/LN_820124_BP_3.jpg,https://www.waitrose.com/ecom/products/venus-comfortglide-spa-breeze/820124-393847-393848,Venus Comfortglide Spa Breeze,4s,£11.65,£2.92 each,save £2.00. Was £13.65,"Toiletries, Health & Beauty"
070752,Duracell Plus AA Alkaline,G,false,518,https://ecom-su-static-prod.wtrecom.com/images/products/3/LN_070752_BP_3.jpg,https://www.waitrose.com/ecom/products/duracell-plus-aa-alkaline/070752-35857-35858,Duracell Plus AA Alkaline,4s,£5.00,£1.25 each,,"Toiletries, Health & Beauty"
614223,Sensodyne Sensitivity & Gum Whitening,G,false,519,https://ecom-su-static-prod.wtrecom.com/images/products/3/LN_614223_BP_3.jpg,https://www.waitrose.com/ecom/products/sensodyne-sensitivity-gum-whitening/614223-688309-688310,Sensodyne Sensitivity & Gum Whitening,75ml,£5.80,£7.74/100ml,,"Toiletries, Health & Beauty"
729431,Tampax Super Tampons With Cardboard Applicator,G,false,520,https://ecom-su-static-prod.wtrecom.com/images/products/3/LN_729431_BP_3.jpg,https://www.waitrose.com/ecom/products/tampax-super-tampons-with-cardboard-applicator/729431-103627-103628,Tampax Super Tampons With Cardboard Applicator,20s,£2.10,10.5p each,,"Toiletries, Health & Beauty"
093502,Mitchum Advanced 48 Hr Unscented,G,false,521,https://ecom-su-static-prod.wtrecom.com/images/products/3/LN_093502_BP_3.jpg,https://www.waitrose.com/ecom/products/mitchum-advanced-48-hr-unscented/093502-48022-48023,Mitchum Advanced 48 Hr Unscented,200ml,£3.50,£1.75/100ml,,"Toiletries, Health & Beauty"
086525,Aquafresh Toothbrush Baby Milk Teeth 0-2,G,true,522,https://ecom-su-static-prod.wtrecom.com/images/products/3/LN_086525_BP_3.jpg,https://www.waitrose.com/ecom/products/aquafresh-toothbrush-baby-milk-teeth-0-2/086525-44208-44209,Aquafresh Toothbrush Baby Milk Teeth 0-2,Each,£2.30,£2.30 each,Add 2 for £3.30,"Toiletries, Health & Beauty"
626944,DrSalts Therapy Epsom Bath Salts,G,true,523,https://ecom-su-static-prod.wtrecom.com/images/products/3/LN_626944_BP_3.jpg,https://www.waitrose.com/ecom/products/drsalts-therapy-epsom-bath-salts/626944-766967-766968,DrSalts Therapy Epsom Bath Salts,750g,£4.50,60p/100g,Save 1/3. Was £6.75,"Toiletries, Health & Beauty"
810201,Essential Daily Care 2 in 1,G,false,524,https://ecom-su-static-prod.wtrecom.com/images/products/3/LN_810201_BP_3.jpg,https://www.waitrose.com/ecom/products/essential-daily-care-2-in-1/810201-352482-352483,Essential Daily Care 2 in 1,300ml,£1.75,58.3p/100ml,,"Toiletries, Health & Beauty"
795224,Nivea Pearl & Beauty Anti-Perspirant,G,true,525,https://ecom-su-static-prod.wtrecom.com/images/products/3/LN_795224_BP_3.jpg,https://www.waitrose.com/ecom/products/nivea-pearl-beauty-anti-perspirant/795224-729780-729781,Nivea Pearl & Beauty Anti-Perspirant,250ml,£3.15,£1.26/100ml,Save 1/3. Was £4.75,"Toiletries, Health & Beauty"
072249,Poligrip Denture Adhesive Fixative Cream,G,false,526,https://ecom-su-static-prod.wtrecom.com/images/products/3/LN_072249_BP_3.jpg,https://www.waitrose.com/ecom/products/poligrip-denture-adhesive-fixative-cream/072249-36685-36686,Poligrip Denture Adhesive Fixative Cream,40g,£4.00,£10/100g,,"Toiletries, Health & Beauty"
067129,E45 Cream,G,false,527,https://ecom-su-static-prod.wtrecom.com/images/products/3/LN_067129_BP_3.jpg,https://www.waitrose.com/ecom/products/e45-cream/067129-34008-34009,E45 Cream,125g,£5.50,£4.40/100g,,"Toiletries, Health & Beauty"
735954,Waitrose Multivitamins & Iron,G,false,528,https://ecom-su-static-prod.wtrecom.com/images/products/3/LN_735954_BP_3.jpg,https://www.waitrose.com/ecom/products/waitrose-multivitamins-iron/735954-461942-461943,Waitrose Multivitamins & Iron,90s,£4.00,4.4p each,,"Toiletries, Health & Beauty"
897972,Opticlear Lens Wipes,G,false,529,https://ecom-su-static-prod.wtrecom.com/images/products/3/LN_897972_BP_3.jpg,https://www.waitrose.com/ecom/products/opticlear-lens-wipes/897972-766066-766067,Opticlear Lens Wipes,26s,£1.60,6.2p each,,"Toiletries, Health & Beauty"
090662,Mitchum Powder Deodorant,G,false,530,https://ecom-su-static-prod.wtrecom.com/images/products/3/LN_090662_BP_3.jpg,https://www.waitrose.com/ecom/products/mitchum-powder-deodorant/090662-46703-46704,Mitchum Powder Deodorant,41g,£3.70,£9.03/100g,,"Toiletries, Health & Beauty"
405956,Always Ultra Sanitary Towel Normal Plus Size1 Pads,G,false,531,https://ecom-su-static-prod.wtrecom.com/images/products/3/LN_405956_BP_3.jpg,https://www.waitrose.com/ecom/products/always-ultra-sanitary-towel-normal-plus-size1-pads/405956-382868-382869,Always Ultra Sanitary Towel Normal Plus Size1 Pads,13s,£2.35,18.1p each,,"Toiletries, Health & Beauty"
056169,Nivea Men Sensitive Balm,G,false,532,https://ecom-su-static-prod.wtrecom.com/images/products/3/LN_056169_BP_3.jpg,https://www.waitrose.com/ecom/products/nivea-men-sensitive-balm/056169-28159-28160,Nivea Men Sensitive Balm,100ml,£8.70,£8.70/100ml,,"Toiletries, Health & Beauty"
760794,Ambre Solaire SPF 30 Protection Lotion,G,true,533,https://ecom-su-static-prod.wtrecom.com/images/products/3/LN_760794_BP_3.jpg,https://www.waitrose.com/ecom/products/ambre-solaire-spf-30-protection-lotion/760794-412149-412150,Ambre Solaire SPF 30 Protection Lotion,200ml,£5.40,£2.70/100ml,20% Off. Was £6.75,"Toiletries, Health & Beauty"
050417,E45 Cream,G,true,534,https://ecom-su-static-prod.wtrecom.com/images/products/3/LN_050417_BP_3.jpg,https://www.waitrose.com/ecom/products/e45-cream/050417-25103-25104,E45 Cream,350g,£8.00,£2.29/100g,Save 1/3. Was £12.00,"Toiletries, Health & Beauty"
850456,Vosene Original Anti Dandruff Shampoo,G,false,535,https://ecom-su-static-prod.wtrecom.com/images/products/3/LN_850456_BP_3.jpg,https://www.waitrose.com/ecom/products/vosene-original-anti-dandruff-shampoo/850456-769894-769895,Vosene Original Anti Dandruff Shampoo,300ml,£2.50,83.3p/100ml,,"Toiletries, Health & Beauty"
597020,Elvive Dream Lengths Conditioner,G,false,536,https://ecom-su-static-prod.wtrecom.com/images/products/3/LN_597020_BP_3.jpg,https://www.waitrose.com/ecom/products/elvive-dream-lengths-conditioner/597020-793464-793465,Elvive Dream Lengths Conditioner,300ml,£4.75,£1.59/100ml,,"Toiletries, Health & Beauty"
778297,Pantene Grow Strong Shampoo,G,true,537,https://ecom-su-static-prod.wtrecom.com/images/products/3/LN_778297_BP_3.jpg,https://www.waitrose.com/ecom/products/pantene-grow-strong-shampoo/778297-720309-720310,Pantene Grow Strong Shampoo,400ml,£3.00,75p/100ml,Half Price. Was £6.00,"Toiletries, Health & Beauty"
539476,Wellwoman 70+ Tablets,G,true,538,https://ecom-su-static-prod.wtrecom.com/images/products/3/LN_539476_BP_3.jpg,https://www.waitrose.com/ecom/products/wellwoman-70-tablets/539476-383544-383545,Wellwoman 70+ Tablets,30s,£6.66,22.2p each,Save 1/3. Was £10.00,"Toiletries, Health & Beauty"
899624,TRESemmé Replenish & Cleanse Shampoo,G,true,539,https://ecom-su-static-prod.wtrecom.com/images/products/3/LN_899624_BP_3.jpg,https://www.waitrose.com/ecom/products/tresemme-replenish-cleanse-shampoo/899624-800944-800945,TRESemmé Replenish & Cleanse Shampoo,680ml,£3.00,44.1p/100ml,Save 1/3. Was £4.50,"Toiletries, Health & Beauty"
661567,Dentek Eco Cross Flosser,G,false,540,https://ecom-su-static-prod.wtrecom.com/images/products/3/LN_661567_BP_3.jpg,https://www.waitrose.com/ecom/products/dentek-eco-cross-flosser/661567-759487-759488,Dentek Eco Cross Flosser,30s,£2.50,8.3p each,,"Toiletries, Health & Beauty"
402105,Tampax Compak Regular Tampons With Applicator,G,false,541,https://ecom-su-static-prod.wtrecom.com/images/products/3/LN_402105_BP_3.jpg,https://www.waitrose.com/ecom/products/tampax-compak-regular-tampons-with-applicator/402105-56598-56599,Tampax Compak Regular Tampons With Applicator,18s,£2.80,15.6p each,,"Toiletries, Health & Beauty"
627846,Elastoplast Fabric Plasters,G,true,542,https://ecom-su-static-prod.wtrecom.com/images/products/3/LN_627846_BP_3.jpg,https://www.waitrose.com/ecom/products/elastoplast-fabric-plasters/627846-722187-722188,Elastoplast Fabric Plasters,40s,£2.64,£2.64 each,20% Off. Was £3.30,"Toiletries, Health & Beauty"
522445,Kingfisher Mint Natural Toothpaste,G,false,543,https://ecom-su-static-prod.wtrecom.com/images/products/3/LN_522445_BP_3.jpg,https://www.waitrose.com/ecom/products/kingfisher-mint-natural-toothpaste/522445-73884-73885,Kingfisher Mint Natural Toothpaste,100ml,£4.25,£4.25/100ml,,"Toiletries, Health & Beauty"
752163,Ambre Solaire Hydra 24h Lotion SPF50+,G,true,544,https://ecom-su-static-prod.wtrecom.com/images/products/3/LN_752163_BP_3.jpg,https://www.waitrose.com/ecom/products/ambre-solaire-hydra-24h-lotion-spf50/752163-755741-755742,Ambre Solaire Hydra 24h Lotion SPF50+,200ml,£5.40,£2.70/100ml,20% Off. Was £6.75,"Toiletries, Health & Beauty"
504545,Elastoplast Water Resistant Plasters,G,true,545,https://ecom-su-static-prod.wtrecom.com/images/products/3/LN_504545_BP_3.jpg,https://www.waitrose.com/ecom/products/elastoplast-water-resistant-plasters/504545-788532-788533,Elastoplast Water Resistant Plasters,40s,£2.52,6.3p each,20% Off. Was £3.15,"Toiletries, Health & Beauty"
639384,Gillette Mach3 Razor Refills,G,false,546,https://ecom-su-static-prod.wtrecom.com/images/products/3/LN_639384_BP_3.jpg,https://www.waitrose.com/ecom/products/gillette-mach3-razor-refills/639384-313256-313257,Gillette Mach3 Razor Refills,8s,£17.85,£2.24 each,,"Toiletries, Health & Beauty"
430339,Little Soap Co. Pure Lavender Soap Bar,G,false,547,https://ecom-su-static-prod.wtrecom.com/images/products/3/LN_430339_BP_3.jpg,https://www.waitrose.com/ecom/products/little-soap-co-pure-lavender-soap-bar/430339-453135-453136,Little Soap Co. Pure Lavender Soap Bar,110g,£4.00,£3.64/100g,,"Toiletries, Health & Beauty"
614304,Vaseline Intensive Care Body Lotion,G,false,548,https://ecom-su-static-prod.wtrecom.com/images/products/3/LN_614304_BP_3.jpg,https://www.waitrose.com/ecom/products/vaseline-intensive-care-body-lotion/614304-752471-752472,Vaseline Intensive Care Body Lotion,400ml,£5.10,£1.28/100ml,,"Toiletries, Health & Beauty"
269451,Naturals Ginger & Lemongrass Body Wash,G,false,549,https://ecom-su-static-prod.wtrecom.com/images/products/3/LN_269451_BP_3.jpg,https://www.waitrose.com/ecom/products/naturals-ginger-lemongrass-body-wash/269451-825460-825461,Naturals Ginger & Lemongrass Body Wash,300ml,£4.75,£1.59/100ml,,"Toiletries, Health & Beauty"
820152,Gaviscon Original Aniseed Indigestion Liquid,G,false,550,https://ecom-su-static-prod.wtrecom.com/images/products/3/LN_820152_BP_3.jpg,https://www.waitrose.com/ecom/products/gaviscon-original-aniseed-indigestion-liquid/820152-448535-448536,Gaviscon Original Aniseed Indigestion Liquid,600ml,£14.00,£2.34/100ml,,"Toiletries, Health & Beauty"
673515,Sure Women Deodorant Cotton Dry,G,false,551,https://ecom-su-static-prod.wtrecom.com/images/products/3/LN_673515_BP_3.jpg,https://www.waitrose.com/ecom/products/sure-women-deodorant-cotton-dry/673515-802594-802595,Sure Women Deodorant Cotton Dry,200ml,£3.00,£1.50/100ml,,"Toiletries, Health & Beauty"
646718,Tampax Compak Super Tampons With Applicator,G,false,552,https://ecom-su-static-prod.wtrecom.com/images/products/3/LN_646718_BP_3.jpg,https://www.waitrose.com/ecom/products/tampax-compak-super-tampons-with-applicator/646718-91768-91769,Tampax Compak Super Tampons With Applicator,18s,£2.80,15.6p each,,"Toiletries, Health & Beauty"
418371,Waitrose Pure Hand Wash,G,false,553,https://ecom-su-static-prod.wtrecom.com/images/products/3/LN_418371_BP_3.jpg,https://www.waitrose.com/ecom/products/waitrose-pure-hand-wash/418371-772736-772737,Waitrose Pure Hand Wash,250ml,£2.00,80p/100ml,,"Toiletries, Health & Beauty"
648459,Oral-B 3D White Diamond Clean Toothpaste,G,true,554,https://ecom-su-static-prod.wtrecom.com/images/products/3/LN_648459_BP_3.jpg,https://www.waitrose.com/ecom/products/oral-b-3d-white-diamond-clean-toothpaste/648459-770704-770705,Oral-B 3D White Diamond Clean Toothpaste,75ml,£10.00,£13.34/100ml,Half Price. Was £20.00,"Toiletries, Health & Beauty"
848640,Cutex Ultra-Caring Nail Polish Remover,G,false,555,https://ecom-su-static-prod.wtrecom.com/images/products/3/LN_848640_BP_3.jpg,https://www.waitrose.com/ecom/products/cutex-ultra-caring-nail-polish-remover/848640-719927-719928,Cutex Ultra-Caring Nail Polish Remover,200ml,£3.15,£1.58/100ml,,"Toiletries, Health & Beauty"
405055,T/Moon Creamy Shea Butterfly Shower Gel,G,false,556,https://ecom-su-static-prod.wtrecom.com/images/products/3/LN_405055_BP_3.jpg,https://www.waitrose.com/ecom/products/t-moon-creamy-shea-butterfly-shower-gel/405055-805733-805734,T/Moon Creamy Shea Butterfly Shower Gel,500ml,£2.65,53p/100ml,,"Toiletries, Health & Beauty"
676355,Pantene Repair & Protect Shampoo,G,false,557,https://ecom-su-static-prod.wtrecom.com/images/products/3/LN_676355_BP_3.jpg,https://www.waitrose.com/ecom/products/pantene-repair-protect-shampoo/676355-793516-793517,Pantene Repair & Protect Shampoo,500ml,£4.75,95p/100ml,,"Toiletries, Health & Beauty"
868163,TRESemmé Extra Hold 24-hour Hairspray,G,true,558,https://ecom-su-static-prod.wtrecom.com/images/products/3/LN_868163_BP_3.jpg,https://www.waitrose.com/ecom/products/tresemme-extra-hold-24-hour-hairspray/868163-747636-747637,TRESemmé Extra Hold 24-hour Hairspray,400ml,£4.00,£1/100ml,Save 1/3. Was £6.00,"Toiletries, Health & Beauty"
077012,Lil-Lets Super Tampons,G,false,559,https://ecom-su-static-prod.wtrecom.com/images/products/3/LN_077012_BP_3.jpg,https://www.waitrose.com/ecom/products/lil-lets-super-tampons/077012-39151-39152,Lil-Lets Super Tampons,32s,£3.75,11.7p each,,"Toiletries, Health & Beauty"
024670,John Frieda Lift Conditioner,G,false,560,https://ecom-su-static-prod.wtrecom.com/images/products/3/LN_024670_BP_3.jpg,https://www.waitrose.com/ecom/products/john-frieda-lift-conditioner/024670-11940-11941,John Frieda Lift Conditioner,250ml,£6.00,£2.40/100ml,,"Toiletries, Health & Beauty"
845525,Essential Aqueous Cream,G,false,561,https://ecom-su-static-prod.wtrecom.com/images/products/3/LN_845525_BP_3.jpg,https://www.waitrose.com/ecom/products/essential-aqueous-cream/845525-275001-275002,Essential Aqueous Cream,500g,£5.30,£1.06/100g,,"Toiletries, Health & Beauty"
873046,Baylis & Harding Rose Hand Wash,G,false,562,https://ecom-su-static-prod.wtrecom.com/images/products/3/LN_873046_BP_3.jpg,https://www.waitrose.com/ecom/products/baylis-harding-rose-hand-wash/873046-724192-724193,Baylis & Harding Rose Hand Wash,500ml,£4.20,84p/100ml,,"Toiletries, Health & Beauty"
727405,Essential Heartburn & Indigestion Relief,G,false,563,https://ecom-su-static-prod.wtrecom.com/images/products/3/LN_727405_BP_3.jpg,https://www.waitrose.com/ecom/products/essential-heartburn-indigestion-relief/727405-274897-274898,Essential Heartburn & Indigestion Relief,500ml,£6.70,£1.34/100ml,,"Toiletries, Health & Beauty"
663402,Oral-B Pro-Expert Pulsar 35 Medium Toothbrush,G,true,564,https://ecom-su-static-prod.wtrecom.com/images/products/3/LN_663402_BP_3.jpg,https://www.waitrose.com/ecom/products/oral-b-pro-expert-pulsar-35-medium-toothbrush/663402-94190-94191,Oral-B Pro-Expert Pulsar 35 Medium Toothbrush,2s,£8.65,£4.33 each,Save 1/3. Was £13.00,"Toiletries, Health & Beauty"
787218,Dove Men +Care Deodorant Classic,G,true,565,https://ecom-su-static-prod.wtrecom.com/images/products/3/LN_787218_BP_3.jpg,https://www.waitrose.com/ecom/products/dove-men-care-deodorant-classic/787218-804598-804599,Dove Men +Care Deodorant Classic,200ml,£2.60,£1.30/100ml,25% Off. Was £3.50,"Toiletries, Health & Beauty"
400625,Voltarol Back & Muscle Pain Relief Gel Large,G,false,566,https://ecom-su-static-prod.wtrecom.com/images/products/3/LN_400625_BP_3.jpg,https://www.waitrose.com/ecom/products/voltarol-back-muscle-pain-relief-gel-large/400625-446707-446708,Voltarol Back & Muscle Pain Relief Gel Large,100g,£14.60,£14.60/100g,,"Toiletries, Health & Beauty"
862242,Nivea Sun Kids Sensitive Spray 50+,G,true,567,https://ecom-su-static-prod.wtrecom.com/images/products/3/LN_862242_BP_3.jpg,https://www.waitrose.com/ecom/products/nivea-sun-kids-sensitive-spray-50/862242-692359-692360,Nivea Sun Kids Sensitive Spray 50+,200ml,£7.60,£3.80/100ml,save £1.90. Was £9.50,"Toiletries, Health & Beauty"
803033,E45 Daily Lotion Pump for Dry Skin,G,false,568,https://ecom-su-static-prod.wtrecom.com/images/products/3/LN_803033_BP_3.jpg,https://www.waitrose.com/ecom/products/e45-daily-lotion-pump-for-dry-skin/803033-504871-504872,E45 Daily Lotion Pump for Dry Skin,400ml,£7.55,£18.88/litre,,"Toiletries, Health & Beauty"
078422,Simple Kind to Skin Soothing Facial Toner,G,true,569,https://ecom-su-static-prod.wtrecom.com/images/products/3/LN_078422_BP_3.jpg,https://www.waitrose.com/ecom/products/simple-kind-to-skin-soothing-facial-toner/078422-39931-39932,Simple Kind to Skin Soothing Facial Toner,200ml,£2.46,£1.23/100ml,Save 1/3. Was £3.70,"Toiletries, Health & Beauty"
609228,Waitrose Multi Vitamins Orange,G,false,570,https://ecom-su-static-prod.wtrecom.com/images/products/3/LN_609228_BP_3.jpg,https://www.waitrose.com/ecom/products/waitrose-multi-vitamins-orange/609228-763890-763891,Waitrose Multi Vitamins Orange,20Each,£2.10,10.5p each,,"Toiletries, Health & Beauty"
071978,Aquafresh Toothbrush Kids Big Teeth 6-8,G,true,571,https://ecom-su-static-prod.wtrecom.com/images/products/3/LN_071978_BP_3.jpg,https://www.waitrose.com/ecom/products/aquafresh-toothbrush-kids-big-teeth-6-8/071978-36556-36557,Aquafresh Toothbrush Kids Big Teeth 6-8,1Each,£2.30,£2.30 each,Add 2 for £3.30,"Toiletries, Health & Beauty"
665711,Lynx Africa 48 hours Bodyspray Deodorant,G,true,572,https://ecom-su-static-prod.wtrecom.com/images/products/3/LN_665711_BP_3.jpg,https://www.waitrose.com/ecom/products/lynx-africa-48-hours-bodyspray-deodorant/665711-713900-713901,Lynx Africa 48 hours Bodyspray Deodorant,250ml,£3.90,£1.56/100ml,25% Off. Was £5.25,"Toiletries, Health & Beauty"
446658,L'Oreal Elvive Hydra Shampoo,G,false,573,https://ecom-su-static-prod.wtrecom.com/images/products/3/LN_446658_BP_3.jpg,https://www.waitrose.com/ecom/products/loreal-elvive-hydra-shampoo/446658-780517-780518,L'Oreal Elvive Hydra Shampoo,400ml,£6.00,£1.50/100ml,,"Toiletries, Health & Beauty"
754008,Arm & Hammer Sensitive Pro Repair Toothpaste,G,true,574,https://ecom-su-static-prod.wtrecom.com/images/products/3/LN_754008_BP_3.jpg,https://www.waitrose.com/ecom/products/arm-hammer-sensitive-pro-repair-toothpaste/754008-558548-558549,Arm & Hammer Sensitive Pro Repair Toothpaste,75ml,£2.45,£3.27/100ml,Save 1/3. Was £3.70,"Toiletries, Health & Beauty"
750601,Sanex Dermo Sensitive Bath Foam,G,false,575,https://ecom-su-static-prod.wtrecom.com/images/products/3/LN_750601_BP_3.jpg,https://www.waitrose.com/ecom/products/sanex-dermo-sensitive-bath-foam/750601-762118-762119,Sanex Dermo Sensitive Bath Foam,450ml,£3.15,,,"Toiletries, Health & Beauty"
059993,Gillette Fusion 5 Blades,G,false,576,https://ecom-su-static-prod.wtrecom.com/images/products/3/LN_059993_BP_3.jpg,https://www.waitrose.com/ecom/products/gillette-fusion-5-blades/059993-30309-30310,Gillette Fusion 5 Blades,8s,£25.00,£3.13 each,,"Toiletries, Health & Beauty"
045899,John Frieda Volume Perfect Full Mousse,G,false,577,https://ecom-su-static-prod.wtrecom.com/images/products/3/LN_045899_BP_3.jpg,https://www.waitrose.com/ecom/products/john-frieda-volume-perfect-full-mousse/045899-22605-22606,John Frieda Volume Perfect Full Mousse,200ml,£7.00,£3.50/100ml,,"Toiletries, Health & Beauty"
652844,Always Discreet Incontinence Pads for Women - Small,G,false,578,https://ecom-su-static-prod.wtrecom.com/images/products/3/LN_652844_BP_3.jpg,https://www.waitrose.com/ecom/products/always-discreet-incontinence-pads-for-women-small/652844-777366-777367,Always Discreet Incontinence Pads for Women - Small,20s,£2.90,14.5p each,,"Toiletries, Health & Beauty"
872738,Nivea Sun Kids Roll-on SPF50+,G,true,579,https://ecom-su-static-prod.wtrecom.com/images/products/3/LN_872738_BP_3.jpg,https://www.waitrose.com/ecom/products/nivea-sun-kids-roll-on-spf50/872738-777464-777465,Nivea Sun Kids Roll-on SPF50+,50ml,£6.40,£12.80/100ml,save £1.60. Was £8.00,"Toiletries, Health & Beauty"
699796,Bulldog Original Shower Gel,G,true,580,https://ecom-su-static-prod.wtrecom.com/images/products/3/LN_699796_BP_3.jpg,https://www.waitrose.com/ecom/products/bulldog-original-shower-gel/699796-705376-705377,Bulldog Original Shower Gel,500ml,£3.50,70p/100ml,Save 1/3. Was £5.25,"Toiletries, Health & Beauty"
998062,Dr Squatch Wood Barrel Bourbon Soap,G,false,581,https://ecom-su-static-prod.wtrecom.com/images/products/3/LN_998062_BP_3.jpg,https://www.waitrose.com/ecom/products/dr-squatch-wood-barrel-bourbon-soap/998062-826358-826359,Dr Squatch Wood Barrel Bourbon Soap,141.7g,£7.99,£5.64/100g,,"Toiletries, Health & Beauty"
994935,Dr Squatch Fresh Falls Deodorant,G,false,582,https://ecom-su-static-prod.wtrecom.com/images/products/3/LN_994935_BP_3.jpg,https://www.waitrose.com/ecom/products/dr-squatch-fresh-falls-deodorant/994935-826354-826355,Dr Squatch Fresh Falls Deodorant,75g,£12.99,£17.32/100g,,"Toiletries, Health & Beauty"
994824,Fussy Natural Deodorant Refill Wide Eyed,G,false,583,https://ecom-su-static-prod.wtrecom.com/images/products/3/LN_994824_BP_3.jpg,https://www.waitrose.com/ecom/products/fussy-natural-deodorant-refill-wide-eyed/994824-826840-826841,Fussy Natural Deodorant Refill Wide Eyed,40g,£6.00,£15/100g,,"Toiletries, Health & Beauty"
985707,Veet Expert Bikini Kit 2x 50ml,G,false,584,https://ecom-su-static-prod.wtrecom.com/images/products/3/LN_985707_BP_3.jpg,https://www.waitrose.com/ecom/products/veet-expert-bikini-kit-2x-50ml/985707-826836-826837,Veet Expert Bikini Kit 2x 50ml,100ml,£9.99,£9.99/100ml,,"Toiletries, Health & Beauty"
983036,Baylis & Harding Mens Sandalwood & Vanilla Shower Gel,G,false,585,https://ecom-su-static-prod.wtrecom.com/images/products/3/LN_983036_BP_3.jpg,https://www.waitrose.com/ecom/products/baylis-harding-mens-sandalwood-vanilla-shower-gel/983036-826338-826339,Baylis & Harding Mens Sandalwood & Vanilla Shower Gel,500ml,£4.00,80p/100ml,,"Toiletries, Health & Beauty"
981524,Heath Cream Shave,G,false,586,https://ecom-su-static-prod.wtrecom.com/images/products/3/LN_981524_BP_3.jpg,https://www.waitrose.com/ecom/products/heath-cream-shave/981524-826330-826331,Heath Cream Shave,100ml,£10.00,£10/100ml,,"Toiletries, Health & Beauty"
980418,Baylis & Harding EDIT Cherry Temptation Hand Wash,G,false,587,https://ecom-su-static-prod.wtrecom.com/images/products/3/LN_980418_BP_3.jpg,https://www.waitrose.com/ecom/products/baylis-harding-edit-cherry-temptation-hand-wash/980418-825758-825759,Baylis & Harding EDIT Cherry Temptation Hand Wash,400ml,£4.00,£1/100ml,,"Toiletries, Health & Beauty"
979867,Korres Sea Salt Shower Gel and Body Cream set,G,true,588,https://ecom-su-static-prod.wtrecom.com/images/products/3/LN_979867_BP_3.jpg,https://www.waitrose.com/ecom/products/korres-sea-salt-shower-gel-and-body-cream-set/979867-827420-827421,Korres Sea Salt Shower Gel and Body Cream set,450ml,£17.25,,Introductory Offer.Will be £23.00,"Toiletries, Health & Beauty"
979092,LifeJacket Daily Repair Moisturiser,G,false,589,https://ecom-su-static-prod.wtrecom.com/images/products/3/LN_979092_BP_3.jpg,https://www.waitrose.com/ecom/products/lifejacket-daily-repair-moisturiser/979092-826328-826329,LifeJacket Daily Repair Moisturiser,100ml,£16.00,£16/100ml,,"Toiletries, Health & Beauty"
977338,Neal's Yard Seaweed & Arnica Bath Salts,G,false,590,https://ecom-su-static-prod.wtrecom.com/images/products/3/LN_977338_BP_3.jpg,https://www.waitrose.com/ecom/products/neals-yard-seaweed-arnica-bath-salts/977338-825754-825755,Neal's Yard Seaweed & Arnica Bath Salts,250g,£17.00,£6.80/100g,,"Toiletries, Health & Beauty"
977144,Venus Comfortglide Sensitive Razor,G,false,591,https://ecom-su-static-prod.wtrecom.com/images/products/3/LN_977144_BP_3.jpg,https://www.waitrose.com/ecom/products/venus-comfortglide-sensitive-razor/977144-826832-826833,Venus Comfortglide Sensitive Razor,1Each,£12.99,£12.99 each,,"Toiletries, Health & Beauty"
976989,ManCave Scalp Care + Shampoo,G,false,592,https://ecom-su-static-prod.wtrecom.com/images/products/3/LN_976989_BP_3.jpg,https://www.waitrose.com/ecom/products/mancave-scalp-care-shampoo/976989-826322-826323,ManCave Scalp Care + Shampoo,350ml,£10.00,£2.86/100ml,,"Toiletries, Health & Beauty"
974874,Gillette Mach 3 Razor Blades,G,true,593,https://ecom-su-static-prod.wtrecom.com/images/products/3/LN_974874_BP_3.jpg,https://www.waitrose.com/ecom/products/gillette-mach-3-razor-blades/974874-826318-826319,Gillette Mach 3 Razor Blades,12Each,£16.99,£1.42 each,save £5.00. Was £21.99,"Toiletries, Health & Beauty"
974332,Korres Fig Shower Gel and Body Cream Set,G,true,594,https://ecom-su-static-prod.wtrecom.com/images/products/3/LN_974332_BP_3.jpg,https://www.waitrose.com/ecom/products/korres-fig-shower-gel-and-body-cream-set/974332-827416-827417,Korres Fig Shower Gel and Body Cream Set,450ml,£17.25,,Introductory Offer.Will be £23.00,"Toiletries, Health & Beauty"
972899,Dove Women Antiperspirant Roll On Powder,G,true,595,https://ecom-su-static-prod.wtrecom.com/images/products/3/LN_972899_BP_3.jpg,https://www.waitrose.com/ecom/products/dove-women-antiperspirant-roll-on-powder/972899-826828-826829,Dove Women Antiperspirant Roll On Powder,50ml,£1.95,£3.90/100ml,save 30p. Was £2.25,"Toiletries, Health & Beauty"
972082,Neal's Yard Baby Organic Collection,G,true,596,https://ecom-su-static-prod.wtrecom.com/images/products/3/LN_972082_BP_3.jpg,https://www.waitrose.com/ecom/products/neals-yard-baby-organic-collection/972082-827414-827415,Neal's Yard Baby Organic Collection,0.67Kg,£22.50,,Introductory Offer.Will be £30.00,"Toiletries, Health & Beauty"
972041,Rock Face Refined Antiperspirant Deodorant,G,false,597,https://ecom-su-static-prod.wtrecom.com/images/products/3/LN_972041_BP_3.jpg,https://www.waitrose.com/ecom/products/rock-face-refined-antiperspirant-deodorant/972041-826304-826305,Rock Face Refined Antiperspirant Deodorant,200ml,£3.75,£1.88/100ml,,"Toiletries, Health & Beauty"
970170,Sanex Dermo Invisible Antiperspirant Spray,G,false,598,https://ecom-su-static-prod.wtrecom.com/images/products/3/LN_970170_BP_3.jpg,https://www.waitrose.com/ecom/products/sanex-dermo-invisible-antiperspirant-spray/970170-826826-826827,Sanex Dermo Invisible Antiperspirant Spray,200ml,£3.20,£1.60/100ml,,"Toiletries, Health & Beauty"
969378,Kleenex Original Tissues Mega Box,G,false,599,https://ecom-su-static-prod.wtrecom.com/images/products/3/LN_969378_BP_3.jpg,https://www.waitrose.com/ecom/products/kleenex-original-tissues-mega-box/969378-827583-827584,Kleenex Original Tissues Mega Box,112Sheet,£2.50,£2.24/100 sheets,,"Toiletries, Health & Beauty"
964343,ManCave Charcoal Face Scrub,G,false,600,https://ecom-su-static-prod.wtrecom.com/images/products/3/LN_964343_BP_3.jpg,https://www.waitrose.com/ecom/products/mancave-charcoal-face-scrub/964343-826296-826297,ManCave Charcoal Face Scrub,100ml,£8.00,£8/100ml,,"Toiletries, Health & Beauty"
960407,Dove Men+ Care Antiperspirant Roll On Classic,G,false,601,https://ecom-su-static-prod.wtrecom.com/images/products/3/LN_960407_BP_3.jpg,https://www.waitrose.com/ecom/products/dove-men-care-antiperspirant-roll-on-classic/960407-826294-826295,Dove Men+ Care Antiperspirant Roll On Classic,50ml,£2.25,£4.50/100ml,,"Toiletries, Health & Beauty"
957648,Palmolive Coconut Shower Gel,G,false,602,https://ecom-su-static-prod.wtrecom.com/images/products/3/LN_957648_BP_3.jpg,https://www.waitrose.com/ecom/products/palmolive-coconut-shower-gel/957648-825724-825725,Palmolive Coconut Shower Gel,500ml,£2.25,45p/100ml,,"Toiletries, Health & Beauty"
957088,Korres Greek Olive Blossom Body Cream,G,false,603,https://ecom-su-static-prod.wtrecom.com/images/products/3/LN_957088_BP_3.jpg,https://www.waitrose.com/ecom/products/korres-greek-olive-blossom-body-cream/957088-825720-825721,Korres Greek Olive Blossom Body Cream,200ml,£17.00,£8.50/100ml,,"Toiletries, Health & Beauty"
956335,Naturals Ginger & Lemongrass Soap Bar,G,false,604,https://ecom-su-static-prod.wtrecom.com/images/products/3/LN_956335_BP_3.jpg,https://www.waitrose.com/ecom/products/naturals-ginger-lemongrass-soap-bar/956335-825718-825719,Naturals Ginger & Lemongrass Soap Bar,100g,£2.30,£2.30/100g,,"Toiletries, Health & Beauty"
956250,Sanex Total Protection Roll On Deodorant,G,true,605,https://ecom-su-static-prod.wtrecom.com/images/products/3/LN_956250_BP_3.jpg,https://www.waitrose.com/ecom/products/sanex-total-protection-roll-on-deodorant/956250-826824-826825,Sanex Total Protection Roll On Deodorant,50ml,£1.35,£2.70/100ml,Introductory Offer.Will be £1.90,"Toiletries, Health & Beauty"
955625,Sanex Active Fresh Roll On Deodorant,G,true,606,https://ecom-su-static-prod.wtrecom.com/images/products/3/LN_955625_BP_3.jpg,https://www.waitrose.com/ecom/products/sanex-active-fresh-roll-on-deodorant/955625-826822-826823,Sanex Active Fresh Roll On Deodorant,50ml,£1.35,£2.70/100ml,Introductory Offer.Will be £1.90,"Toiletries, Health & Beauty"
954398,ManCave Caffeine + Scalp Serum,G,false,607,https://ecom-su-static-prod.wtrecom.com/images/products/3/LN_954398_BP_3.jpg,https://www.waitrose.com/ecom/products/mancave-caffeine-scalp-serum/954398-826288-826289,ManCave Caffeine + Scalp Serum,50ml,£12.00,£24/100ml,,"Toiletries, Health & Beauty"
954257,Always Sensitive Normal Plus,G,false,608,https://ecom-su-static-prod.wtrecom.com/images/products/3/LN_954257_BP_3.jpg,https://www.waitrose.com/ecom/products/always-sensitive-normal-plus/954257-827561-827562,Always Sensitive Normal Plus,14Each,£1.05,7.5p each,,"Toiletries, Health & Beauty"
949132,Venus Comfortglide Sensitive 3ct Blades,G,true,609,https://ecom-su-static-prod.wtrecom.com/images/products/3/LN_949132_BP_3.jpg,https://www.waitrose.com/ecom/products/venus-comfortglide-sensitive-3ct-blades/949132-826818-826819,Venus Comfortglide Sensitive 3ct Blades,3Each,£13.00,£4.34 each,save £1.99. Was £14.99,"Toiletries, Health & Beauty"
948208,Sanex Expert Skin Health Therapy Shower & Bath Oil,G,true,610,https://ecom-su-static-prod.wtrecom.com/images/products/3/LN_948208_BP_3.jpg,https://www.waitrose.com/ecom/products/sanex-expert-skin-health-therapy-shower-bath-oil/948208-825708-825709,Sanex Expert Skin Health Therapy Shower & Bath Oil,450ml,£3.00,66.7p/100ml,Save 1/3. Was £4.50,"Toiletries, Health & Beauty"
947298,Korres Pure Greek Olive Blossom Soap,G,false,611,https://ecom-su-static-prod.wtrecom.com/images/products/3/LN_947298_BP_3.jpg,https://www.waitrose.com/ecom/products/korres-pure-greek-olive-blossom-soap/947298-825706-825707,Korres Pure Greek Olive Blossom Soap,125g,£6.00,£4.80/100g,,"Toiletries, Health & Beauty"
942901,BIC Flex 3 Disposable Razors,G,false,612,https://ecom-su-static-prod.wtrecom.com/images/products/3/LN_942901_BP_3.jpg,https://www.waitrose.com/ecom/products/bic-flex-3-disposable-razors/942901-826270-826271,BIC Flex 3 Disposable Razors,1Each,£4.40,£4.40 each,,"Toiletries, Health & Beauty"
942793,Neal's Yard Women's Balance Bath Salts,G,false,613,https://ecom-su-static-prod.wtrecom.com/images/products/3/LN_942793_BP_3.jpg,https://www.waitrose.com/ecom/products/neals-yard-womens-balance-bath-salts/942793-825702-825703,Neal's Yard Women's Balance Bath Salts,250g,£17.00,£6.80/100g,,"Toiletries, Health & Beauty"
941012,Harry's Truman Starter Pack - Orange Razor + 5 Blades,G,false,614,https://ecom-su-static-prod.wtrecom.com/images/products/3/LN_941012_BP_3.jpg,https://www.waitrose.com/ecom/products/harrys-truman-starter-pack-orange-razor-5-blades/941012-826268-826269,Harry's Truman Starter Pack - Orange Razor + 5 Blades,77g,£14.00,,,"Toiletries, Health & Beauty"
938951,Korres Pure Greek Olive Sea Salt Body Cream,G,false,615,https://ecom-su-static-prod.wtrecom.com/images/products/3/LN_938951_BP_3.jpg,https://www.waitrose.com/ecom/products/korres-pure-greek-olive-sea-salt-body-cream/938951-825692-825693,Korres Pure Greek Olive Sea Salt Body Cream,200ml,£17.00,£8.50/100ml,,"Toiletries, Health & Beauty"
937649,Neal's Yard Aromatic Bath Salts,G,false,616,https://ecom-su-static-prod.wtrecom.com/images/products/3/LN_937649_BP_3.jpg,https://www.waitrose.com/ecom/products/neals-yard-aromatic-bath-salts/937649-825688-825689,Neal's Yard Aromatic Bath Salts,250g,£17.00,£6.80/100g,,"Toiletries, Health & Beauty"
936679,Korres Pure Greek Olive Sea Salt Shower Gel,G,false,617,https://ecom-su-static-prod.wtrecom.com/images/products/3/LN_936679_BP_3.jpg,https://www.waitrose.com/ecom/products/korres-pure-greek-olive-sea-salt-shower-gel/936679-825686-825687,Korres Pure Greek Olive Sea Salt Shower Gel,250ml,£14.00,£5.60/100ml,,"Toiletries, Health & Beauty"
936303,Baylis & Harding EDIT Twilight Amber Hand Wash,G,false,618,https://ecom-su-static-prod.wtrecom.com/images/products/3/LN_936303_BP_3.jpg,https://www.waitrose.com/ecom/products/baylis-harding-edit-twilight-amber-hand-wash/936303-825684-825685,Baylis & Harding EDIT Twilight Amber Hand Wash,400ml,£4.00,£1/100ml,,"Toiletries, Health & Beauty"
935096,Dr Squatch Wood Barrel Bourbon Deodorant,G,false,619,https://ecom-su-static-prod.wtrecom.com/images/products/3/LN_935096_BP_3.jpg,https://www.waitrose.com/ecom/products/dr-squatch-wood-barrel-bourbon-deodorant/935096-826266-826267,Dr Squatch Wood Barrel Bourbon Deodorant,75g,£12.99,,,"Toiletries, Health & Beauty"
930802,Neal's Yard Organic Travel Kit,G,true,620,https://ecom-su-static-prod.wtrecom.com/images/products/3/LN_930802_BP_3.jpg,https://www.waitrose.com/ecom/products/neals-yard-organic-travel-kit/930802-827412-827413,Neal's Yard Organic Travel Kit,0.366Kg,£27.00,,Introductory Offer.Will be £36.00,"Toiletries, Health & Beauty"
930644,ManCave Aloe + Pine Shower Gel,G,false,621,https://ecom-su-static-prod.wtrecom.com/images/products/3/LN_930644_BP_3.jpg,https://www.waitrose.com/ecom/products/mancave-aloe-pine-shower-gel/930644-826262-826263,ManCave Aloe + Pine Shower Gel,200ml,£5.50,£2.75/100ml,,"Toiletries, Health & Beauty"
922482,Sanctuary Spa Signature Collection Body Butter,G,true,622,https://ecom-su-static-prod.wtrecom.com/images/products/3/LN_922482_BP_3.jpg,https://www.waitrose.com/ecom/products/sanctuary-spa-signature-collection-body-butter/922482-825650-825651,Sanctuary Spa Signature Collection Body Butter,300ml,£8.33,£2.78/100ml,Save 1/3. Was £12.50,"Toiletries, Health & Beauty"
920906,Wild Cherry Blossom deo refill,G,false,623,https://ecom-su-static-prod.wtrecom.com/images/products/3/LN_920906_BP_3.jpg,https://www.waitrose.com/ecom/products/wild-cherry-blossom-deo-refill/920906-826802-826803,Wild Cherry Blossom deo refill,40g,£6.00,£15/100g,,"Toiletries, Health & Beauty"
919237,Bionsen 0% Aluminum Mineral Active Roll on,G,false,624,https://ecom-su-static-prod.wtrecom.com/images/products/3/LN_919237_BP_3.jpg,https://www.waitrose.com/ecom/products/bionsen-0-aluminum-mineral-active-roll-on/919237-826800-826801,Bionsen 0% Aluminum Mineral Active Roll on,50ml,£3.15,£6.30/100ml,,"Toiletries, Health & Beauty"
917335,Rock Face SPF 20 Moisturiser,G,true,625,https://ecom-su-static-prod.wtrecom.com/images/products/3/LN_917335_BP_3.jpg,https://www.waitrose.com/ecom/products/rock-face-spf-20-moisturiser/917335-826252-826253,Rock Face SPF 20 Moisturiser,100ml,£5.00,£5/100ml,Save 1/3. Was £7.50,"Toiletries, Health & Beauty"
916440,Palmolive Naturals Milk & Honey Shower Gel,G,false,626,https://ecom-su-static-prod.wtrecom.com/images/products/3/LN_916440_BP_3.jpg,https://www.waitrose.com/ecom/products/palmolive-naturals-milk-honey-shower-gel/916440-825636-825637,Palmolive Naturals Milk & Honey Shower Gel,500ml,£2.25,45p/100ml,,"Toiletries, Health & Beauty"
915631,Wild Pink Case and Cherry Blossom Deodorant Kit,G,false,627,https://ecom-su-static-prod.wtrecom.com/images/products/3/LN_915631_BP_3.jpg,https://www.waitrose.com/ecom/products/wild-pink-case-and-cherry-blossom-deodorant-kit/915631-826796-826797,Wild Pink Case and Cherry Blossom Deodorant Kit,40g,£13.00,£32.50/100g,,"Toiletries, Health & Beauty"
915422,Veet for Men Hair Removal Cream,G,true,628,https://ecom-su-static-prod.wtrecom.com/images/products/3/LN_915422_BP_3.jpg,https://www.waitrose.com/ecom/products/veet-for-men-hair-removal-cream/915422-826246-826247,Veet for Men Hair Removal Cream,200ml,£5.70,£2.85/100ml,Save 1/3. Was £8.59,"Toiletries, Health & Beauty"
914024,Neal's Yard Lavender Bath Salts,G,false,629,https://ecom-su-static-prod.wtrecom.com/images/products/3/LN_914024_BP_3.jpg,https://www.waitrose.com/ecom/products/neals-yard-lavender-bath-salts/914024-825632-825633,Neal's Yard Lavender Bath Salts,250g,£17.00,£6.80/100g,,"Toiletries, Health & Beauty"
913112,"Gillette Fusion 5, 11 Razor Blade Refills",G,true,630,https://ecom-su-static-prod.wtrecom.com/images/products/3/LN_913112_BP_3.jpg,https://www.waitrose.com/ecom/products/gillette-fusion-5-11-razor-blade-refills/913112-826242-826243,"Gillette Fusion 5, 11 Razor Blade Refills",11Each,£21.99,£2 each,save £5.00. Was £26.99,"Toiletries, Health & Beauty"
911713,Baylis & Harding EDIT Twilight Amber Body Wash,G,false,631,https://ecom-su-static-prod.wtrecom.com/images/products/3/LN_911713_BP_3.jpg,https://www.waitrose.com/ecom/products/baylis-harding-edit-twilight-amber-body-wash/911713-825624-825625,Baylis & Harding EDIT Twilight Amber Body Wash,400ml,£4.00,£1/100ml,,"Toiletries, Health & Beauty"
911437,ManCave Nordic Spa Shower Gel,G,false,632,https://ecom-su-static-prod.wtrecom.com/images/products/3/LN_911437_BP_3.jpg,https://www.waitrose.com/ecom/products/mancave-nordic-spa-shower-gel/911437-826236-826237,ManCave Nordic Spa Shower Gel,200ml,£5.50,£2.75/100ml,,"Toiletries, Health & Beauty"
909607,LifeJacket Face Cleansing Bar,G,false,633,https://ecom-su-static-prod.wtrecom.com/images/products/3/LN_909607_BP_3.jpg,https://www.waitrose.com/ecom/products/lifejacket-face-cleansing-bar/909607-826234-826235,LifeJacket Face Cleansing Bar,50g,£8.50,£17/100g,,"Toiletries, Health & Beauty"
906781,Baylis & Harding Royale Garden Verbena Body Wash,G,true,634,https://ecom-su-static-prod.wtrecom.com/images/products/3/LN_906781_BP_3.jpg,https://www.waitrose.com/ecom/products/baylis-harding-royale-garden-verbena-body-wash/906781-825618-825619,Baylis & Harding Royale Garden Verbena Body Wash,500ml,£2.25,45p/100ml,25% Off. Was £3.00,"Toiletries, Health & Beauty"
905226,Sanex BiomeProtect Micellar Soothing Shower Gel,G,true,635,https://ecom-su-static-prod.wtrecom.com/images/products/3/LN_905226_BP_3.jpg,https://www.waitrose.com/ecom/products/sanex-biomeprotect-micellar-soothing-shower-gel/905226-825616-825617,Sanex BiomeProtect Micellar Soothing Shower Gel,450ml,£3.00,66.7p/100ml,Save 1/3. Was £4.50,"Toiletries, Health & Beauty"
903035,Baylis & Harding Goodness Sleep Bath Salts,G,false,636,https://ecom-su-static-prod.wtrecom.com/images/products/3/LN_903035_BP_3.jpg,https://www.waitrose.com/ecom/products/baylis-harding-goodness-sleep-bath-salts/903035-825612-825613,Baylis & Harding Goodness Sleep Bath Salts,1Kg,£7.00,70p/100g,,"Toiletries, Health & Beauty"
902858,Korres Greek Olive Blossom Shower Gel,G,false,637,https://ecom-su-static-prod.wtrecom.com/images/products/3/LN_902858_BP_3.jpg,https://www.waitrose.com/ecom/products/korres-greek-olive-blossom-shower-gel/902858-825610-825611,Korres Greek Olive Blossom Shower Gel,250ml,£14.00,£5.60/100ml,,"Toiletries, Health & Beauty"
902598,Dove Anti Stress Advanced Body Wash Chamomile & Oat Milk,G,true,638,https://ecom-su-static-prod.wtrecom.com/images/products/3/LN_902598_BP_3.jpg,https://www.waitrose.com/ecom/products/dove-anti-stress-advanced-body-wash-chamomile-oat-milk/902598-825608-825609,Dove Anti Stress Advanced Body Wash Chamomile & Oat Milk,400ml,£3.00,75p/100ml,Save 1/3. Was £4.50,"Toiletries, Health & Beauty"
902249,Rock Face Refined Deodorant Body Spray,G,false,639,https://ecom-su-static-prod.wtrecom.com/images/products/3/LN_902249_BP_3.jpg,https://www.waitrose.com/ecom/products/rock-face-refined-deodorant-body-spray/902249-826224-826225,Rock Face Refined Deodorant Body Spray,200ml,£3.75,£1.88/100ml,,"Toiletries, Health & Beauty"
899986,Faith In Nature Shea & Argan Conditioner 400ml,G,false,640,https://ecom-su-static-prod.wtrecom.com/images/products/3/LN_899986_BP_3.jpg,https://www.waitrose.com/ecom/products/faith-in-nature-shea-argan-conditioner-400ml/899986-809324-809325,Faith In Nature Shea & Argan Conditioner 400ml,400ml,£8.00,£2/100ml,,"Toiletries, Health & Beauty"
899726,Broncho Stop Cough Pastilles,G,false,641,https://ecom-su-static-prod.wtrecom.com/images/products/3/LN_899726_BP_3.jpg,https://www.waitrose.com/ecom/products/broncho-stop-cough-pastilles/899726-449095-449096,Broncho Stop Cough Pastilles,20s,£6.40,32p each,,"Toiletries, Health & Beauty"
899678,Bed Head Recovery Conditioner,G,false,642,https://ecom-su-static-prod.wtrecom.com/images/products/3/LN_899678_BP_3.jpg,https://www.waitrose.com/ecom/products/bed-head-recovery-conditioner/899678-809322-809323,Bed Head Recovery Conditioner,400ml,£6.50,£1.63/100ml,,"Toiletries, Health & Beauty"
898940,Heath Moisturiser,G,false,643,https://ecom-su-static-prod.wtrecom.com/images/products/3/LN_898940_BP_3.jpg,https://www.waitrose.com/ecom/products/heath-moisturiser/898940-588965-588966,Heath Moisturiser,100ml,£15.00,£15/100ml,,"Toiletries, Health & Beauty"
898716,Aussie 3 Miracle Oil,G,false,644,https://ecom-su-static-prod.wtrecom.com/images/products/3/LN_898716_BP_3.jpg,https://www.waitrose.com/ecom/products/aussie-3-miracle-oil/898716-474216-474217,Aussie 3 Miracle Oil,100ml,£10.00,£10/100ml,,"Toiletries, Health & Beauty"
898282,Durex Play Water Based Lubricant Gel,G,false,645,https://ecom-su-static-prod.wtrecom.com/images/products/3/LN_898282_BP_3.jpg,https://www.waitrose.com/ecom/products/durex-play-water-based-lubricant-gel/898282-423563-423564,Durex Play Water Based Lubricant Gel,50ml,£6.45,£12.90/100ml,,"Toiletries, Health & Beauty"
898108,Neal's Yard Aromatic Body Butter,G,false,646,https://ecom-su-static-prod.wtrecom.com/images/products/3/LN_898108_BP_3.jpg,https://www.waitrose.com/ecom/products/neals-yard-aromatic-body-butter/898108-376483-376484,Neal's Yard Aromatic Body Butter,200g,£28.00,£14/100g,,"Toiletries, Health & Beauty"
897943,Olay SPF 30 Total Effects Normal UV Day Face Cream,G,false,647,https://ecom-su-static-prod.wtrecom.com/images/products/3/LN_897943_BP_3.jpg,https://www.waitrose.com/ecom/products/olay-spf-30-total-effects-normal-uv-day-face-cream/897943-824962-824963,Olay SPF 30 Total Effects Normal UV Day Face Cream,50ml,£16.50,£33/100ml,,"Toiletries, Health & Beauty"
897865,Batiste Volume Dry Shampoo,G,false,648,https://ecom-su-static-prod.wtrecom.com/images/products/3/LN_897865_BP_3.jpg,https://www.waitrose.com/ecom/products/batiste-volume-dry-shampoo/897865-793664-793665,Batiste Volume Dry Shampoo,200ml,£4.55,£2.28/100ml,,"Toiletries, Health & Beauty"
897852,Elvive Full Resist Aminexil Shampoo,G,false,649,https://ecom-su-static-prod.wtrecom.com/images/products/3/LN_897852_BP_3.jpg,https://www.waitrose.com/ecom/products/elvive-full-resist-aminexil-shampoo/897852-800932-800933,Elvive Full Resist Aminexil Shampoo,400ml,£6.00,£1.50/100ml,,"Toiletries, Health & Beauty"
897663,Head & Shoulders Classic Clean 2in1 Shampoo,G,true,650,https://ecom-su-static-prod.wtrecom.com/images/products/3/LN_897663_BP_3.jpg,https://www.waitrose.com/ecom/products/head-shoulders-classic-clean-2in1-shampoo/897663-793662-793663,Head & Shoulders Classic Clean 2in1 Shampoo,330ml,£3.50,£1.07/100ml,save £1.50. Was £5.00,"Toiletries, Health & Beauty"
897450,Pastel Heel Sports Trainer Sock 5PK,G,false,651,https://ecom-su-static-prod.wtrecom.com/images/products/3/LN_897450_BP_3.jpg,https://www.waitrose.com/ecom/products/pastel-heel-sports-trainer-sock-5pk/897450-810020-810021,Pastel Heel Sports Trainer Sock 5PK,5s,£10.99,£2.20 each,,"Toiletries, Health & Beauty"
897432,Durex Thin Feel Condoms,G,false,652,https://ecom-su-static-prod.wtrecom.com/images/products/3/LN_897432_BP_3.jpg,https://www.waitrose.com/ecom/products/durex-thin-feel-condoms/897432-339997-339998,Durex Thin Feel Condoms,12s,£11.55,96.3p each,,"Toiletries, Health & Beauty"
896889,Aussie SOS Kiss of Life Shampoo,G,true,653,https://ecom-su-static-prod.wtrecom.com/images/products/3/LN_896889_BP_3.jpg,https://www.waitrose.com/ecom/products/aussie-sos-kiss-of-life-shampoo/896889-746345-746346,Aussie SOS Kiss of Life Shampoo,290ml,£4.00,£1.38/100ml,Save 1/3. Was £6.00,"Toiletries, Health & Beauty"
896862,Haliborange Softies Calcium & Vitamin D,G,true,654,https://ecom-su-static-prod.wtrecom.com/images/products/3/LN_896862_BP_3.jpg,https://www.waitrose.com/ecom/products/haliborange-softies-calcium-vitamin-d/896862-330598-330599,Haliborange Softies Calcium & Vitamin D,30s,£5.50,18.3p each,save £1.10. Was £6.60,"Toiletries, Health & Beauty"
896479,Bed Head Oh Bee Hive Matte Dry Shampoo,G,false,655,https://ecom-su-static-prod.wtrecom.com/images/products/3/LN_896479_BP_3.jpg,https://www.waitrose.com/ecom/products/bed-head-oh-bee-hive-matte-dry-shampoo/896479-809316-809317,Bed Head Oh Bee Hive Matte Dry Shampoo,238ml,£10.50,£4.42/100ml,,"Toiletries, Health & Beauty"
896377,Veet for Men Intimate,G,true,656,https://ecom-su-static-prod.wtrecom.com/images/products/3/LN_896377_BP_3.jpg,https://www.waitrose.com/ecom/products/veet-for-men-intimate/896377-826222-826223,Veet for Men Intimate,150ml,£6.99,£4.66/100ml,Save 1/3. Was £10.49,"Toiletries, Health & Beauty"
895947,Percy & Reed Volume Conditioner,G,true,657,https://ecom-su-static-prod.wtrecom.com/images/products/3/LN_895947_BP_3.jpg,https://www.waitrose.com/ecom/products/percy-reed-volume-conditioner/895947-729850-729851,Percy & Reed Volume Conditioner,250ml,£14.66,£5.87/100ml,Save 1/3. Was £22.00,"Toiletries, Health & Beauty"
895475,Aussie Bouncy Curls Shampoo,G,true,658,https://ecom-su-static-prod.wtrecom.com/images/products/3/LN_895475_BP_3.jpg,https://www.waitrose.com/ecom/products/aussie-bouncy-curls-shampoo/895475-809314-809315,Aussie Bouncy Curls Shampoo,300ml,£3.16,£1.06/100ml,Save 1/3. Was £4.75,"Toiletries, Health & Beauty"
895238,OGX Colour Care Hair Mask,G,true,659,https://ecom-su-static-prod.wtrecom.com/images/products/3/LN_895238_BP_3.jpg,https://www.waitrose.com/ecom/products/ogx-colour-care-hair-mask/895238-793660-793661,OGX Colour Care Hair Mask,300ml,£4.72,£1.58/100ml,Half Price. Was £9.45,"Toiletries, Health & Beauty"
895031,Listerine Advanced Enamel & Sensitivity Protection,G,false,660,https://ecom-su-static-prod.wtrecom.com/images/products/3/LN_895031_BP_3.jpg,https://www.waitrose.com/ecom/products/listerine-advanced-enamel-sensitivity-protection/895031-822331-822332,Listerine Advanced Enamel & Sensitivity Protection,500ml,£6.00,£1.20/100ml,,"Toiletries, Health & Beauty"
894948,Argan+ Rose Otto Oil Body Butter,G,true,661,https://ecom-su-static-prod.wtrecom.com/images/products/3/LN_894948_BP_3.jpg,https://www.waitrose.com/ecom/products/argan-rose-otto-oil-body-butter/894948-724234-724235,Argan+ Rose Otto Oil Body Butter,300ml,£9.50,£3.17/100ml,Add 2 get 2nd half price Cheaper Item Half Price,"Toiletries, Health & Beauty"
893957,Curaprox 5460 Toothbrush,G,true,662,https://ecom-su-static-prod.wtrecom.com/images/products/3/LN_893957_BP_3.jpg,https://www.waitrose.com/ecom/products/curaprox-5460-toothbrush/893957-664088-664089,Curaprox 5460 Toothbrush,Each,£3.95,£3.95 each,25% Off. Was £5.30,"Toiletries, Health & Beauty"
893661,Bull Dog Foaming Sensitive Shave Gel,G,true,663,https://ecom-su-static-prod.wtrecom.com/images/products/3/LN_893661_BP_3.jpg,https://www.waitrose.com/ecom/products/bull-dog-foaming-sensitive-shave-gel/893661-528522-528523,Bull Dog Foaming Sensitive Shave Gel,200ml,£2.80,£1.40/100ml,Save 1/3. Was £4.20,"Toiletries, Health & Beauty"
893469,Seven Seas Jointcare Supplex,G,false,664,https://ecom-su-static-prod.wtrecom.com/images/products/3/LN_893469_BP_3.jpg,https://www.waitrose.com/ecom/products/seven-seas-jointcare-supplex/893469-692217-692217,Seven Seas Jointcare Supplex,30s,£21.00,70p each,,"Toiletries, Health & Beauty"
893185,4head Cutaneous Stick,G,true,665,https://ecom-su-static-prod.wtrecom.com/images/products/3/LN_893185_BP_3.jpg,https://www.waitrose.com/ecom/products/4head-cutaneous-stick/893185-766012-766013,4head Cutaneous Stick,3.6g,£3.52,£9.78/10g,25% Off. Was £4.70,"Toiletries, Health & Beauty"
893036,Seven Seas Omega 3 Max Strength,G,false,666,https://ecom-su-static-prod.wtrecom.com/images/products/3/LN_893036_BP_3.jpg,https://www.waitrose.com/ecom/products/seven-seas-omega-3-max-strength/893036-777486-777487,Seven Seas Omega 3 Max Strength,30s,£19.45,64.8p each,,"Toiletries, Health & Beauty"
893026,Pantene Smooth & Sleek Conditioner,G,false,667,https://ecom-su-static-prod.wtrecom.com/images/products/3/LN_893026_BP_3.jpg,https://www.waitrose.com/ecom/products/pantene-smooth-sleek-conditioner/893026-780959-780960,Pantene Smooth & Sleek Conditioner,350ml,£4.75,£1.36/100ml,,"Toiletries, Health & Beauty"
892307,Aussie SOS 3 Minute Miracle,G,true,668,https://ecom-su-static-prod.wtrecom.com/images/products/3/LN_892307_BP_3.jpg,https://www.waitrose.com/ecom/products/aussie-sos-3-minute-miracle/892307-746343-746344,Aussie SOS 3 Minute Miracle,225ml,£4.66,£2.08/100ml,Save 1/3. Was £7.00,"Toiletries, Health & Beauty"
892282,Oral-B Pro 1 Cross Action Toothbrush Black,G,true,669,https://ecom-su-static-prod.wtrecom.com/images/products/3/LN_892282_BP_3.jpg,https://www.waitrose.com/ecom/products/oral-b-pro-1-cross-action-toothbrush-black/892282-815039-815040,Oral-B Pro 1 Cross Action Toothbrush Black,1Each,£35.00,£35 each,Half Price. Was £70.00,"Toiletries, Health & Beauty"
892096,Tweezerman Combo Clipper Set,G,false,670,https://ecom-su-static-prod.wtrecom.com/images/products/3/LN_892096_BP_3.jpg,https://www.waitrose.com/ecom/products/tweezerman-combo-clipper-set/892096-729848-729849,Tweezerman Combo Clipper Set,1Each,£14.00,,,"Toiletries, Health & Beauty"
891653,15D 2PP Sleek Body Shaper Almond L,G,false,671,https://ecom-su-static-prod.wtrecom.com/images/products/3/LN_891653_BP_3.jpg,https://www.waitrose.com/ecom/products/15d-2pp-sleek-body-shaper-almond-l/891653-820036-820037,15D 2PP Sleek Body Shaper Almond L,2s,£15.00,£7.50 each,,"Toiletries, Health & Beauty"
891326,Neutral Ankle Socks 3 Pack,G,false,672,https://ecom-su-static-prod.wtrecom.com/images/products/3/LN_891326_BP_3.jpg,https://www.waitrose.com/ecom/products/neutral-ankle-socks-3-pack/891326-798810-798811,Neutral Ankle Socks 3 Pack,each,£10.00,£10 each,,"Toiletries, Health & Beauty"
891161,80D Opaque Tights Black Medium,G,false,673,https://ecom-su-static-prod.wtrecom.com/images/products/3/LN_891161_BP_3.jpg,https://www.waitrose.com/ecom/products/80d-opaque-tights-black-medium/891161-791404-791405,80D Opaque Tights Black Medium,2s,£10.00,£5 each,,"Toiletries, Health & Beauty"
890620,Scholl Athlete's Foot Spray,G,false,674,https://ecom-su-static-prod.wtrecom.com/images/products/3/LN_890620_BP_3.jpg,https://www.waitrose.com/ecom/products/scholl-athletes-foot-spray/890620-335857-335858,Scholl Athlete's Foot Spray,150ml,£7.30,£4.87/100ml,,"Toiletries, Health & Beauty"
890556,Shea Moisture Strengthen & Restore Shampoo,G,false,675,https://ecom-su-static-prod.wtrecom.com/images/products/3/LN_890556_BP_3.jpg,https://www.waitrose.com/ecom/products/shea-moisture-strengthen-restore-shampoo/890556-793658-793659,Shea Moisture Strengthen & Restore Shampoo,473ml,£13.65,£2.89/100ml,,"Toiletries, Health & Beauty"
889990,Love Ocean Hair & Bodywash Bottle,G,false,676,https://ecom-su-static-prod.wtrecom.com/images/products/3/LN_889990_BP_3.jpg,https://www.waitrose.com/ecom/products/love-ocean-hair-bodywash-bottle/889990-812828-812829,Love Ocean Hair & Bodywash Bottle,300ml,£9.00,£30/litre,,"Toiletries, Health & Beauty"
889329,Nip+Fab Hydrate Hyaluronic Fix Gel Cream 2%,G,true,677,https://ecom-su-static-prod.wtrecom.com/images/products/3/LN_889329_BP_3.jpg,https://www.waitrose.com/ecom/products/nipfab-hydrate-hyaluronic-fix-gel-cream-2/889329-824960-824961,Nip+Fab Hydrate Hyaluronic Fix Gel Cream 2%,50ml,£17.33,£3.47/10ml,Save 1/3. Was £26.00,"Toiletries, Health & Beauty"
889100,AOrganic Rosemary Shampoo,G,false,678,https://ecom-su-static-prod.wtrecom.com/images/products/3/LN_889100_BP_3.jpg,https://www.waitrose.com/ecom/products/aorganic-rosemary-shampoo/889100-330444-330445,AOrganic Rosemary Shampoo,325ml,£9.95,£3.07/100ml,,"Toiletries, Health & Beauty"
888873,Dove Passion Fruit Anti-Perspirant,G,true,679,https://ecom-su-static-prod.wtrecom.com/images/products/3/LN_888873_BP_3.jpg,https://www.waitrose.com/ecom/products/dove-passion-fruit-anti-perspirant/888873-802670-802671,Dove Passion Fruit Anti-Perspirant,200ml,£3.15,£1.58/100ml,Save 1/3. Was £4.75,"Toiletries, Health & Beauty"
888765,Umberto Giannini Curl Jelly Wash,G,false,680,https://ecom-su-static-prod.wtrecom.com/images/products/3/LN_888765_BP_3.jpg,https://www.waitrose.com/ecom/products/umberto-giannini-curl-jelly-wash/888765-695909-695910,Umberto Giannini Curl Jelly Wash,250ml,£9.40,£3.76/100ml,,"Toiletries, Health & Beauty"
888303,Fresh Cotton & Sea Salt deodorant Refill,G,false,681,https://ecom-su-static-prod.wtrecom.com/images/products/3/LN_888303_BP_3.jpg,https://www.waitrose.com/ecom/products/fresh-cotton-sea-salt-deodorant-refill/888303-804624-804625,Fresh Cotton & Sea Salt deodorant Refill,40g,£6.30,£15.75/100g,,"Toiletries, Health & Beauty"
887988,Vaseline Intensive Care Body Lotion,G,false,682,https://ecom-su-static-prod.wtrecom.com/images/products/3/LN_887988_BP_3.jpg,https://www.waitrose.com/ecom/products/vaseline-intensive-care-body-lotion/887988-752589-752590,Vaseline Intensive Care Body Lotion,400ml,£5.10,£1.28/100ml,,"Toiletries, Health & Beauty"
887877,Goodrays Mixed CBD Gummies 25mg 30s,G,false,683,https://ecom-su-static-prod.wtrecom.com/images/products/3/LN_887877_BP_3.jpg,https://www.waitrose.com/ecom/products/goodrays-mixed-cbd-gummies-25mg-30s/887877-803920-803921,Goodrays Mixed CBD Gummies 25mg 30s,120g,£24.95,,,"Toiletries, Health & Beauty"
887753,Ultrasun Face Sun Lotion SPF50+,G,true,684,https://ecom-su-static-prod.wtrecom.com/images/products/3/LN_887753_BP_3.jpg,https://www.waitrose.com/ecom/products/ultrasun-face-sun-lotion-spf50/887753-777478-777479,Ultrasun Face Sun Lotion SPF50+,50ml,£19.20,£38.40/100ml,save £4.80. Was £24.00,"Toiletries, Health & Beauty"
887448,Nivea Men Protect & Care Face Scrub,G,false,685,https://ecom-su-static-prod.wtrecom.com/images/products/3/LN_887448_BP_3.jpg,https://www.waitrose.com/ecom/products/nivea-men-protect-care-face-scrub/887448-756245-756246,Nivea Men Protect & Care Face Scrub,75ml,£5.75,£7.67/100ml,,"Toiletries, Health & Beauty"
887300,Dr Salts Calming Epsom Bath Salts,G,true,686,https://ecom-su-static-prod.wtrecom.com/images/products/3/LN_887300_BP_3.jpg,https://www.waitrose.com/ecom/products/dr-salts-calming-epsom-bath-salts/887300-767323-767324,Dr Salts Calming Epsom Bath Salts,750g,£4.50,60p/100g,Save 1/3. Was £6.75,"Toiletries, Health & Beauty"
887262,Weleda Skin Food Nourishing Night Cream,G,false,687,https://ecom-su-static-prod.wtrecom.com/images/products/3/LN_887262_BP_3.jpg,https://www.waitrose.com/ecom/products/weleda-skin-food-nourishing-night-cream/887262-824958-824959,Weleda Skin Food Nourishing Night Cream,40ml,£15.00,£37.50/100ml,,"Toiletries, Health & Beauty"
887232,Lynx Epic Fresh Deodorant,G,true,688,https://ecom-su-static-prod.wtrecom.com/images/products/3/LN_887232_BP_3.jpg,https://www.waitrose.com/ecom/products/lynx-epic-fresh-deodorant/887232-772794-772795,Lynx Epic Fresh Deodorant,250ml,£3.90,£1.56/100ml,25% Off. Was £5.25,"Toiletries, Health & Beauty"
887122,Grenade Carb Killa Choc Chip Salted Caramel,G,true,689,https://ecom-su-static-prod.wtrecom.com/images/products/3/LN_887122_BP_3.jpg,https://www.waitrose.com/ecom/products/grenade-carb-killa-choc-chip-salted-caramel/887122-744155-744156,Grenade Carb Killa Choc Chip Salted Caramel,60g,£2.20,£3.67/100g,save 80p. Was £3.00,"Toiletries, Health & Beauty"
887038,Super Facialist Salicylic Acid Cleansing Wash,G,false,690,https://ecom-su-static-prod.wtrecom.com/images/products/3/LN_887038_BP_3.jpg,https://www.waitrose.com/ecom/products/super-facialist-salicylic-acid-cleansing-wash/887038-752585-752586,Super Facialist Salicylic Acid Cleansing Wash,150ml,£9.45,£6.30/100ml,,"Toiletries, Health & Beauty"
886562,Bazuka Extra Strength,G,false,691,https://ecom-su-static-prod.wtrecom.com/images/products/3/LN_886562_BP_3.jpg,https://www.waitrose.com/ecom/products/bazuka-extra-strength/886562-449017-449018,Bazuka Extra Strength,6g,£10.50,£175/100g,,"Toiletries, Health & Beauty"
886508,Kordis Discreet Disposal Bags,G,false,692,https://ecom-su-static-prod.wtrecom.com/images/products/3/LN_886508_BP_3.jpg,https://www.waitrose.com/ecom/products/kordis-discreet-disposal-bags/886508-696436-696437,Kordis Discreet Disposal Bags,50s,£1.30,2.6p each,,"Toiletries, Health & Beauty"
886458,OGX Brazilian Keratin Shampoo,G,true,693,https://ecom-su-static-prod.wtrecom.com/images/products/3/LN_886458_BP_3.jpg,https://www.waitrose.com/ecom/products/ogx-brazilian-keratin-shampoo/886458-216893-216894,OGX Brazilian Keratin Shampoo,385ml,£4.20,£1.10/100ml,Half Price. Was £8.40,"Toiletries, Health & Beauty"
886184,Aveeno Fresh Greens Blend Conditioner,G,false,694,https://ecom-su-static-prod.wtrecom.com/images/products/3/LN_886184_BP_3.jpg,https://www.waitrose.com/ecom/products/aveeno-fresh-greens-blend-conditioner/886184-800892-800893,Aveeno Fresh Greens Blend Conditioner,300ml,£8.40,£2.80/100ml,,"Toiletries, Health & Beauty"
885685,Lemsip Cough for Mucus Cough & Catarrh,G,false,695,https://ecom-su-static-prod.wtrecom.com/images/products/3/LN_885685_BP_3.jpg,https://www.waitrose.com/ecom/products/lemsip-cough-for-mucus-cough-catarrh/885685-625408-625409,Lemsip Cough for Mucus Cough & Catarrh,180ml,£8.25,£4.59/100ml,,"Toiletries, Health & Beauty"
885369,Cotton Velvet Black Small,G,false,696,https://ecom-su-static-prod.wtrecom.com/images/products/3/LN_885369_BP_3.jpg,https://www.waitrose.com/ecom/products/cotton-velvet-black-small/885369-790559-790560,Cotton Velvet Black Small,each,£11.00,£11 each,,"Toiletries, Health & Beauty"
885319,Together Health Magnesium Capsules 5 Natural Forms,G,true,697,https://ecom-su-static-prod.wtrecom.com/images/products/3/LN_885319_BP_3.jpg,https://www.waitrose.com/ecom/products/together-health-magnesium-capsules-5-natural-forms/885319-822323-822324,Together Health Magnesium Capsules 5 Natural Forms,30Each,£5.25,17.5p each,25% Off. Was £7.00,"Toiletries, Health & Beauty"
885290,Olay Total Effects 7 Day Moisturiser,G,false,698,https://ecom-su-static-prod.wtrecom.com/images/products/3/LN_885290_BP_3.jpg,https://www.waitrose.com/ecom/products/olay-total-effects-7-day-moisturiser/885290-271540-271541,Olay Total Effects 7 Day Moisturiser,50ml,£17.35,£34.70/100ml,,"Toiletries, Health & Beauty"
885031,Garnier Micellar Hyaluronic Water,G,false,699,https://ecom-su-static-prod.wtrecom.com/images/products/3/LN_885031_BP_3.jpg,https://www.waitrose.com/ecom/products/garnier-micellar-hyaluronic-water/885031-777474-777475,Garnier Micellar Hyaluronic Water,400ml,£9.00,£2.25/100ml,,"Toiletries, Health & Beauty"
884935,Tisserand Sleep Better Bath & Shower,G,true,700,https://ecom-su-static-prod.wtrecom.com/images/products/3/LN_884935_BP_3.jpg,https://www.waitrose.com/ecom/products/tisserand-sleep-better-bath-shower/884935-707148-707149,Tisserand Sleep Better Bath & Shower,400ml,£8.96,£2.24/100ml,25% Off. Was £11.95,"Toiletries, Health & Beauty"
884908,TRESemmé Beauty-full Strength Shampoo,G,true,701,https://ecom-su-static-prod.wtrecom.com/images/products/3/LN_884908_BP_3.jpg,https://www.waitrose.com/ecom/products/tresemme-beauty-full-strength-shampoo/884908-800886-800887,TRESemmé Beauty-full Strength Shampoo,680ml,£2.63,38.7p/100ml,Save 1/3. Was £3.95,"Toiletries, Health & Beauty"
884864,John Lewis Ankle Socks Black 5 Pair,G,false,702,https://ecom-su-static-prod.wtrecom.com/images/products/3/LN_884864_BP_3.jpg,https://www.waitrose.com/ecom/products/john-lewis-ankle-socks-black-5-pair/884864-751965-751966,John Lewis Ankle Socks Black 5 Pair,5s,£9.00,£1.80 each,,"Toiletries, Health & Beauty"
884859,Kalms Night One-A-Night,G,false,703,https://ecom-su-static-prod.wtrecom.com/images/products/3/LN_884859_BP_3.jpg,https://www.waitrose.com/ecom/products/kalms-night-one-a-night/884859-822321-822322,Kalms Night One-A-Night,28s,£10.00,35.7p each,,"Toiletries, Health & Beauty"
884818,Faith in Nature Lavender & Geranium Conditioner,G,false,704,https://ecom-su-static-prod.wtrecom.com/images/products/3/LN_884818_BP_3.jpg,https://www.waitrose.com/ecom/products/faith-in-nature-lavender-geranium-conditioner/884818-724214-724215,Faith in Nature Lavender & Geranium Conditioner,400ml,£8.00,£2/100ml,,"Toiletries, Health & Beauty"
884772,OGX Colour Care Conditioner,G,true,705,https://ecom-su-static-prod.wtrecom.com/images/products/3/LN_884772_BP_3.jpg,https://www.waitrose.com/ecom/products/ogx-colour-care-conditioner/884772-793654-793655,OGX Colour Care Conditioner,385ml,£4.72,£1.23/100ml,Half Price. Was £9.45,"Toiletries, Health & Beauty"
884557,Berocca Immunity Orange,G,false,706,https://ecom-su-static-prod.wtrecom.com/images/products/3/LN_884557_BP_3.jpg,https://www.waitrose.com/ecom/products/berocca-immunity-orange/884557-777472-777473,Berocca Immunity Orange,15s,£8.65,57.7p each,,"Toiletries, Health & Beauty"
884525,Childs Farm Shampoo Strawberry,G,false,707,https://ecom-su-static-prod.wtrecom.com/images/products/3/LN_884525_BP_3.jpg,https://www.waitrose.com/ecom/products/childs-farm-shampoo-strawberry/884525-666291-666292,Childs Farm Shampoo Strawberry,500ml,£8.40,£1.68/100ml,,"Toiletries, Health & Beauty"
883930,Nivea Men Hyaluron Face Cream SPF15,G,false,708,https://ecom-su-static-prod.wtrecom.com/images/products/3/LN_883930_BP_3.jpg,https://www.waitrose.com/ecom/products/nivea-men-hyaluron-face-cream-spf15/883930-756235-756236,Nivea Men Hyaluron Face Cream SPF15,50ml,£14.25,£28.50/100ml,,"Toiletries, Health & Beauty"
883736,BetterYou Vitamin D+K2 Daily Oral Spray,G,false,709,https://ecom-su-static-prod.wtrecom.com/images/products/3/LN_883736_BP_3.jpg,https://www.waitrose.com/ecom/products/betteryou-vitamin-dk2-daily-oral-spray/883736-730980-730981,BetterYou Vitamin D+K2 Daily Oral Spray,12ml,£10.40,£86.67/100ml,,"Toiletries, Health & Beauty"
883621,Balance Me Rose Otto Face Oil,G,false,710,https://ecom-su-static-prod.wtrecom.com/images/products/3/LN_883621_BP_3.jpg,https://www.waitrose.com/ecom/products/balance-me-rose-otto-face-oil/883621-313634-313635,Balance Me Rose Otto Face Oil,30ml,£35.00,£116.67/100ml,,"Toiletries, Health & Beauty"
883218,King of Shaves Shaving Serum,G,false,711,https://ecom-su-static-prod.wtrecom.com/images/products/3/LN_883218_BP_3.jpg,https://www.waitrose.com/ecom/products/king-of-shaves-shaving-serum/883218-785284-785285,King of Shaves Shaving Serum,50ml,£6.25,£12.50/100ml,,"Toiletries, Health & Beauty"
882925,Nivea Micellar Cleansing Wipes,G,false,712,https://ecom-su-static-prod.wtrecom.com/images/products/3/LN_882925_BP_3.jpg,https://www.waitrose.com/ecom/products/nivea-micellar-cleansing-wipes/882925-752579-752580,Nivea Micellar Cleansing Wipes,25s,£4.40,17.6p each,,"Toiletries, Health & Beauty"
882745,Neutrogena Fast Absorbing Hand Cream,G,true,713,https://ecom-su-static-prod.wtrecom.com/images/products/3/LN_882745_BP_3.jpg,https://www.waitrose.com/ecom/products/neutrogena-fast-absorbing-hand-cream/882745-719989-719990,Neutrogena Fast Absorbing Hand Cream,75ml,£2.76,£3.68/100ml,Save 1/3. Was £4.15,"Toiletries, Health & Beauty"
882603,Voltarol Joint & Back Pain Relief Gel Travel Size,G,false,714,https://ecom-su-static-prod.wtrecom.com/images/products/3/LN_882603_BP_3.jpg,https://www.waitrose.com/ecom/products/voltarol-joint-back-pain-relief-gel-travel-size/882603-788820-788821,Voltarol Joint & Back Pain Relief Gel Travel Size,30g,£8.70,£29/100g,,"Toiletries, Health & Beauty"
881947,Gillette Labs Neon Night Razor,G,true,715,https://ecom-su-static-prod.wtrecom.com/images/products/3/LN_881947_BP_3.jpg,https://www.waitrose.com/ecom/products/gillette-labs-neon-night-razor/881947-770829-770830,Gillette Labs Neon Night Razor,Each,£11.80,£11.80 each,Half Price. Was £23.65,"Toiletries, Health & Beauty"
881738,Bodyform Ultra Night Towels Wings,G,true,716,https://ecom-su-static-prod.wtrecom.com/images/products/3/LN_881738_BP_3.jpg,https://www.waitrose.com/ecom/products/bodyform-ultra-night-towels-wings/881738-719075-719076,Bodyform Ultra Night Towels Wings,18s,£2.75,15.3p each,Add 2 for £4,"Toiletries, Health & Beauty"
881681,Sure Confidence 96h Deodorant,G,false,717,https://ecom-su-static-prod.wtrecom.com/images/products/3/LN_881681_BP_3.jpg,https://www.waitrose.com/ecom/products/sure-confidence-96h-deodorant/881681-780937-780938,Sure Confidence 96h Deodorant,150ml,£5.25,£3.50/100ml,,"Toiletries, Health & Beauty"
881577,LOreal Bright Reveal UV Fluid,G,false,718,https://ecom-su-static-prod.wtrecom.com/images/products/3/LN_881577_BP_3.jpg,https://www.waitrose.com/ecom/products/loreal-bright-reveal-uv-fluid/881577-824956-824957,LOreal Bright Reveal UV Fluid,50ml,£20.00,£40/100ml,,"Toiletries, Health & Beauty"
881207,Sudafed Natural Relief Nose Spray,G,false,719,https://ecom-su-static-prod.wtrecom.com/images/products/3/LN_881207_BP_3.jpg,https://www.waitrose.com/ecom/products/sudafed-natural-relief-nose-spray/881207-765900-765901,Sudafed Natural Relief Nose Spray,15ml,£6.25,£41.67/100ml,,"Toiletries, Health & Beauty"
880840,L'Oreal Revitalift Clinical Anti-UV Fluid SPF50+,G,true,720,https://ecom-su-static-prod.wtrecom.com/images/products/3/LN_880840_BP_3.jpg,https://www.waitrose.com/ecom/products/loreal-revitalift-clinical-anti-uv-fluid-spf50/880840-824954-824955,L'Oreal Revitalift Clinical Anti-UV Fluid SPF50+,30ml,£10.00,£33.34/100ml,Half Price. Was £20.00,"Toiletries, Health & Beauty"
880823,Essential Pregnancy Test Kit,G,false,721,https://ecom-su-static-prod.wtrecom.com/images/products/3/LN_880823_BP_3.jpg,https://www.waitrose.com/ecom/products/essential-pregnancy-test-kit/880823-311488-311489,Essential Pregnancy Test Kit,2s,£3.95,£3.95 each,,"Toiletries, Health & Beauty"
880792,Garnier Moisture Bomb Tissue Mask,G,false,722,https://ecom-su-static-prod.wtrecom.com/images/products/3/LN_880792_BP_3.jpg,https://www.waitrose.com/ecom/products/garnier-moisture-bomb-tissue-mask/880792-730974-730975,Garnier Moisture Bomb Tissue Mask,28g,£3.70,£13.22/100g,,"Toiletries, Health & Beauty"
880742,Cowshed Refresh Hand Wash,G,true,723,https://ecom-su-static-prod.wtrecom.com/images/products/3/LN_880742_BP_3.jpg,https://www.waitrose.com/ecom/products/cowshed-refresh-hand-wash/880742-706817-706818,Cowshed Refresh Hand Wash,300ml,£15.00,£5/100ml,25% Off. Was £20.00,"Toiletries, Health & Beauty"
880696,Pantene Grow Strong Conditioner,G,true,724,https://ecom-su-static-prod.wtrecom.com/images/products/3/LN_880696_BP_3.jpg,https://www.waitrose.com/ecom/products/pantene-grow-strong-conditioner/880696-720401-720402,Pantene Grow Strong Conditioner,275ml,£3.00,£1.10/100ml,Half Price. Was £6.00,"Toiletries, Health & Beauty"
880631,Faith In Nature Rosemary Conditioner,G,false,725,https://ecom-su-static-prod.wtrecom.com/images/products/3/LN_880631_BP_3.jpg,https://www.waitrose.com/ecom/products/faith-in-nature-rosemary-conditioner/880631-820692-820693,Faith In Nature Rosemary Conditioner,400ml,£8.00,£2/100ml,,"Toiletries, Health & Beauty"
880440,Weleda Skin Food Nourishing Day Cream,G,false,726,https://ecom-su-static-prod.wtrecom.com/images/products/3/LN_880440_BP_3.jpg,https://www.waitrose.com/ecom/products/weleda-skin-food-nourishing-day-cream/880440-824952-824953,Weleda Skin Food Nourishing Day Cream,40ml,£15.00,£37.50/100ml,,"Toiletries, Health & Beauty"
880436,Faith in Nature Wild Rose Conditioner,G,false,727,https://ecom-su-static-prod.wtrecom.com/images/products/3/LN_880436_BP_3.jpg,https://www.waitrose.com/ecom/products/faith-in-nature-wild-rose-conditioner/880436-724204-724205,Faith in Nature Wild Rose Conditioner,400ml,£8.00,£2/100ml,,"Toiletries, Health & Beauty"
880342,Nivea Black and White Stain protect Deodorant,G,true,728,https://ecom-su-static-prod.wtrecom.com/images/products/3/LN_880342_BP_3.jpg,https://www.waitrose.com/ecom/products/nivea-black-and-white-stain-protect-deodorant/880342-813036-813037,Nivea Black and White Stain protect Deodorant,250ml,£3.65,£1.46/100ml,20% Off. Was £4.59,"Toiletries, Health & Beauty"
880287,Lemsip Cough for Dry Cough & Sore Throat,G,false,729,https://ecom-su-static-prod.wtrecom.com/images/products/3/LN_880287_BP_3.jpg,https://www.waitrose.com/ecom/products/lemsip-cough-for-dry-cough-sore-throat/880287-523292-523293,Lemsip Cough for Dry Cough & Sore Throat,180ml,£8.25,£4.59/100ml,,"Toiletries, Health & Beauty"
880153,Love Ocean Hair and Bodywash Pouch,G,false,730,https://ecom-su-static-prod.wtrecom.com/images/products/3/LN_880153_BP_3.jpg,https://www.waitrose.com/ecom/products/love-ocean-hair-and-bodywash-pouch/880153-812826-812827,Love Ocean Hair and Bodywash Pouch,300ml,£7.00,£23.34/litre,,"Toiletries, Health & Beauty"
880037,VITL Rise & Energise Capsules,G,false,731,https://ecom-su-static-prod.wtrecom.com/images/products/3/LN_880037_BP_3.jpg,https://www.waitrose.com/ecom/products/vitl-rise-energise-capsules/880037-822315-822316,VITL Rise & Energise Capsules,30s,£10.00,33.3p each,,"Toiletries, Health & Beauty"
879877,Nivea Men Shaving Gel,G,false,732,https://ecom-su-static-prod.wtrecom.com/images/products/3/LN_879877_BP_3.jpg,https://www.waitrose.com/ecom/products/nivea-men-shaving-gel/879877-772792-772793,Nivea Men Shaving Gel,200ml,£4.25,£2.13/100ml,,"Toiletries, Health & Beauty"
879803,DrSalts Epsom Salts Calming Shower Gel,G,true,733,https://ecom-su-static-prod.wtrecom.com/images/products/3/LN_879803_BP_3.jpg,https://www.waitrose.com/ecom/products/drsalts-epsom-salts-calming-shower-gel/879803-767315-767316,DrSalts Epsom Salts Calming Shower Gel,200ml,£2.16,£1.08/100ml,Save 1/3. Was £3.25,"Toiletries, Health & Beauty"
879724,Neal's Yard Vitamin E and Avocado Night Cream,G,false,734,https://ecom-su-static-prod.wtrecom.com/images/products/3/LN_879724_BP_3.jpg,https://www.waitrose.com/ecom/products/neals-yard-vitamin-e-and-avocado-night-cream/879724-752577-752578,Neal's Yard Vitamin E and Avocado Night Cream,50g,£28.00,£56/100g,,"Toiletries, Health & Beauty"
879669,Childs Farm Bubble Bath Tangerine,G,false,735,https://ecom-su-static-prod.wtrecom.com/images/products/3/LN_879669_BP_3.jpg,https://www.waitrose.com/ecom/products/childs-farm-bubble-bath-tangerine/879669-666289-666290,Childs Farm Bubble Bath Tangerine,500ml,£8.40,£1.68/100ml,,"Toiletries, Health & Beauty"
879382,John Frieda PROfiller Hairspray,G,false,736,https://ecom-su-static-prod.wtrecom.com/images/products/3/LN_879382_BP_3.jpg,https://www.waitrose.com/ecom/products/john-frieda-profiller-hairspray/879382-793652-793653,John Frieda PROfiller Hairspray,150ml,£9.45,£6.30/100ml,,"Toiletries, Health & Beauty"
879345,Together Health Wholefood Iron With B-Vitamins Capsules,G,true,737,https://ecom-su-static-prod.wtrecom.com/images/products/3/LN_879345_BP_3.jpg,https://www.waitrose.com/ecom/products/together-health-wholefood-iron-with-b-vitamins-capsules/879345-822313-822314,Together Health Wholefood Iron With B-Vitamins Capsules,30Each,£6.00,20p each,25% Off. Was £8.00,"Toiletries, Health & Beauty"
878753,Deep Freeze Muscle Rescue Cold Spray,G,false,738,https://ecom-su-static-prod.wtrecom.com/images/products/3/LN_878753_BP_3.jpg,https://www.waitrose.com/ecom/products/deep-freeze-muscle-rescue-cold-spray/878753-822311-822312,Deep Freeze Muscle Rescue Cold Spray,72.5ml,£6.00,£8.28/100ml,,"Toiletries, Health & Beauty"
878734,Dove Advanced Coconut Deodorant Roll-On,G,true,739,https://ecom-su-static-prod.wtrecom.com/images/products/3/LN_878734_BP_3.jpg,https://www.waitrose.com/ecom/products/dove-advanced-coconut-deodorant-roll-on/878734-802664-802665,Dove Advanced Coconut Deodorant Roll-On,50ml,£2.00,£4/100ml,Save 1/3. Was £3.00,"Toiletries, Health & Beauty"
878389,Colgate Peroxyl Mouthwash with Hydrogen Peroxide,G,false,740,https://ecom-su-static-prod.wtrecom.com/images/products/3/LN_878389_BP_3.jpg,https://www.waitrose.com/ecom/products/colgate-peroxyl-mouthwash-with-hydrogen-peroxide/878389-822309-822310,Colgate Peroxyl Mouthwash with Hydrogen Peroxide,300ml,£5.29,£1.77/100ml,,"Toiletries, Health & Beauty"
878388,Noughty Hey Curl Scrunching Jelly,G,true,741,https://ecom-su-static-prod.wtrecom.com/images/products/3/LN_878388_BP_3.jpg,https://www.waitrose.com/ecom/products/noughty-hey-curl-scrunching-jelly/878388-744141-744142,Noughty Hey Curl Scrunching Jelly,200ml,£6.30,£3.15/100ml,Save 1/3. Was £9.45,"Toiletries, Health & Beauty"
878152,Man Cave Caffeine Shampoo,G,false,742,https://ecom-su-static-prod.wtrecom.com/images/products/3/LN_878152_BP_3.jpg,https://www.waitrose.com/ecom/products/man-cave-caffeine-shampoo/878152-588929-588930,Man Cave Caffeine Shampoo,200ml,£7.35,£3.68/100ml,,"Toiletries, Health & Beauty"
878033,Lanolips Tinted Balm SPF 30 Rhubarb,G,false,743,https://ecom-su-static-prod.wtrecom.com/images/products/3/LN_878033_BP_3.jpg,https://www.waitrose.com/ecom/products/lanolips-tinted-balm-spf-30-rhubarb/878033-307438-307439,Lanolips Tinted Balm SPF 30 Rhubarb,12.5g,£8.00,£64/100g,,"Toiletries, Health & Beauty"
877961,Waitrose Pure Moisture Conditioner,G,false,744,https://ecom-su-static-prod.wtrecom.com/images/products/3/LN_877961_BP_3.jpg,https://www.waitrose.com/ecom/products/waitrose-pure-moisture-conditioner/877961-776972-776973,Waitrose Pure Moisture Conditioner,250ml,£3.00,£1.20/100ml,,"Toiletries, Health & Beauty"
877691,Canesten Bacterial Vaginal Pessaries,G,false,745,https://ecom-su-static-prod.wtrecom.com/images/products/3/LN_877691_BP_3.jpg,https://www.waitrose.com/ecom/products/canesten-bacterial-vaginal-pessaries/877691-746290-746291,Canesten Bacterial Vaginal Pessaries,7s,£17.65,£2.53 each,,"Toiletries, Health & Beauty"
877357,Heath Relax Hair + Body Wash,G,false,746,https://ecom-su-static-prod.wtrecom.com/images/products/3/LN_877357_BP_3.jpg,https://www.waitrose.com/ecom/products/heath-relax-hair-body-wash/877357-729832-729833,Heath Relax Hair + Body Wash,250ml,£8.00,£3.20/100ml,,"Toiletries, Health & Beauty"
877254,Essential Blister Plasters,G,false,747,https://ecom-su-static-prod.wtrecom.com/images/products/3/LN_877254_BP_3.jpg,https://www.waitrose.com/ecom/products/essential-blister-plasters/877254-642670-642671,Essential Blister Plasters,5s,£3.15,63p each,,"Toiletries, Health & Beauty"
876452,Bonjela Soothing Teething Gel,G,false,748,https://ecom-su-static-prod.wtrecom.com/images/products/3/LN_876452_BP_3.jpg,https://www.waitrose.com/ecom/products/bonjela-soothing-teething-gel/876452-719975-719976,Bonjela Soothing Teething Gel,15ml,£4.20,£28/100ml,,"Toiletries, Health & Beauty"
876440,Super Facialist Rosehip Hydrate Creamy Cleanser,G,false,749,https://ecom-su-static-prod.wtrecom.com/images/products/3/LN_876440_BP_3.jpg,https://www.waitrose.com/ecom/products/super-facialist-rosehip-hydrate-creamy-cleanser/876440-752573-752574,Super Facialist Rosehip Hydrate Creamy Cleanser,150ml,£9.45,£6.30/100ml,,"Toiletries, Health & Beauty"
876239,Gillette Fusion Pro-Glide Flexball,G,false,750,https://ecom-su-static-prod.wtrecom.com/images/products/3/LN_876239_BP_3.jpg,https://www.waitrose.com/ecom/products/gillette-fusion-pro-glide-flexball/876239-406057-406058,Gillette Fusion Pro-Glide Flexball,Each,£16.30,£16.30 each,,"Toiletries, Health & Beauty"
876046,Olay Regenerist 3 Point Night Cream,G,true,751,https://ecom-su-static-prod.wtrecom.com/images/products/3/LN_876046_BP_3.jpg,https://www.waitrose.com/ecom/products/olay-regenerist-3-point-night-cream/876046-690698-690699,Olay Regenerist 3 Point Night Cream,50ml,£17.85,£35.70/100ml,Half Price. Was £35.70,"Toiletries, Health & Beauty"
875944,Man Cave Cedarwood Shower Gel,G,false,752,https://ecom-su-static-prod.wtrecom.com/images/products/3/LN_875944_BP_3.jpg,https://www.waitrose.com/ecom/products/man-cave-cedarwood-shower-gel/875944-664040-664041,Man Cave Cedarwood Shower Gel,200ml,£6.00,£3/100ml,,"Toiletries, Health & Beauty"
875179,Rock Face Refined Shower Gel,G,false,753,https://ecom-su-static-prod.wtrecom.com/images/products/3/LN_875179_BP_3.jpg,https://www.waitrose.com/ecom/products/rock-face-refined-shower-gel/875179-813032-813033,Rock Face Refined Shower Gel,410ml,£3.80,92.7p/100ml,,"Toiletries, Health & Beauty"
875154,Covonia Sugar Free Dry & Tickly Cough,G,false,754,https://ecom-su-static-prod.wtrecom.com/images/products/3/LN_875154_BP_3.jpg,https://www.waitrose.com/ecom/products/covonia-sugar-free-dry-tickly-cough/875154-765826-765827,Covonia Sugar Free Dry & Tickly Cough,150ml,£6.50,£4.34/100ml,,"Toiletries, Health & Beauty"
874950,60D Bodyshaper Opaque Tights XL,G,false,755,https://ecom-su-static-prod.wtrecom.com/images/products/3/LN_874950_BP_3.jpg,https://www.waitrose.com/ecom/products/60d-bodyshaper-opaque-tights-xl/874950-791400-791401,60D Bodyshaper Opaque Tights XL,each,£10.50,£10.50 each,,"Toiletries, Health & Beauty"
874856,Richard Ward Satin Conditioner,G,true,756,https://ecom-su-static-prod.wtrecom.com/images/products/3/LN_874856_BP_3.jpg,https://www.waitrose.com/ecom/products/richard-ward-satin-conditioner/874856-757541-757542,Richard Ward Satin Conditioner,300ml,£4.00,£1.34/100ml,Half Price. Was £8.00,"Toiletries, Health & Beauty"
874768,TRESemmé Keratin Smooth Conditioner,G,true,757,https://ecom-su-static-prod.wtrecom.com/images/products/3/LN_874768_BP_3.jpg,https://www.waitrose.com/ecom/products/tresemme-keratin-smooth-conditioner/874768-809306-809307,TRESemmé Keratin Smooth Conditioner,680ml,£2.63,38.7p/100ml,Save 1/3. Was £3.95,"Toiletries, Health & Beauty"
874581,Pantene Hydra Glow Shampoo,G,true,758,https://ecom-su-static-prod.wtrecom.com/images/products/3/LN_874581_BP_3.jpg,https://www.waitrose.com/ecom/products/pantene-hydra-glow-shampoo/874581-793650-793651,Pantene Hydra Glow Shampoo,400ml,£3.00,75p/100ml,Half Price. Was £6.00,"Toiletries, Health & Beauty"
874416,Cowshed Active Body Lotion,G,true,759,https://ecom-su-static-prod.wtrecom.com/images/products/3/LN_874416_BP_3.jpg,https://www.waitrose.com/ecom/products/cowshed-active-body-lotion/874416-706799-706800,Cowshed Active Body Lotion,300ml,£18.00,£6/100ml,25% Off. Was £24.00,"Toiletries, Health & Beauty"
874099,Optrex Hayfever Relief Eye Drops,G,false,760,https://ecom-su-static-prod.wtrecom.com/images/products/3/LN_874099_BP_3.jpg,https://www.waitrose.com/ecom/products/optrex-hayfever-relief-eye-drops/874099-505245-505246,Optrex Hayfever Relief Eye Drops,10ml,£6.80,£68/100ml,,"Toiletries, Health & Beauty"
872839,Centrum Women Multivitamin Tablets,G,false,761,https://ecom-su-static-prod.wtrecom.com/images/products/3/LN_872839_BP_3.jpg,https://www.waitrose.com/ecom/products/centrum-women-multivitamin-tablets/872839-275037-275038,Centrum Women Multivitamin Tablets,30s,£8.70,29p each,,"Toiletries, Health & Beauty"
872694,VITL Sweet Sleep Capsules,G,false,762,https://ecom-su-static-prod.wtrecom.com/images/products/3/LN_872694_BP_3.jpg,https://www.waitrose.com/ecom/products/vitl-sweet-sleep-capsules/872694-822307-822308,VITL Sweet Sleep Capsules,30s,£10.00,33.3p each,,"Toiletries, Health & Beauty"
872420,Gel Nail Polish Remover Kit,G,false,763,https://ecom-su-static-prod.wtrecom.com/images/products/3/LN_872420_BP_3.jpg,https://www.waitrose.com/ecom/products/gel-nail-polish-remover-kit/872420-793644-793645,Gel Nail Polish Remover Kit,245g,£14.99,£6.12/100g,,"Toiletries, Health & Beauty"
872256,Nivea Luminous630 Anti-Spot Cream,G,false,764,https://ecom-su-static-prod.wtrecom.com/images/products/3/LN_872256_BP_3.jpg,https://www.waitrose.com/ecom/products/nivea-luminous630-anti-spot-cream/872256-762228-762229,Nivea Luminous630 Anti-Spot Cream,40ml,£28.35,£70.88/100ml,,"Toiletries, Health & Beauty"
872235,Lanolips Milk & Honey Hand Cream Intense,G,false,765,https://ecom-su-static-prod.wtrecom.com/images/products/3/LN_872235_BP_3.jpg,https://www.waitrose.com/ecom/products/lanolips-milk-honey-hand-cream-intense/872235-813832-813833,Lanolips Milk & Honey Hand Cream Intense,50ml,£9.00,£18/100ml,,"Toiletries, Health & Beauty"
871908,Sanctuary Spa Lily & Rose Collection Body Wash,G,true,766,https://ecom-su-static-prod.wtrecom.com/images/products/3/LN_871908_BP_3.jpg,https://www.waitrose.com/ecom/products/sanctuary-spa-lily-rose-collection-body-wash/871908-813028-813029,Sanctuary Spa Lily & Rose Collection Body Wash,250ml,£4.66,£1.87/100ml,Save 1/3. Was £7.00,"Toiletries, Health & Beauty"
871903,Neutrogen Clear & Defend Oil Free Moisuriser,G,true,767,https://ecom-su-static-prod.wtrecom.com/images/products/3/LN_871903_BP_3.jpg,https://www.waitrose.com/ecom/products/neutrogen-clear-defend-oil-free-moisuriser/871903-824944-824945,Neutrogen Clear & Defend Oil Free Moisuriser,50ml,£4.00,£8/100ml,Save 1/3. Was £6.00,"Toiletries, Health & Beauty"
871895,SenSpa Reviving Bath Soak,G,false,768,https://ecom-su-static-prod.wtrecom.com/images/products/3/LN_871895_BP_3.jpg,https://www.waitrose.com/ecom/products/senspa-reviving-bath-soak/871895-767301-767302,SenSpa Reviving Bath Soak,250ml,£6.50,£2.60/100ml,,"Toiletries, Health & Beauty"
871855,Anusol Ointment,G,false,769,https://ecom-su-static-prod.wtrecom.com/images/products/3/LN_871855_BP_3.jpg,https://www.waitrose.com/ecom/products/anusol-ointment/871855-339783-339784,Anusol Ointment,15g,£7.15,£47.67/100g,,"Toiletries, Health & Beauty"
871491,Waitrose Pure Hot Cloth Cleanser,G,false,770,https://ecom-su-static-prod.wtrecom.com/images/products/3/LN_871491_BP_3.jpg,https://www.waitrose.com/ecom/products/waitrose-pure-hot-cloth-cleanser/871491-772790-772791,Waitrose Pure Hot Cloth Cleanser,150ml,£4.50,£3/100ml,,"Toiletries, Health & Beauty"
871292,Naturtint Light Chestnut Brown 5N,G,false,771,https://ecom-su-static-prod.wtrecom.com/images/products/3/LN_871292_BP_3.jpg,https://www.waitrose.com/ecom/products/naturtint-light-chestnut-brown-5n/871292-473960-473961,Naturtint Light Chestnut Brown 5N,165ml,£12.99,£7.88/100ml,,"Toiletries, Health & Beauty"
870932,Berocca Mixed Berries,G,false,772,https://ecom-su-static-prod.wtrecom.com/images/products/3/LN_870932_BP_3.jpg,https://www.waitrose.com/ecom/products/berocca-mixed-berries/870932-692156-692157,Berocca Mixed Berries,45s,£15.75,35p each,,"Toiletries, Health & Beauty"
870908,Curaprox Triple Pack Toothbrushes 5460,G,true,773,https://ecom-su-static-prod.wtrecom.com/images/products/3/LN_870908_BP_3.jpg,https://www.waitrose.com/ecom/products/curaprox-triple-pack-toothbrushes-5460/870908-776896-776897,Curaprox Triple Pack Toothbrushes 5460,1Each,£9.00,£9 each,25% Off. Was £12.00,"Toiletries, Health & Beauty"
870894,Matey Max Bubble Bath,G,false,774,https://ecom-su-static-prod.wtrecom.com/images/products/3/LN_870894_BP_3.jpg,https://www.waitrose.com/ecom/products/matey-max-bubble-bath/870894-793638-793639,Matey Max Bubble Bath,450ml,£2.50,55.6p/100ml,,"Toiletries, Health & Beauty"
870867,Garnier Vitamin C UV SPF50+ Invisible,G,true,775,https://ecom-su-static-prod.wtrecom.com/images/products/3/LN_870867_BP_3.jpg,https://www.waitrose.com/ecom/products/garnier-vitamin-c-uv-spf50-invisible/870867-824942-824943,Garnier Vitamin C UV SPF50+ Invisible,40ml,£8.66,£21.65/100ml,Save 1/3. Was £13.00,"Toiletries, Health & Beauty"
870690,Simple Exfoliating Face Wipes,G,true,776,https://ecom-su-static-prod.wtrecom.com/images/products/3/LN_870690_BP_3.jpg,https://www.waitrose.com/ecom/products/simple-exfoliating-face-wipes/870690-788812-788813,Simple Exfoliating Face Wipes,20s,£2.80,14p each,Save 1/3. Was £4.20,"Toiletries, Health & Beauty"
870576,Waitrose A-Z Multivitamins,G,false,777,https://ecom-su-static-prod.wtrecom.com/images/products/3/LN_870576_BP_3.jpg,https://www.waitrose.com/ecom/products/waitrose-a-z-multivitamins/870576-765764-765765,Waitrose A-Z Multivitamins,90Each,£5.00,5.6p each,,"Toiletries, Health & Beauty"
870529,Durex Naturals Water Based Sensitive Lubricant Gel,G,false,778,https://ecom-su-static-prod.wtrecom.com/images/products/3/LN_870529_BP_3.jpg,https://www.waitrose.com/ecom/products/durex-naturals-water-based-sensitive-lubricant-gel/870529-724190-724191,Durex Naturals Water Based Sensitive Lubricant Gel,100ml,£11.25,£11.25/100ml,,"Toiletries, Health & Beauty"
870066,Vitabiotics Ultra Omega-3,G,false,779,https://ecom-su-static-prod.wtrecom.com/images/products/3/LN_870066_BP_3.jpg,https://www.waitrose.com/ecom/products/vitabiotics-ultra-omega-3/870066-162001-162002,Vitabiotics Ultra Omega-3,60s,£10.20,17p each,,"Toiletries, Health & Beauty"
869756,Bassetts Vitamins EPO & Multivitamins 12-18 Years,G,false,780,https://ecom-su-static-prod.wtrecom.com/images/products/3/LN_869756_BP_3.jpg,https://www.waitrose.com/ecom/products/bassetts-vitamins-epo-multivitamins-12-18-years/869756-523244-523245,Bassetts Vitamins EPO & Multivitamins 12-18 Years,30s,£7.15,23.8p each,,"Toiletries, Health & Beauty"
869718,Cl-ear Olive Oil Ear Drops,G,false,781,https://ecom-su-static-prod.wtrecom.com/images/products/3/LN_869718_BP_3.jpg,https://www.waitrose.com/ecom/products/cl-ear-olive-oil-ear-drops/869718-765758-765759,Cl-ear Olive Oil Ear Drops,15ml,£4.30,£28.67/100ml,,"Toiletries, Health & Beauty"
869181,Nivea Q10 Firming + Extra Body Lotion,G,true,782,https://ecom-su-static-prod.wtrecom.com/images/products/3/LN_869181_BP_3.jpg,https://www.waitrose.com/ecom/products/nivea-q10-firming-extra-body-lotion/869181-788810-788811,Nivea Q10 Firming + Extra Body Lotion,400ml,£8.00,£20/litre,Save 1/3. Was £12.00,"Toiletries, Health & Beauty"
868306,Tisserand Total De-stress Mist,G,true,783,https://ecom-su-static-prod.wtrecom.com/images/products/3/LN_868306_BP_3.jpg,https://www.waitrose.com/ecom/products/tisserand-total-de-stress-mist/868306-707142-707143,Tisserand Total De-stress Mist,100ml,£7.87,£7.87/100ml,25% Off. Was £10.50,"Toiletries, Health & Beauty"
868301,E45 Face Moisturiser,G,false,784,https://ecom-su-static-prod.wtrecom.com/images/products/3/LN_868301_BP_3.jpg,https://www.waitrose.com/ecom/products/e45-face-moisturiser/868301-788804-788805,E45 Face Moisturiser,50ml,£10.50,£21/100ml,,"Toiletries, Health & Beauty"
867106,Dove Smoothing Care Body Lotion,G,true,785,https://ecom-su-static-prod.wtrecom.com/images/products/3/LN_867106_BP_3.jpg,https://www.waitrose.com/ecom/products/dove-smoothing-care-body-lotion/867106-824938-824939,Dove Smoothing Care Body Lotion,400ml,£4.00,£1/100ml,Save 1/3. Was £6.00,"Toiletries, Health & Beauty"
866964,Aquafresh Advance Kids Brush 9-12 Years,G,false,786,https://ecom-su-static-prod.wtrecom.com/images/products/3/LN_866964_BP_3.jpg,https://www.waitrose.com/ecom/products/aquafresh-advance-kids-brush-9-12-years/866964-822297-822298,Aquafresh Advance Kids Brush 9-12 Years,Each,£2.20,£2.20 each,,"Toiletries, Health & Beauty"
866223,Richard Ward Vegan Restoring Masque,G,true,787,https://ecom-su-static-prod.wtrecom.com/images/products/3/LN_866223_BP_3.jpg,https://www.waitrose.com/ecom/products/richard-ward-vegan-restoring-masque/866223-757533-757534,Richard Ward Vegan Restoring Masque,150ml,£4.00,£2.67/100ml,Half Price. Was £8.00,"Toiletries, Health & Beauty"
866099,Neal's Yard Remedies Women's Balance Body Cream,G,false,788,https://ecom-su-static-prod.wtrecom.com/images/products/3/LN_866099_BP_3.jpg,https://www.waitrose.com/ecom/products/neals-yard-remedies-womens-balance-body-cream/866099-762214-762215,Neal's Yard Remedies Women's Balance Body Cream,200ml,£32.00,£16/100ml,,"Toiletries, Health & Beauty"
865904,Bulldog Sensitive Face Wash,G,true,789,https://ecom-su-static-prod.wtrecom.com/images/products/3/LN_865904_BP_3.jpg,https://www.waitrose.com/ecom/products/bulldog-sensitive-face-wash/865904-307386-307387,Bulldog Sensitive Face Wash,150ml,£3.50,£2.34/100ml,Save 1/3. Was £5.25,"Toiletries, Health & Beauty"
865474,Waitrose High Strength Omega 3,G,false,790,https://ecom-su-static-prod.wtrecom.com/images/products/3/LN_865474_BP_3.jpg,https://www.waitrose.com/ecom/products/waitrose-high-strength-omega-3/865474-236374-236375,Waitrose High Strength Omega 3,90s,£8.50,9.4p each,,"Toiletries, Health & Beauty"
864451,Aveeno Oat Milk Blend Shampoo,G,false,791,https://ecom-su-static-prod.wtrecom.com/images/products/3/LN_864451_BP_3.jpg,https://www.waitrose.com/ecom/products/aveeno-oat-milk-blend-shampoo/864451-800824-800825,Aveeno Oat Milk Blend Shampoo,300ml,£8.40,£2.80/100ml,,"Toiletries, Health & Beauty"
864021,Colgate ZigZag Firm Toothbrush,G,false,792,https://ecom-su-static-prod.wtrecom.com/images/products/3/LN_864021_BP_3.jpg,https://www.waitrose.com/ecom/products/colgate-zigzag-firm-toothbrush/864021-822295-822296,Colgate ZigZag Firm Toothbrush,1Each,£2.00,£2 each,,"Toiletries, Health & Beauty"
863860,Sure Bright Bouquet Deodorant Roll-On,G,false,793,https://ecom-su-static-prod.wtrecom.com/images/products/3/LN_863860_BP_3.jpg,https://www.waitrose.com/ecom/products/sure-bright-bouquet-deodorant-roll-on/863860-802654-802655,Sure Bright Bouquet Deodorant Roll-On,50ml,£2.00,£4/100ml,,"Toiletries, Health & Beauty"
863727,Sure Maximum Protection Clean Scent Deodorant Stick,G,false,794,https://ecom-su-static-prod.wtrecom.com/images/products/3/LN_863727_BP_3.jpg,https://www.waitrose.com/ecom/products/sure-maximum-protection-clean-scent-deodorant-stick/863727-276107-276108,Sure Maximum Protection Clean Scent Deodorant Stick,45ml,£5.25,£11.67/100ml,,"Toiletries, Health & Beauty"
863664,Dove Men +Care Roll-On Clean Comfort,G,true,795,https://ecom-su-static-prod.wtrecom.com/images/products/3/LN_863664_BP_3.jpg,https://www.waitrose.com/ecom/products/dove-men-care-roll-on-clean-comfort/863664-804616-804617,Dove Men +Care Roll-On Clean Comfort,50ml,£2.00,£4/100ml,Save 1/3. Was £3.00,"Toiletries, Health & Beauty"
863550,Gaviscon Advance Aniseed Indigestion Liquid,G,false,796,https://ecom-su-static-prod.wtrecom.com/images/products/3/LN_863550_BP_3.jpg,https://www.waitrose.com/ecom/products/gaviscon-advance-aniseed-indigestion-liquid/863550-724174-724175,Gaviscon Advance Aniseed Indigestion Liquid,300ml,£13.10,£4.37/100ml,,"Toiletries, Health & Beauty"
863319,Richard Ward Cashmere Masque,G,true,797,https://ecom-su-static-prod.wtrecom.com/images/products/3/LN_863319_BP_3.jpg,https://www.waitrose.com/ecom/products/richard-ward-cashmere-masque/863319-757531-757532,Richard Ward Cashmere Masque,150ml,£4.00,£2.67/100ml,Half Price. Was £8.00,"Toiletries, Health & Beauty"
863067,King of Shaves Super Cooling Gel,G,false,798,https://ecom-su-static-prod.wtrecom.com/images/products/3/LN_863067_BP_3.jpg,https://www.waitrose.com/ecom/products/king-of-shaves-super-cooling-gel/863067-448843-448844,King of Shaves Super Cooling Gel,175ml,£5.25,£3/100ml,,"Toiletries, Health & Beauty"
862758,Kent Headhog Hairbrush,G,false,799,https://ecom-su-static-prod.wtrecom.com/images/products/3/LN_862758_BP_3.jpg,https://www.waitrose.com/ecom/products/kent-headhog-hairbrush/862758-769904-769905,Kent Headhog Hairbrush,Each,£9.50,£9.50 each,,"Toiletries, Health & Beauty"
862706,Vizulize Dry Eye Mist,G,false,800,https://ecom-su-static-prod.wtrecom.com/images/products/3/LN_862706_BP_3.jpg,https://www.waitrose.com/ecom/products/vizulize-dry-eye-mist/862706-765694-765695,Vizulize Dry Eye Mist,10ml,£6.45,£64.50/100ml,,"Toiletries, Health & Beauty"
862545,Nivea Sun UV Face Q10 Anti-Age SPF 50,G,false,801,https://ecom-su-static-prod.wtrecom.com/images/products/3/LN_862545_BP_3.jpg,https://www.waitrose.com/ecom/products/nivea-sun-uv-face-q10-anti-age-spf-50/862545-823951-823952,Nivea Sun UV Face Q10 Anti-Age SPF 50,50ml,£13.45,£26.90/100ml,,"Toiletries, Health & Beauty"
862243,Sudocrem Care & Protect,G,false,802,https://ecom-su-static-prod.wtrecom.com/images/products/3/LN_862243_BP_3.jpg,https://www.waitrose.com/ecom/products/sudocrem-care-protect/862243-330022-330023,Sudocrem Care & Protect,30g,£4.20,£14/100g,,"Toiletries, Health & Beauty"
862091,Head & Shoulders ProExpert 7 Persistent Dandruff Shampoo,G,false,803,https://ecom-su-static-prod.wtrecom.com/images/products/3/LN_862091_BP_3.jpg,https://www.waitrose.com/ecom/products/head-shoulders-proexpert-7-persistent-dandruff-shampoo/862091-820684-820685,Head & Shoulders ProExpert 7 Persistent Dandruff Shampoo,300ml,£6.30,£2.10/100ml,,"Toiletries, Health & Beauty"
861760,Nivea Men Creme,G,false,804,https://ecom-su-static-prod.wtrecom.com/images/products/3/LN_861760_BP_3.jpg,https://www.waitrose.com/ecom/products/nivea-men-creme/861760-588887-588888,Nivea Men Creme,150ml,£6.00,£4/100ml,,"Toiletries, Health & Beauty"
861451,Feroglobin Capsules Gentle Iron,G,false,805,https://ecom-su-static-prod.wtrecom.com/images/products/3/LN_861451_BP_3.jpg,https://www.waitrose.com/ecom/products/feroglobin-capsules-gentle-iron/861451-161986-161987,Feroglobin Capsules Gentle Iron,30s,£5.50,18.3p each,,"Toiletries, Health & Beauty"
861441,John Frieda Silver Conditioner,G,false,806,https://ecom-su-static-prod.wtrecom.com/images/products/3/LN_861441_BP_3.jpg,https://www.waitrose.com/ecom/products/john-frieda-silver-conditioner/861441-735968-735969,John Frieda Silver Conditioner,250ml,£7.00,£2.80/100ml,,"Toiletries, Health & Beauty"
861326,OGX Hydrate & Revive+ Argan Oil Conditioner,G,true,807,https://ecom-su-static-prod.wtrecom.com/images/products/3/LN_861326_BP_3.jpg,https://www.waitrose.com/ecom/products/ogx-hydrate-revive-argan-oil-conditioner/861326-473870-473871,OGX Hydrate & Revive+ Argan Oil Conditioner,385ml,£4.72,£12.26/litre,Half Price. Was £9.45,"Toiletries, Health & Beauty"
861181,Richard Ward Vegan Conditioner,G,true,808,https://ecom-su-static-prod.wtrecom.com/images/products/3/LN_861181_BP_3.jpg,https://www.waitrose.com/ecom/products/richard-ward-vegan-conditioner/861181-757529-757530,Richard Ward Vegan Conditioner,300ml,£4.00,£1.34/100ml,Half Price. Was £8.00,"Toiletries, Health & Beauty"
860987,Durex Pleasure Me Ribbed and Dotted Condoms,G,false,809,https://ecom-su-static-prod.wtrecom.com/images/products/3/LN_860987_BP_3.jpg,https://www.waitrose.com/ecom/products/durex-pleasure-me-ribbed-and-dotted-condoms/860987-339699-339700,Durex Pleasure Me Ribbed and Dotted Condoms,12s,£11.55,96.3p each,,"Toiletries, Health & Beauty"
860652,SenSpa Relaxing Body Cream,G,false,810,https://ecom-su-static-prod.wtrecom.com/images/products/3/LN_860652_BP_3.jpg,https://www.waitrose.com/ecom/products/senspa-relaxing-body-cream/860652-767285-767286,SenSpa Relaxing Body Cream,200ml,£7.25,£3.63/100ml,,"Toiletries, Health & Beauty"
860507,Simple Water Boost Micellar Cleansing Water,G,true,811,https://ecom-su-static-prod.wtrecom.com/images/products/3/LN_860507_BP_3.jpg,https://www.waitrose.com/ecom/products/simple-water-boost-micellar-cleansing-water/860507-667344-667345,Simple Water Boost Micellar Cleansing Water,400ml,£4.66,£1.17/100ml,Save 1/3. Was £7.00,"Toiletries, Health & Beauty"
860417,Waitrose Pure Cleansing Milk,G,false,812,https://ecom-su-static-prod.wtrecom.com/images/products/3/LN_860417_BP_3.jpg,https://www.waitrose.com/ecom/products/waitrose-pure-cleansing-milk/860417-772788-772789,Waitrose Pure Cleansing Milk,250ml,£2.50,£1/100ml,,"Toiletries, Health & Beauty"
859558,The Solution Collagen Perfecting Body Cream,G,true,813,https://ecom-su-static-prod.wtrecom.com/images/products/3/LN_859558_BP_3.jpg,https://www.waitrose.com/ecom/products/the-solution-collagen-perfecting-body-cream/859558-813824-813825,The Solution Collagen Perfecting Body Cream,200ml,£10.00,£50/litre,Add 2 get 2nd half price,"Toiletries, Health & Beauty"
858913,15D 2PP Sleek Body Shaper Black L,G,false,814,https://ecom-su-static-prod.wtrecom.com/images/products/3/LN_858913_BP_3.jpg,https://www.waitrose.com/ecom/products/15d-2pp-sleek-body-shaper-black-l/858913-820000-820001,15D 2PP Sleek Body Shaper Black L,2s,£15.00,£7.50 each,,"Toiletries, Health & Beauty"
858434,Waitrose Pure Body Lotion,G,false,815,https://ecom-su-static-prod.wtrecom.com/images/products/3/LN_858434_BP_3.jpg,https://www.waitrose.com/ecom/products/waitrose-pure-body-lotion/858434-772784-772785,Waitrose Pure Body Lotion,250ml,£3.50,£1.40/100ml,,"Toiletries, Health & Beauty"
858201,Hask Argan Oil Repair Conditioner,G,true,816,https://ecom-su-static-prod.wtrecom.com/images/products/3/LN_858201_BP_3.jpg,https://www.waitrose.com/ecom/products/hask-argan-oil-repair-conditioner/858201-631667-631668,Hask Argan Oil Repair Conditioner,355ml,£4.93,£1.39/100ml,Save 1/3. Was £7.40,"Toiletries, Health & Beauty"
858188,Neal's Yard Bee Lovely Hand Cream,G,false,817,https://ecom-su-static-prod.wtrecom.com/images/products/3/LN_858188_BP_3.jpg,https://www.waitrose.com/ecom/products/neals-yard-bee-lovely-hand-cream/858188-299805-299806,Neal's Yard Bee Lovely Hand Cream,50ml,£13.00,£26/100ml,,"Toiletries, Health & Beauty"
857514,Neal's Yard Geranium & Orange Gift Collection,G,false,818,https://ecom-su-static-prod.wtrecom.com/images/products/3/LN_857514_BP_3.jpg,https://www.waitrose.com/ecom/products/neals-yard-geranium-orange-gift-collection/857514-667332-667333,Neal's Yard Geranium & Orange Gift Collection,512.6g,£35.00,,,"Toiletries, Health & Beauty"
857486,Germoloids Cream,G,false,819,https://ecom-su-static-prod.wtrecom.com/images/products/3/LN_857486_BP_3.jpg,https://www.waitrose.com/ecom/products/germoloids-cream/857486-339663-339664,Germoloids Cream,55g,£6.45,£11.73/100g,,"Toiletries, Health & Beauty"
857390,Method Rhubarb Antibac Hand Refill,G,true,820,https://ecom-su-static-prod.wtrecom.com/images/products/3/LN_857390_BP_3.jpg,https://www.waitrose.com/ecom/products/method-rhubarb-antibac-hand-refill/857390-812824-812825,Method Rhubarb Antibac Hand Refill,1litre,£8.00,£8/litre,save £1.00. Was £9.00,"Toiletries, Health & Beauty"
857382,Neal's Yard Bee Lovely Collection,G,false,821,https://ecom-su-static-prod.wtrecom.com/images/products/3/LN_857382_BP_3.jpg,https://www.waitrose.com/ecom/products/neals-yard-bee-lovely-collection/857382-758778-758779,Neal's Yard Bee Lovely Collection,1s,£30.00,£30 each,,"Toiletries, Health & Beauty"
856582,Aussie 3 Minute Miracle Moisture,G,true,822,https://ecom-su-static-prod.wtrecom.com/images/products/3/LN_856582_BP_3.jpg,https://www.waitrose.com/ecom/products/aussie-3-minute-miracle-moisture/856582-780899-780900,Aussie 3 Minute Miracle Moisture,225ml,£3.33,£1.48/100ml,Save 1/3. Was £5.00,"Toiletries, Health & Beauty"
856571,Skin Deep Medium Plasters,G,false,823,https://ecom-su-static-prod.wtrecom.com/images/products/3/LN_856571_BP_3.jpg,https://www.waitrose.com/ecom/products/skin-deep-medium-plasters/856571-741496-741497,Skin Deep Medium Plasters,40s,£1.60,4p each,,"Toiletries, Health & Beauty"
856432,Vitabiotics Ultra Vitamin C,G,false,824,https://ecom-su-static-prod.wtrecom.com/images/products/3/LN_856432_BP_3.jpg,https://www.waitrose.com/ecom/products/vitabiotics-ultra-vitamin-c/856432-174779-174780,Vitabiotics Ultra Vitamin C,60s,£6.30,10.5p each,,"Toiletries, Health & Beauty"
856128,Sanex Men Active Control Aerosol,G,false,825,https://ecom-su-static-prod.wtrecom.com/images/products/3/LN_856128_BP_3.jpg,https://www.waitrose.com/ecom/products/sanex-men-active-control-aerosol/856128-772782-772783,Sanex Men Active Control Aerosol,200ml,£3.20,£1.60/100ml,,"Toiletries, Health & Beauty"
855541,Eco Warrior Mens Edit Shampoo Bar,G,false,826,https://ecom-su-static-prod.wtrecom.com/images/products/3/LN_855541_BP_3.jpg,https://www.waitrose.com/ecom/products/eco-warrior-mens-edit-shampoo-bar/855541-825592-825593,Eco Warrior Mens Edit Shampoo Bar,100g,£5.50,£5.50/100g,,"Toiletries, Health & Beauty"
855414,Nicotine Replace 4mg Gum,G,false,827,https://ecom-su-static-prod.wtrecom.com/images/products/3/LN_855414_BP_3.jpg,https://www.waitrose.com/ecom/products/nicotine-replace-4mg-gum/855414-802650-802651,Nicotine Replace 4mg Gum,Each,£9.00,£9 each,,"Toiletries, Health & Beauty"
855269,Argan+ Ultra-Rich Body Butter,G,true,828,https://ecom-su-static-prod.wtrecom.com/images/products/3/LN_855269_BP_3.jpg,https://www.waitrose.com/ecom/products/argan-ultra-rich-body-butter/855269-282057-282058,Argan+ Ultra-Rich Body Butter,300ml,£9.50,£3.17/100ml,Add 2 get 2nd half price Cheaper Item Half Price,"Toiletries, Health & Beauty"
855140,OGX Coconut Milk Shampoo,G,true,829,https://ecom-su-static-prod.wtrecom.com/images/products/3/LN_855140_BP_3.jpg,https://www.waitrose.com/ecom/products/ogx-coconut-milk-shampoo/855140-216863-216864,OGX Coconut Milk Shampoo,385ml,£4.20,£1.10/100ml,Half Price. Was £8.40,"Toiletries, Health & Beauty"
855083,Richard Ward Densi- Growth Conditioner,G,true,830,https://ecom-su-static-prod.wtrecom.com/images/products/3/LN_855083_BP_3.jpg,https://www.waitrose.com/ecom/products/richard-ward-densi-growth-conditioner/855083-757525-757526,Richard Ward Densi- Growth Conditioner,300ml,£4.00,£1.34/100ml,Half Price. Was £8.00,"Toiletries, Health & Beauty"
855055,Tisserand Little Box of Sleep,G,true,831,https://ecom-su-static-prod.wtrecom.com/images/products/3/LN_855055_BP_3.jpg,https://www.waitrose.com/ecom/products/tisserand-little-box-of-sleep/855055-744729-744730,Tisserand Little Box of Sleep,3x10ml,£10.23,£34.10/100ml,25% Off. Was £13.65,"Toiletries, Health & Beauty"
855024,Olay Vitamin C Brightening Serum,G,false,832,https://ecom-su-static-prod.wtrecom.com/images/products/3/LN_855024_BP_3.jpg,https://www.waitrose.com/ecom/products/olay-vitamin-c-brightening-serum/855024-788790-788791,Olay Vitamin C Brightening Serum,40ml,£39.90,£99.75/100ml,,"Toiletries, Health & Beauty"
854977,OGX Biotin & Collagen Conditioner,G,true,833,https://ecom-su-static-prod.wtrecom.com/images/products/3/LN_854977_BP_3.jpg,https://www.waitrose.com/ecom/products/ogx-biotin-collagen-conditioner/854977-473814-473815,OGX Biotin & Collagen Conditioner,385ml,£4.20,£1.10/100ml,Half Price. Was £8.40,"Toiletries, Health & Beauty"
854357,Goodness Rose & Geranium Bath Soak,G,false,834,https://ecom-su-static-prod.wtrecom.com/images/products/3/LN_854357_BP_3.jpg,https://www.waitrose.com/ecom/products/goodness-rose-geranium-bath-soak/854357-724160-724161,Goodness Rose & Geranium Bath Soak,500ml,£4.20,84p/100ml,,"Toiletries, Health & Beauty"
854303,OGX Coconut Milk Conditioner,G,true,835,https://ecom-su-static-prod.wtrecom.com/images/products/3/LN_854303_BP_3.jpg,https://www.waitrose.com/ecom/products/ogx-coconut-milk-conditioner/854303-216861-216862,OGX Coconut Milk Conditioner,385ml,£4.20,£1.10/100ml,Half Price. Was £8.40,"Toiletries, Health & Beauty"
854140,L'Oréal Elvive Bond Repair Conditioner,G,false,836,https://ecom-su-static-prod.wtrecom.com/images/products/3/LN_854140_BP_3.jpg,https://www.waitrose.com/ecom/products/loreal-elvive-bond-repair-conditioner/854140-800796-800797,L'Oréal Elvive Bond Repair Conditioner,150ml,£13.65,£9.10/100ml,,"Toiletries, Health & Beauty"
853339,Compeed Blisters Plasters Medium,G,false,837,https://ecom-su-static-prod.wtrecom.com/images/products/3/LN_853339_BP_3.jpg,https://www.waitrose.com/ecom/products/compeed-blisters-plasters-medium/853339-788784-788785,Compeed Blisters Plasters Medium,6s,£5.25,87.5p each,,"Toiletries, Health & Beauty"
853062,Aveeno Baby Moisturising Lotion,G,false,838,https://ecom-su-static-prod.wtrecom.com/images/products/3/LN_853062_BP_3.jpg,https://www.waitrose.com/ecom/products/aveeno-baby-moisturising-lotion/853062-564287-564288,Aveeno Baby Moisturising Lotion,150ml,£6.85,£4.57/100ml,,"Toiletries, Health & Beauty"
853014,Aquafresh Mouthwash Kids Big Teeth 6-8,G,true,839,https://ecom-su-static-prod.wtrecom.com/images/products/3/LN_853014_BP_3.jpg,https://www.waitrose.com/ecom/products/aquafresh-mouthwash-kids-big-teeth-6-8/853014-746483-746484,Aquafresh Mouthwash Kids Big Teeth 6-8,300ml,£2.30,76.7p/100ml,Add 2 for £3.30,"Toiletries, Health & Beauty"
852785,Nurofen Day & Night Cold & Flu Relief Tablets,G,false,840,https://ecom-su-static-prod.wtrecom.com/images/products/3/LN_852785_BP_3.jpg,https://www.waitrose.com/ecom/products/nurofen-day-night-cold-flu-relief-tablets/852785-298687-298688,Nurofen Day & Night Cold & Flu Relief Tablets,16s,£5.40,33.8p each,,"Toiletries, Health & Beauty"
852292,Nivea Men Sensitive Cream-Gel,G,false,841,https://ecom-su-static-prod.wtrecom.com/images/products/3/LN_852292_BP_3.jpg,https://www.waitrose.com/ecom/products/nivea-men-sensitive-cream-gel/852292-729814-729815,Nivea Men Sensitive Cream-Gel,50ml,£8.75,£17.50/100ml,,"Toiletries, Health & Beauty"
851598,Weleda Calendula Face Cream,G,false,842,https://ecom-su-static-prod.wtrecom.com/images/products/3/LN_851598_BP_3.jpg,https://www.waitrose.com/ecom/products/weleda-calendula-face-cream/851598-292732-292733,Weleda Calendula Face Cream,50ml,£10.50,£21/100ml,,"Toiletries, Health & Beauty"
851425,Sure Cotton Dry 72h Deodorant,G,false,843,https://ecom-su-static-prod.wtrecom.com/images/products/3/LN_851425_BP_3.jpg,https://www.waitrose.com/ecom/products/sure-cotton-dry-72h-deodorant/851425-780891-780892,Sure Cotton Dry 72h Deodorant,150ml,£2.65,£1.77/100ml,,"Toiletries, Health & Beauty"
851420,Magic Retouch Dark Blonde,G,false,844,https://ecom-su-static-prod.wtrecom.com/images/products/3/LN_851420_BP_3.jpg,https://www.waitrose.com/ecom/products/magic-retouch-dark-blonde/851420-473784-473785,Magic Retouch Dark Blonde,75ml,£10.50,£14/100ml,,"Toiletries, Health & Beauty"
851105,Aveeno Skin Relief Body Wash,G,false,845,https://ecom-su-static-prod.wtrecom.com/images/products/3/LN_851105_BP_3.jpg,https://www.waitrose.com/ecom/products/aveeno-skin-relief-body-wash/851105-741490-741491,Aveeno Skin Relief Body Wash,500ml,£11.00,£2.20/100ml,,"Toiletries, Health & Beauty"
850727,Voltarol Joint & Back Pain Relief Gel,G,false,846,https://ecom-su-static-prod.wtrecom.com/images/products/3/LN_850727_BP_3.jpg,https://www.waitrose.com/ecom/products/voltarol-joint-back-pain-relief-gel/850727-692084-692085,Voltarol Joint & Back Pain Relief Gel,50g,£11.55,£23.10/100g,,"Toiletries, Health & Beauty"
850138,Bassetts Vitamins Woman Multivitamins & Multiminerals,G,false,847,https://ecom-su-static-prod.wtrecom.com/images/products/3/LN_850138_BP_3.jpg,https://www.waitrose.com/ecom/products/bassetts-vitamins-woman-multivitamins-multiminerals/850138-788782-788783,Bassetts Vitamins Woman Multivitamins & Multiminerals,30s,£13.65,45.5p each,,"Toiletries, Health & Beauty"
849732,Fish Flexible Gel,G,false,848,https://ecom-su-static-prod.wtrecom.com/images/products/3/LN_849732_BP_3.jpg,https://www.waitrose.com/ecom/products/fish-flexible-gel/849732-588873-588874,Fish Flexible Gel,150ml,£6.00,£4/100ml,,"Toiletries, Health & Beauty"
848637,John Frieda Silver Shampoo,G,false,849,https://ecom-su-static-prod.wtrecom.com/images/products/3/LN_848637_BP_3.jpg,https://www.waitrose.com/ecom/products/john-frieda-silver-shampoo/848637-735964-735965,John Frieda Silver Shampoo,250ml,£7.00,£2.80/100ml,,"Toiletries, Health & Beauty"
847938,Bee Lovely Nourishing Trio,G,false,850,https://ecom-su-static-prod.wtrecom.com/images/products/3/LN_847938_BP_3.jpg,https://www.waitrose.com/ecom/products/bee-lovely-nourishing-trio/847938-806348-806349,Bee Lovely Nourishing Trio,0.15Kg,£17.50,£11.67/100g,,"Toiletries, Health & Beauty"
847738,Doublebase Flare Relief Emollient,G,false,851,https://ecom-su-static-prod.wtrecom.com/images/products/3/LN_847738_BP_3.jpg,https://www.waitrose.com/ecom/products/doublebase-flare-relief-emollient/847738-802644-802645,Doublebase Flare Relief Emollient,100g,£8.95,£8.95/100g,,"Toiletries, Health & Beauty"
847083,Ultra Chloraseptic Throat Spray,G,false,852,https://ecom-su-static-prod.wtrecom.com/images/products/3/LN_847083_BP_3.jpg,https://www.waitrose.com/ecom/products/ultra-chloraseptic-throat-spray/847083-229543-229544,Ultra Chloraseptic Throat Spray,15ml,£6.45,£43/100ml,,"Toiletries, Health & Beauty"
846849,Pantene Colour Protect Conditioner,G,false,853,https://ecom-su-static-prod.wtrecom.com/images/products/3/LN_846849_BP_3.jpg,https://www.waitrose.com/ecom/products/pantene-colour-protect-conditioner/846849-780885-780886,Pantene Colour Protect Conditioner,350ml,£4.75,£1.36/100ml,,"Toiletries, Health & Beauty"
846736,Anusol 4 Way Action Suppositories,G,false,854,https://ecom-su-static-prod.wtrecom.com/images/products/3/LN_846736_BP_3.jpg,https://www.waitrose.com/ecom/products/anusol-4-way-action-suppositories/846736-339585-339586,Anusol 4 Way Action Suppositories,Each,£7.90,£7.90 each,,"Toiletries, Health & Beauty"
846549,Neal's Yard Rosemary & Cedarwood Hair Treatment,G,false,855,https://ecom-su-static-prod.wtrecom.com/images/products/3/LN_846549_BP_3.jpg,https://www.waitrose.com/ecom/products/neals-yard-rosemary-cedarwood-hair-treatment/846549-695847-695848,Neal's Yard Rosemary & Cedarwood Hair Treatment,50ml,£11.50,£23/100ml,,"Toiletries, Health & Beauty"
846418,Simple Booster Serum 3% Hyaluronic Acid & B5 30ml,G,true,856,https://ecom-su-static-prod.wtrecom.com/images/products/3/LN_846418_BP_3.jpg,https://www.waitrose.com/ecom/products/simple-booster-serum-3-hyaluronic-acid-b5-30ml/846418-788778-788779,Simple Booster Serum 3% Hyaluronic Acid & B5 30ml,30ml,£5.60,£18.67/100ml,Save 1/3. Was £8.40,"Toiletries, Health & Beauty"
846329,Mitchum Invisible Clear Fresh Roll-On,G,false,857,https://ecom-su-static-prod.wtrecom.com/images/products/3/LN_846329_BP_3.jpg,https://www.waitrose.com/ecom/products/mitchum-invisible-clear-fresh-roll-on/846329-735958-735959,Mitchum Invisible Clear Fresh Roll-On,100ml,£3.50,£3.50/100ml,,"Toiletries, Health & Beauty"
846078,Wellman 70+ Tablets,G,false,858,https://ecom-su-static-prod.wtrecom.com/images/products/3/LN_846078_BP_3.jpg,https://www.waitrose.com/ecom/products/wellman-70-tablets/846078-385401-385402,Wellman 70+ Tablets,30s,£10.00,33.3p each,,"Toiletries, Health & Beauty"
845768,TRESemmé Replenish & Cleanse Conditioner,G,true,859,https://ecom-su-static-prod.wtrecom.com/images/products/3/LN_845768_BP_3.jpg,https://www.waitrose.com/ecom/products/tresemme-replenish-cleanse-conditioner/845768-800762-800763,TRESemmé Replenish & Cleanse Conditioner,680ml,£3.00,44.1p/100ml,Save 1/3. Was £4.50,"Toiletries, Health & Beauty"
845178,Scholl Advance Athlete's Foot Cream,G,true,860,https://ecom-su-static-prod.wtrecom.com/images/products/3/LN_845178_BP_3.jpg,https://www.waitrose.com/ecom/products/scholl-advance-athletes-foot-cream/845178-724135-724136,Scholl Advance Athlete's Foot Cream,15g,£4.95,£33/100g,25% Off. Was £6.60,"Toiletries, Health & Beauty"
845124,John Lewis Trainer Socks Multi 5 Pair,G,false,861,https://ecom-su-static-prod.wtrecom.com/images/products/3/LN_845124_BP_3.jpg,https://www.waitrose.com/ecom/products/john-lewis-trainer-socks-multi-5-pair/845124-757047-757048,John Lewis Trainer Socks Multi 5 Pair,5s,£7.00,£1.40 each,,"Toiletries, Health & Beauty"
845040,10D 3PP Knee Highs One Size Caramel,G,false,862,https://ecom-su-static-prod.wtrecom.com/images/products/3/LN_845040_BP_3.jpg,https://www.waitrose.com/ecom/products/10d-3pp-knee-highs-one-size-caramel/845040-816390-816391,10D 3PP Knee Highs One Size Caramel,3s,£5.00,£1.67 each,,"Toiletries, Health & Beauty"
844610,Calpol Vapour Plug & Nightlight,G,false,863,https://ecom-su-static-prod.wtrecom.com/images/products/3/LN_844610_BP_3.jpg,https://www.waitrose.com/ecom/products/calpol-vapour-plug-nightlight/844610-626441-626442,Calpol Vapour Plug & Nightlight,Each,£8.50,£8.50 each,,"Toiletries, Health & Beauty"
844470,Aveeno Oat Milk Blend Conditioner,G,false,864,https://ecom-su-static-prod.wtrecom.com/images/products/3/LN_844470_BP_3.jpg,https://www.waitrose.com/ecom/products/aveeno-oat-milk-blend-conditioner/844470-800756-800757,Aveeno Oat Milk Blend Conditioner,300ml,£8.40,£2.80/100ml,,"Toiletries, Health & Beauty"
844019,John Frieda Violet Intense Shampoo,G,false,865,https://ecom-su-static-prod.wtrecom.com/images/products/3/LN_844019_BP_3.jpg,https://www.waitrose.com/ecom/products/john-frieda-violet-intense-shampoo/844019-735954-735955,John Frieda Violet Intense Shampoo,250ml,£8.00,£32/litre,,"Toiletries, Health & Beauty"
843813,Sure Men Sport Cool 72hr Anti-Perspirant Deodorant,G,true,866,https://ecom-su-static-prod.wtrecom.com/images/products/3/LN_843813_BP_3.jpg,https://www.waitrose.com/ecom/products/sure-men-sport-cool-72hr-anti-perspirant-deodorant/843813-773824-773825,Sure Men Sport Cool 72hr Anti-Perspirant Deodorant,250ml,£2.85,£1.14/100ml,25% Off. Was £3.80,"Toiletries, Health & Beauty"
843345,Stylpro Organic Bamboo Face Cloths,G,true,867,https://ecom-su-static-prod.wtrecom.com/images/products/3/LN_843345_BP_3.jpg,https://www.waitrose.com/ecom/products/stylpro-organic-bamboo-face-cloths/843345-824930-824931,Stylpro Organic Bamboo Face Cloths,3x33g,£6.40,,save £1.60. Was £8.00,"Toiletries, Health & Beauty"
843174,Seven Seas Omega-3 & Immunity Capsules,G,false,868,https://ecom-su-static-prod.wtrecom.com/images/products/3/LN_843174_BP_3.jpg,https://www.waitrose.com/ecom/products/seven-seas-omega-3-immunity-capsules/843174-741469-741469,Seven Seas Omega-3 & Immunity Capsules,30s,£18.90,63p each,,"Toiletries, Health & Beauty"
842910,Type IIR Face Masks,G,false,869,https://ecom-su-static-prod.wtrecom.com/images/products/3/LN_842910_BP_3.jpg,https://www.waitrose.com/ecom/products/type-iir-face-masks/842910-744063-744064,Type IIR Face Masks,10s,£5.00,50p each,,"Toiletries, Health & Beauty"
842173,Sure Clean Scent 96h Deodorant,G,false,870,https://ecom-su-static-prod.wtrecom.com/images/products/3/LN_842173_BP_3.jpg,https://www.waitrose.com/ecom/products/sure-clean-scent-96h-deodorant/842173-780871-780872,Sure Clean Scent 96h Deodorant,150ml,£5.25,£3.50/100ml,,"Toiletries, Health & Beauty"
841742,Vizulize Dry Eyes Drops,G,false,871,https://ecom-su-static-prod.wtrecom.com/images/products/3/LN_841742_BP_3.jpg,https://www.waitrose.com/ecom/products/vizulize-dry-eyes-drops/841742-765478-765479,Vizulize Dry Eyes Drops,10ml,£3.90,£39/100ml,,"Toiletries, Health & Beauty"
841195,OGX Argan Oil Lightweight Shampoo,G,true,872,https://ecom-su-static-prod.wtrecom.com/images/products/3/LN_841195_BP_3.jpg,https://www.waitrose.com/ecom/products/ogx-argan-oil-lightweight-shampoo/841195-800742-800743,OGX Argan Oil Lightweight Shampoo,385ml,£4.20,£1.10/100ml,Half Price. Was £8.40,"Toiletries, Health & Beauty"
841161,GoodnessMen's Shower Gel Tonka Bean,G,false,873,https://ecom-su-static-prod.wtrecom.com/images/products/3/LN_841161_BP_3.jpg,https://www.waitrose.com/ecom/products/goodnessmens-shower-gel-tonka-bean/841161-804610-804611,GoodnessMen's Shower Gel Tonka Bean,500ml,£4.00,80p/100ml,,"Toiletries, Health & Beauty"
841056,Argan+ Moroccan Rose Calm Bath Soak,G,true,874,https://ecom-su-static-prod.wtrecom.com/images/products/3/LN_841056_BP_3.jpg,https://www.waitrose.com/ecom/products/argan-moroccan-rose-calm-bath-soak/841056-352888-352889,Argan+ Moroccan Rose Calm Bath Soak,400ml,£6.50,£1.63/100ml,Add 2 get 2nd half price Cheaper Item Half Price,"Toiletries, Health & Beauty"
840121,Head & Shoulders Deep Cleanse Oil Control Shampoo,G,false,875,https://ecom-su-static-prod.wtrecom.com/images/products/3/LN_840121_BP_3.jpg,https://www.waitrose.com/ecom/products/head-shoulders-deep-cleanse-oil-control-shampoo/840121-820672-820673,Head & Shoulders Deep Cleanse Oil Control Shampoo,300ml,£6.30,£2.10/100ml,,"Toiletries, Health & Beauty"
839717,Elvive Colour Protect Deep Conditioning Mask,G,false,876,https://ecom-su-static-prod.wtrecom.com/images/products/3/LN_839717_BP_3.jpg,https://www.waitrose.com/ecom/products/elvive-colour-protect-deep-conditioning-mask/839717-809286-809287,Elvive Colour Protect Deep Conditioning Mask,300ml,£7.00,£2.34/100ml,,"Toiletries, Health & Beauty"
839111,Restoring Bath Scents Collection,G,false,877,https://ecom-su-static-prod.wtrecom.com/images/products/3/LN_839111_BP_3.jpg,https://www.waitrose.com/ecom/products/restoring-bath-scents-collection/839111-806342-806343,Restoring Bath Scents Collection,300ml,£26.00,£8.67/100ml,,"Toiletries, Health & Beauty"
838855,Nicotine Replace 2mg Gum,G,false,878,https://ecom-su-static-prod.wtrecom.com/images/products/3/LN_838855_BP_3.jpg,https://www.waitrose.com/ecom/products/nicotine-replace-2mg-gum/838855-802640-802641,Nicotine Replace 2mg Gum,Each,£9.00,£9 each,,"Toiletries, Health & Beauty"
838357,Riemann P20 Original SPF20 Spray,G,false,879,https://ecom-su-static-prod.wtrecom.com/images/products/3/LN_838357_BP_3.jpg,https://www.waitrose.com/ecom/products/riemann-p20-original-spf20-spray/838357-819540-819541,Riemann P20 Original SPF20 Spray,200ml,£31.50,£15.75/100ml,,"Toiletries, Health & Beauty"
838193,Vaseline Lip Therapy Vanilla Daydream,G,false,880,https://ecom-su-static-prod.wtrecom.com/images/products/3/LN_838193_BP_3.jpg,https://www.waitrose.com/ecom/products/vaseline-lip-therapy-vanilla-daydream/838193-800734-800735,Vaseline Lip Therapy Vanilla Daydream,20g,£3.15,£157.50/kg,,"Toiletries, Health & Beauty"
838177,Aussie SOS Moisture Hair Mask,G,true,881,https://ecom-su-static-prod.wtrecom.com/images/products/3/LN_838177_BP_3.jpg,https://www.waitrose.com/ecom/products/aussie-sos-moisture-hair-mask/838177-762182-762183,Aussie SOS Moisture Hair Mask,450ml,£8.00,£1.78/100ml,Save 1/3. Was £12.00,"Toiletries, Health & Beauty"
837906,L'Oreal Men Expert Anti-Fatigue 24H Moisturiser,G,false,882,https://ecom-su-static-prod.wtrecom.com/images/products/3/LN_837906_BP_3.jpg,https://www.waitrose.com/ecom/products/loreal-men-expert-anti-fatigue-24h-moisturiser/837906-505045-505046,L'Oreal Men Expert Anti-Fatigue 24H Moisturiser,50ml,£11.00,£22/100ml,,"Toiletries, Health & Beauty"
837694,Sensodyne Clinical White Stain Protector Toothpaste,G,false,883,https://ecom-su-static-prod.wtrecom.com/images/products/3/LN_837694_BP_3.jpg,https://www.waitrose.com/ecom/products/sensodyne-clinical-white-stain-protector-toothpaste/837694-822271-822272,Sensodyne Clinical White Stain Protector Toothpaste,75ml,£10.00,£13.34/100ml,,"Toiletries, Health & Beauty"
837678,Sure Men Deodorant Roll-On Quantum Dry,G,false,884,https://ecom-su-static-prod.wtrecom.com/images/products/3/LN_837678_BP_3.jpg,https://www.waitrose.com/ecom/products/sure-men-deodorant-roll-on-quantum-dry/837678-804608-804609,Sure Men Deodorant Roll-On Quantum Dry,50ml,£2.10,£4.20/100ml,,"Toiletries, Health & Beauty"
837495,Percy & Reed Wonder Balm Hair Primer,G,true,885,https://ecom-su-static-prod.wtrecom.com/images/products/3/LN_837495_BP_3.jpg,https://www.waitrose.com/ecom/products/percy-reed-wonder-balm-hair-primer/837495-747606-747607,Percy & Reed Wonder Balm Hair Primer,75ml,£14.66,£19.55/100ml,Save 1/3. Was £22.00,"Toiletries, Health & Beauty"
836269,Unice 15cm Play Ball,G,false,886,https://ecom-su-static-prod.wtrecom.com/images/products/3/LN_836269_BP_3.jpg,https://www.waitrose.com/ecom/products/unice-15cm-play-ball/836269-484079-484080,Unice 15cm Play Ball,each,£3.00,£3 each,,"Toiletries, Health & Beauty"
835370,Umberto Giannini Scalp Serum Hydration Drops,G,false,887,https://ecom-su-static-prod.wtrecom.com/images/products/3/LN_835370_BP_3.jpg,https://www.waitrose.com/ecom/products/umberto-giannini-scalp-serum-hydration-drops/835370-820668-820669,Umberto Giannini Scalp Serum Hydration Drops,50ml,£9.95,£19.90/100ml,,"Toiletries, Health & Beauty"
835349,60D Velvet Touch Tights Navy M,G,false,888,https://ecom-su-static-prod.wtrecom.com/images/products/3/LN_835349_BP_3.jpg,https://www.waitrose.com/ecom/products/60d-velvet-touch-tights-navy-m/835349-791392-791393,60D Velvet Touch Tights Navy M,each,£9.00,£9 each,,"Toiletries, Health & Beauty"
835317,Oral-B Precision Clean Electric Toothbrush Heads 8ct,G,true,889,https://ecom-su-static-prod.wtrecom.com/images/products/3/LN_835317_BP_3.jpg,https://www.waitrose.com/ecom/products/oral-b-precision-clean-electric-toothbrush-heads-8ct/835317-804606-804607,Oral-B Precision Clean Electric Toothbrush Heads 8ct,8s,£20.65,£2.59 each,Save 1/3. Was £31.00,"Toiletries, Health & Beauty"
835199,Olay Total Effects 7 Moisturiser + Serum,G,false,890,https://ecom-su-static-prod.wtrecom.com/images/products/3/LN_835199_BP_3.jpg,https://www.waitrose.com/ecom/products/olay-total-effects-7-moisturiser-serum/835199-271488-271489,Olay Total Effects 7 Moisturiser + Serum,40ml,£19.00,£47.50/100ml,,"Toiletries, Health & Beauty"
834876,Umberto Giannini Curl Jelly,G,false,891,https://ecom-su-static-prod.wtrecom.com/images/products/3/LN_834876_BP_3.jpg,https://www.waitrose.com/ecom/products/umberto-giannini-curl-jelly/834876-695839-695840,Umberto Giannini Curl Jelly,200ml,£9.40,£4.70/100ml,,"Toiletries, Health & Beauty"
834729,Sensodyne Toothbrush Repair & Protect,G,false,892,https://ecom-su-static-prod.wtrecom.com/images/products/3/LN_834729_BP_3.jpg,https://www.waitrose.com/ecom/products/sensodyne-toothbrush-repair-protect/834729-759523-759524,Sensodyne Toothbrush Repair & Protect,Each,£3.50,£3.50 each,,"Toiletries, Health & Beauty"
834507,Piz Buin Moistursing SunCream lotion SPF 50+,G,true,893,https://ecom-su-static-prod.wtrecom.com/images/products/3/LN_834507_BP_3.jpg,https://www.waitrose.com/ecom/products/piz-buin-moistursing-suncream-lotion-spf-50/834507-806109-806110,Piz Buin Moistursing SunCream lotion SPF 50+,200ml,£6.40,£3.20/100ml,save £1.60. Was £8.00,"Toiletries, Health & Beauty"
834273,Nivea for Men Deep Clean Face Wash,G,false,894,https://ecom-su-static-prod.wtrecom.com/images/products/3/LN_834273_BP_3.jpg,https://www.waitrose.com/ecom/products/nivea-for-men-deep-clean-face-wash/834273-177420-177421,Nivea for Men Deep Clean Face Wash,100ml,£5.50,£5.50/100ml,,"Toiletries, Health & Beauty"
834228,Bonjela Junior Gel for Mouth Ulcers,G,false,895,https://ecom-su-static-prod.wtrecom.com/images/products/3/LN_834228_BP_3.jpg,https://www.waitrose.com/ecom/products/bonjela-junior-gel-for-mouth-ulcers/834228-448633-448634,Bonjela Junior Gel for Mouth Ulcers,15g,£4.75,£31.67/100g,,"Toiletries, Health & Beauty"
834107,Goodness Lavender & Bergamot Body Wash,G,false,896,https://ecom-su-static-prod.wtrecom.com/images/products/3/LN_834107_BP_3.jpg,https://www.waitrose.com/ecom/products/goodness-lavender-bergamot-body-wash/834107-783048-783049,Goodness Lavender & Bergamot Body Wash,500ml,£5.25,£1.05/100ml,,"Toiletries, Health & Beauty"
833996,10D 3PP Ankle Highs Almond,G,false,897,https://ecom-su-static-prod.wtrecom.com/images/products/3/LN_833996_BP_3.jpg,https://www.waitrose.com/ecom/products/10d-3pp-ankle-highs-almond/833996-816386-816387,10D 3PP Ankle Highs Almond,3s,£5.00,£1.67 each,,"Toiletries, Health & Beauty"
833886,Tisserand Restore Balance Body Mist,G,true,898,https://ecom-su-static-prod.wtrecom.com/images/products/3/LN_833886_BP_3.jpg,https://www.waitrose.com/ecom/products/tisserand-restore-balance-body-mist/833886-788768-788769,Tisserand Restore Balance Body Mist,100ml,£9.45,£9.45/100ml,25% Off. Was £12.60,"Toiletries, Health & Beauty"
833841,Bondi Sands Application Mitt,G,true,899,https://ecom-su-static-prod.wtrecom.com/images/products/3/LN_833841_BP_3.jpg,https://www.waitrose.com/ecom/products/bondi-sands-application-mitt/833841-824922-824923,Bondi Sands Application Mitt,each,£3.99,,save £1.01. Was £5.00,"Toiletries, Health & Beauty"
833715,Korres Pure Greek Olive Blossom Hand Cream,G,false,900,https://ecom-su-static-prod.wtrecom.com/images/products/3/LN_833715_BP_3.jpg,https://www.waitrose.com/ecom/products/korres-pure-greek-olive-blossom-hand-cream/833715-825584-825585,Korres Pure Greek Olive Blossom Hand Cream,75ml,£11.00,£14.67/100ml,,"Toiletries, Health & Beauty"
833303,Galpharm Cetirizine Hydrochloride,G,false,901,https://ecom-su-static-prod.wtrecom.com/images/products/3/LN_833303_BP_3.jpg,https://www.waitrose.com/ecom/products/galpharm-cetirizine-hydrochloride/833303-693262-693263,Galpharm Cetirizine Hydrochloride,30s,£3.25,10.8p each,,"Toiletries, Health & Beauty"
832870,Eco Warrior Dry Hair Shampoo Bar,G,false,902,https://ecom-su-static-prod.wtrecom.com/images/products/3/LN_832870_BP_3.jpg,https://www.waitrose.com/ecom/products/eco-warrior-dry-hair-shampoo-bar/832870-809280-809281,Eco Warrior Dry Hair Shampoo Bar,100g,£5.80,£5.80/100g,,"Toiletries, Health & Beauty"
832755,Gillette Labs Shave Gel,G,true,903,https://ecom-su-static-prod.wtrecom.com/images/products/3/LN_832755_BP_3.jpg,https://www.waitrose.com/ecom/products/gillette-labs-shave-gel/832755-770796-770797,Gillette Labs Shave Gel,198ml,£3.15,£1.60/100ml,Half Price. Was £6.30,"Toiletries, Health & Beauty"
832180,Waitrose Pure Sheer Lightweight Shampoo,G,false,904,https://ecom-su-static-prod.wtrecom.com/images/products/3/LN_832180_BP_3.jpg,https://www.waitrose.com/ecom/products/waitrose-pure-sheer-lightweight-shampoo/832180-776968-776969,Waitrose Pure Sheer Lightweight Shampoo,250ml,£3.00,£1.20/100ml,,"Toiletries, Health & Beauty"
832012,Aussie Deep Moisture Shampoo,G,true,905,https://ecom-su-static-prod.wtrecom.com/images/products/3/LN_832012_BP_3.jpg,https://www.waitrose.com/ecom/products/aussie-deep-moisture-shampoo/832012-793616-793617,Aussie Deep Moisture Shampoo,300ml,£3.16,£1.06/100ml,Save 1/3. Was £4.75,"Toiletries, Health & Beauty"
831959,Bloom & Blossom Switch Off Relaxing Bath Soak,G,false,906,https://ecom-su-static-prod.wtrecom.com/images/products/3/LN_831959_BP_3.jpg,https://www.waitrose.com/ecom/products/bloom-blossom-switch-off-relaxing-bath-soak/831959-805835-805836,Bloom & Blossom Switch Off Relaxing Bath Soak,500ml,£12.00,£2.40/100ml,,"Toiletries, Health & Beauty"
831910,NIVEA Luminous630 Anti-Stretch Mark & Dark Spot Body Cream,G,false,907,https://ecom-su-static-prod.wtrecom.com/images/products/3/LN_831910_BP_3.jpg,https://www.waitrose.com/ecom/products/nivea-luminous630-anti-stretch-mark-dark-spot-body-cream/831910-824920-824921,NIVEA Luminous630 Anti-Stretch Mark & Dark Spot Body Cream,200ml,£14.00,£7/100ml,,"Toiletries, Health & Beauty"
831720,Balance Me Super Firming Body Oil,G,false,908,https://ecom-su-static-prod.wtrecom.com/images/products/3/LN_831720_BP_3.jpg,https://www.waitrose.com/ecom/products/balance-me-super-firming-body-oil/831720-813802-813803,Balance Me Super Firming Body Oil,150ml,£22.00,£14.67/100ml,,"Toiletries, Health & Beauty"
831327,Naturtint 3N Dark Chestnut Brown,G,false,909,https://ecom-su-static-prod.wtrecom.com/images/products/3/LN_831327_BP_3.jpg,https://www.waitrose.com/ecom/products/naturtint-3n-dark-chestnut-brown/831327-473578-473579,Naturtint 3N Dark Chestnut Brown,165ml,£12.99,£7.88/100ml,,"Toiletries, Health & Beauty"
830971,Garnier Vitamin C Gentle Cleanser,G,true,910,https://ecom-su-static-prod.wtrecom.com/images/products/3/LN_830971_BP_3.jpg,https://www.waitrose.com/ecom/products/garnier-vitamin-c-gentle-cleanser/830971-824918-824919,Garnier Vitamin C Gentle Cleanser,250ml,£6.66,£2.67/100ml,Save 1/3. Was £10.00,"Toiletries, Health & Beauty"
830785,40D Opaque Tights Black X Large,G,false,911,https://ecom-su-static-prod.wtrecom.com/images/products/3/LN_830785_BP_3.jpg,https://www.waitrose.com/ecom/products/40d-opaque-tights-black-x-large/830785-791390-791391,40D Opaque Tights Black X Large,3s,£8.50,£2.84 each,,"Toiletries, Health & Beauty"
830722,Richard Ward Anti-Age 10-in-1 Spritz,G,true,912,https://ecom-su-static-prod.wtrecom.com/images/products/3/LN_830722_BP_3.jpg,https://www.waitrose.com/ecom/products/richard-ward-anti-age-10-in-1-spritz/830722-757507-757508,Richard Ward Anti-Age 10-in-1 Spritz,150ml,£4.00,£2.67/100ml,Half Price. Was £8.00,"Toiletries, Health & Beauty"
830573,60D Bodyshaper Opaque Tights S,G,false,913,https://ecom-su-static-prod.wtrecom.com/images/products/3/LN_830573_BP_3.jpg,https://www.waitrose.com/ecom/products/60d-bodyshaper-opaque-tights-s/830573-791388-791389,60D Bodyshaper Opaque Tights S,each,£10.50,£10.50 each,,"Toiletries, Health & Beauty"
829711,Rennie Sugar Free,G,false,914,https://ecom-su-static-prod.wtrecom.com/images/products/3/LN_829711_BP_3.jpg,https://www.waitrose.com/ecom/products/rennie-sugar-free/829711-746271-746272,Rennie Sugar Free,72s,£6.65,9.2p each,,"Toiletries, Health & Beauty"
829529,Percy & Reed Volumising Mousse,G,true,915,https://ecom-su-static-prod.wtrecom.com/images/products/3/LN_829529_BP_3.jpg,https://www.waitrose.com/ecom/products/percy-reed-volumising-mousse/829529-757501-757502,Percy & Reed Volumising Mousse,200ml,£12.00,£6/100ml,Save 1/3. Was £18.00,"Toiletries, Health & Beauty"
829487,Bed Head Queen for a Day Thickening Spray,G,false,916,https://ecom-su-static-prod.wtrecom.com/images/products/3/LN_829487_BP_3.jpg,https://www.waitrose.com/ecom/products/bed-head-queen-for-a-day-thickening-spray/829487-809278-809279,Bed Head Queen for a Day Thickening Spray,311ml,£13.65,£4.39/100ml,,"Toiletries, Health & Beauty"
829382,10D 3PP Knee Highs One Size Almond,G,false,917,https://ecom-su-static-prod.wtrecom.com/images/products/3/LN_829382_BP_3.jpg,https://www.waitrose.com/ecom/products/10d-3pp-knee-highs-one-size-almond/829382-816382-816383,10D 3PP Knee Highs One Size Almond,3s,£5.00,£1.67 each,,"Toiletries, Health & Beauty"
829351,Cowshed Travel Set 5x30ml,G,true,918,https://ecom-su-static-prod.wtrecom.com/images/products/3/LN_829351_BP_3.jpg,https://www.waitrose.com/ecom/products/cowshed-travel-set-5x30ml/829351-706685-706686,Cowshed Travel Set 5x30ml,150ml,£18.75,£12.50/100ml,25% Off. Was £25.00,"Toiletries, Health & Beauty"
829260,Dove Pear & Aloe Anti-Perspirant,G,true,919,https://ecom-su-static-prod.wtrecom.com/images/products/3/LN_829260_BP_3.jpg,https://www.waitrose.com/ecom/products/dove-pear-aloe-anti-perspirant/829260-802636-802637,Dove Pear & Aloe Anti-Perspirant,200ml,£3.15,£1.58/100ml,Save 1/3. Was £4.75,"Toiletries, Health & Beauty"
827822,Always Ultra Sanitary Towels Normal Size1 Pads,G,false,920,https://ecom-su-static-prod.wtrecom.com/images/products/3/LN_827822_BP_3.jpg,https://www.waitrose.com/ecom/products/always-ultra-sanitary-towels-normal-size1-pads/827822-722556-722557,Always Ultra Sanitary Towels Normal Size1 Pads,15s,£2.35,15.7p each,,"Toiletries, Health & Beauty"
827561,Tisserand Restore Balance Roller Ball,G,true,921,https://ecom-su-static-prod.wtrecom.com/images/products/3/LN_827561_BP_3.jpg,https://www.waitrose.com/ecom/products/tisserand-restore-balance-roller-ball/827561-788764-788765,Tisserand Restore Balance Roller Ball,10ml,£6.30,£63/100ml,25% Off. Was £8.40,"Toiletries, Health & Beauty"
827406,Humble Toothbrush Adult Mixed,G,true,922,https://ecom-su-static-prod.wtrecom.com/images/products/3/LN_827406_BP_3.jpg,https://www.waitrose.com/ecom/products/humble-toothbrush-adult-mixed/827406-490361-490362,Humble Toothbrush Adult Mixed,Each,£3.00,£3 each,25% Off. Was £4.00,"Toiletries, Health & Beauty"
825871,Always Platinum Normal Size1 24 Pads,G,true,923,https://ecom-su-static-prod.wtrecom.com/images/products/3/LN_825871_BP_3.jpg,https://www.waitrose.com/ecom/products/always-platinum-normal-size1-24-pads/825871-696380-696381,Always Platinum Normal Size1 24 Pads,24s,£3.55,14.8p each,Add 2 for £6,"Toiletries, Health & Beauty"
825718,Bassetts Vitamins Multivitamins Raspberry 7-11 Years,G,false,924,https://ecom-su-static-prod.wtrecom.com/images/products/3/LN_825718_BP_3.jpg,https://www.waitrose.com/ecom/products/bassetts-vitamins-multivitamins-raspberry-7-11-years/825718-455562-455563,Bassetts Vitamins Multivitamins Raspberry 7-11 Years,30s,£6.30,21p each,,"Toiletries, Health & Beauty"
825640,Ambre Solaire Over Make Up UV SPF 50,G,false,925,https://ecom-su-static-prod.wtrecom.com/images/products/3/LN_825640_BP_3.jpg,https://www.waitrose.com/ecom/products/ambre-solaire-over-make-up-uv-spf-50/825640-755745-755746,Ambre Solaire Over Make Up UV SPF 50,75ml,£10.00,£13.34/100ml,,"Toiletries, Health & Beauty"
825634,Piz Buin Moisturising face cream SPF 50,G,true,926,https://ecom-su-static-prod.wtrecom.com/images/products/3/LN_825634_BP_3.jpg,https://www.waitrose.com/ecom/products/piz-buin-moisturising-face-cream-spf-50/825634-823947-823948,Piz Buin Moisturising face cream SPF 50,50ml,£6.40,£12.80/100ml,save £1.60. Was £8.00,"Toiletries, Health & Beauty"
825628,60D Velvet Touch Tights Navy S,G,false,927,https://ecom-su-static-prod.wtrecom.com/images/products/3/LN_825628_BP_3.jpg,https://www.waitrose.com/ecom/products/60d-velvet-touch-tights-navy-s/825628-791382-791383,60D Velvet Touch Tights Navy S,each,£9.00,£9 each,,"Toiletries, Health & Beauty"
824977,Aveeno Rosewater Blend Conditioner,G,false,928,https://ecom-su-static-prod.wtrecom.com/images/products/3/LN_824977_BP_3.jpg,https://www.waitrose.com/ecom/products/aveeno-rosewater-blend-conditioner/824977-800692-800693,Aveeno Rosewater Blend Conditioner,300ml,£8.00,£2.67/100ml,,"Toiletries, Health & Beauty"
824937,SiS Go Hydro Lemon,G,false,929,https://ecom-su-static-prod.wtrecom.com/images/products/3/LN_824937_BP_3.jpg,https://www.waitrose.com/ecom/products/sis-go-hydro-lemon/824937-329402-329403,SiS Go Hydro Lemon,20x4.2g,£8.00,£9.53/100g,,"Toiletries, Health & Beauty"
824856,Richard Ward Blonde Luminising Shampoo,G,true,930,https://ecom-su-static-prod.wtrecom.com/images/products/3/LN_824856_BP_3.jpg,https://www.waitrose.com/ecom/products/richard-ward-blonde-luminising-shampoo/824856-757495-757496,Richard Ward Blonde Luminising Shampoo,300ml,£4.00,£1.34/100ml,Half Price. Was £8.00,"Toiletries, Health & Beauty"
824830,Gillette Blue II Disposable Razors,G,false,931,https://ecom-su-static-prod.wtrecom.com/images/products/3/LN_824830_BP_3.jpg,https://www.waitrose.com/ecom/products/gillette-blue-ii-disposable-razors/824830-307244-307245,Gillette Blue II Disposable Razors,20s,£6.30,31.5p each,,"Toiletries, Health & Beauty"
824667,Childs Farm Hair & Body Wash Blackberry,G,false,932,https://ecom-su-static-prod.wtrecom.com/images/products/3/LN_824667_BP_3.jpg,https://www.waitrose.com/ecom/products/childs-farm-hair-body-wash-blackberry/824667-666273-666274,Childs Farm Hair & Body Wash Blackberry,500ml,£8.40,£1.68/100ml,,"Toiletries, Health & Beauty"
824284,Eco Warrior All Over Body Bar,G,false,933,https://ecom-su-static-prod.wtrecom.com/images/products/3/LN_824284_BP_3.jpg,https://www.waitrose.com/ecom/products/eco-warrior-all-over-body-bar/824284-777440-777441,Eco Warrior All Over Body Bar,100g,£3.75,£3.75/100g,,"Toiletries, Health & Beauty"
823963,Pantene Miracles Bond Repair Protecting Shampoo,G,true,934,https://ecom-su-static-prod.wtrecom.com/images/products/3/LN_823963_BP_3.jpg,https://www.waitrose.com/ecom/products/pantene-miracles-bond-repair-protecting-shampoo/823963-820664-820665,Pantene Miracles Bond Repair Protecting Shampoo,250ml,£3.15,£1.26/100ml,Half Price. Was £6.30,"Toiletries, Health & Beauty"
823910,Aveeno Skin Relief Hand Cream,G,false,935,https://ecom-su-static-prod.wtrecom.com/images/products/3/LN_823910_BP_3.jpg,https://www.waitrose.com/ecom/products/aveeno-skin-relief-hand-cream/823910-719881-719882,Aveeno Skin Relief Hand Cream,75ml,£6.85,£9.14/100ml,,"Toiletries, Health & Beauty"
823154,GAVINatura Heartburn & Indigestion Relief,G,false,936,https://ecom-su-static-prod.wtrecom.com/images/products/3/LN_823154_BP_3.jpg,https://www.waitrose.com/ecom/products/gavinatura-heartburn-indigestion-relief/823154-802634-802635,GAVINatura Heartburn & Indigestion Relief,14Each,£9.45,67.5p each,,"Toiletries, Health & Beauty"
822951,Neat Foaming Hand Wash Refill Green Tea & Bergamot,G,false,937,https://ecom-su-static-prod.wtrecom.com/images/products/3/LN_822951_BP_3.jpg,https://www.waitrose.com/ecom/products/neat-foaming-hand-wash-refill-green-tea-bergamot/822951-805829-805830,Neat Foaming Hand Wash Refill Green Tea & Bergamot,30ml,£3.15,£10.50/100ml,,"Toiletries, Health & Beauty"
822638,Man Cave Protective Moisturiser,G,false,938,https://ecom-su-static-prod.wtrecom.com/images/products/3/LN_822638_BP_3.jpg,https://www.waitrose.com/ecom/products/man-cave-protective-moisturiser/822638-588823-588824,Man Cave Protective Moisturiser,100ml,£10.50,£10.50/100ml,,"Toiletries, Health & Beauty"
822599,Aussie Bouncy Curls Conditioner,G,true,939,https://ecom-su-static-prod.wtrecom.com/images/products/3/LN_822599_BP_3.jpg,https://www.waitrose.com/ecom/products/aussie-bouncy-curls-conditioner/822599-809272-809273,Aussie Bouncy Curls Conditioner,200ml,£3.16,£1.58/100ml,Save 1/3. Was £4.75,"Toiletries, Health & Beauty"
822500,Waitrose Pure Hand Cream,G,false,940,https://ecom-su-static-prod.wtrecom.com/images/products/3/LN_822500_BP_3.jpg,https://www.waitrose.com/ecom/products/waitrose-pure-hand-cream/822500-772778-772779,Waitrose Pure Hand Cream,100ml,£2.50,£2.50/100ml,,"Toiletries, Health & Beauty"
822481,Shea Moisture Strengthen & Restore Conditioner,G,false,941,https://ecom-su-static-prod.wtrecom.com/images/products/3/LN_822481_BP_3.jpg,https://www.waitrose.com/ecom/products/shea-moisture-strengthen-restore-conditioner/822481-793608-793609,Shea Moisture Strengthen & Restore Conditioner,384ml,£13.65,£3.56/100ml,,"Toiletries, Health & Beauty"
822270,Vaseline Intensive Care Aloe Soothe Body Lotion 400ml,G,false,942,https://ecom-su-static-prod.wtrecom.com/images/products/3/LN_822270_BP_3.jpg,https://www.waitrose.com/ecom/products/vaseline-intensive-care-aloe-soothe-body-lotion-400ml/822270-800680-800681,Vaseline Intensive Care Aloe Soothe Body Lotion 400ml,400ml,£5.10,£1.28/100ml,,"Toiletries, Health & Beauty"
822256,MONO PRINT FULL BRIEF 16,G,false,943,https://ecom-su-static-prod.wtrecom.com/images/products/3/LN_822256_BP_3.jpg,https://www.waitrose.com/ecom/products/mono-print-full-brief-16/822256-806261-806262,MONO PRINT FULL BRIEF 16,5s,£14.00,£2.80 each,,"Toiletries, Health & Beauty"
822032,Colgate Kids Battery Minions Toothbrush,G,false,944,https://ecom-su-static-prod.wtrecom.com/images/products/3/LN_822032_BP_3.jpg,https://www.waitrose.com/ecom/products/colgate-kids-battery-minions-toothbrush/822032-793604-793605,Colgate Kids Battery Minions Toothbrush,Each,£8.00,£8 each,,"Toiletries, Health & Beauty"
821420,Blue Floral Ankle Sock 3pk,G,false,945,https://ecom-su-static-prod.wtrecom.com/images/products/3/LN_821420_BP_3.jpg,https://www.waitrose.com/ecom/products/blue-floral-ankle-sock-3pk/821420-819137-819138,Blue Floral Ankle Sock 3pk,3s,£10.00,£3.34 each,,"Toiletries, Health & Beauty"
821325,Brylcreem Extreme Hair Gel,G,false,946,https://ecom-su-static-prod.wtrecom.com/images/products/3/LN_821325_BP_3.jpg,https://www.waitrose.com/ecom/products/brylcreem-extreme-hair-gel/821325-588815-588816,Brylcreem Extreme Hair Gel,150ml,£3.75,£2.50/100ml,,"Toiletries, Health & Beauty"
821240,Garnier Micellar Cleansing Water,G,true,947,https://ecom-su-static-prod.wtrecom.com/images/products/3/LN_821240_BP_3.jpg,https://www.waitrose.com/ecom/products/garnier-micellar-cleansing-water/821240-730904-730905,Garnier Micellar Cleansing Water,700ml,£6.66,95.1p/100ml,Save 1/3. Was £10.00,"Toiletries, Health & Beauty"
820757,Age Perfect Cell Renew Midnight Cream,G,false,948,https://ecom-su-static-prod.wtrecom.com/images/products/3/LN_820757_BP_3.jpg,https://www.waitrose.com/ecom/products/age-perfect-cell-renew-midnight-cream/820757-824916-824917,Age Perfect Cell Renew Midnight Cream,50ml,£30.00,£60/100ml,,"Toiletries, Health & Beauty"
820640,10D 3PP Tights Almond L,G,false,949,https://ecom-su-static-prod.wtrecom.com/images/products/3/LN_820640_BP_3.jpg,https://www.waitrose.com/ecom/products/10d-3pp-tights-almond-l/820640-819948-819949,10D 3PP Tights Almond L,3s,£8.00,£2.67 each,,"Toiletries, Health & Beauty"
820348,L'Oréal Men Expert Hydra Face Scrub,G,false,950,https://ecom-su-static-prod.wtrecom.com/images/products/3/LN_820348_BP_3.jpg,https://www.waitrose.com/ecom/products/loreal-men-expert-hydra-face-scrub/820348-729790-729791,L'Oréal Men Expert Hydra Face Scrub,100ml,£6.00,£6/100ml,,"Toiletries, Health & Beauty"
820283,Lynx Africa Antiperspirant Deodorant,G,true,951,https://ecom-su-static-prod.wtrecom.com/images/products/3/LN_820283_BP_3.jpg,https://www.waitrose.com/ecom/products/lynx-africa-antiperspirant-deodorant/820283-812996-812997,Lynx Africa Antiperspirant Deodorant,250ml,£3.75,£1.50/100ml,25% Off. Was £5.00,"Toiletries, Health & Beauty"
820157,Eco Warrior Shampoo Bar,G,false,952,https://ecom-su-static-prod.wtrecom.com/images/products/3/LN_820157_BP_3.jpg,https://www.waitrose.com/ecom/products/eco-warrior-shampoo-bar/820157-724089-724090,Eco Warrior Shampoo Bar,100g,£5.80,£5.80/100g,,"Toiletries, Health & Beauty"
820014,Oral-B Pro 3 3000 3D Pink,G,false,953,https://ecom-su-static-prod.wtrecom.com/images/products/3/LN_820014_BP_3.jpg,https://www.waitrose.com/ecom/products/oral-b-pro-3-3000-3d-pink/820014-767691-767692,Oral-B Pro 3 3000 3D Pink,Each,£104.95,£104.95 each,,"Toiletries, Health & Beauty"
819918,Pirinase Allergy Nasal Spray,G,false,954,https://ecom-su-static-prod.wtrecom.com/images/products/3/LN_819918_BP_3.jpg,https://www.waitrose.com/ecom/products/pirinase-allergy-nasal-spray/819918-498958-498959,Pirinase Allergy Nasal Spray,Each,£8.85,£8.85 each,,"Toiletries, Health & Beauty"
819598,Super Facialist Anti Ageing Moisturiser,G,false,955,https://ecom-su-static-prod.wtrecom.com/images/products/3/LN_819598_BP_3.jpg,https://www.waitrose.com/ecom/products/super-facialist-anti-ageing-moisturiser/819598-772776-772777,Super Facialist Anti Ageing Moisturiser,75ml,£17.85,£23.80/100ml,,"Toiletries, Health & Beauty"
819563,Aussie Blonde Purple Shampoo,G,true,956,https://ecom-su-static-prod.wtrecom.com/images/products/3/LN_819563_BP_3.jpg,https://www.waitrose.com/ecom/products/aussie-blonde-purple-shampoo/819563-729788-729789,Aussie Blonde Purple Shampoo,290ml,£4.00,£1.38/100ml,Save 1/3. Was £6.00,"Toiletries, Health & Beauty"
819083,Pantene Miracles Silky Shampoo,G,true,957,https://ecom-su-static-prod.wtrecom.com/images/products/3/LN_819083_BP_3.jpg,https://www.waitrose.com/ecom/products/pantene-miracles-silky-shampoo/819083-757489-757490,Pantene Miracles Silky Shampoo,400ml,£3.00,75p/100ml,Half Price. Was £6.00,"Toiletries, Health & Beauty"
818966,OGX Damage Remedy+ Coconut Miracle Oil Conditioner,G,true,958,https://ecom-su-static-prod.wtrecom.com/images/products/3/LN_818966_BP_3.jpg,https://www.waitrose.com/ecom/products/ogx-damage-remedy-coconut-miracle-oil-conditioner/818966-631605-631606,OGX Damage Remedy+ Coconut Miracle Oil Conditioner,385ml,£4.72,£12.26/litre,Half Price. Was £9.45,"Toiletries, Health & Beauty"
818853,Timotei Hydrating Conditioner,G,false,959,https://ecom-su-static-prod.wtrecom.com/images/products/3/LN_818853_BP_3.jpg,https://www.waitrose.com/ecom/products/timotei-hydrating-conditioner/818853-809268-809269,Timotei Hydrating Conditioner,300ml,£3.00,£1/100ml,,"Toiletries, Health & Beauty"
818294,Simple Triple Protect Moisturiser,G,true,960,https://ecom-su-static-prod.wtrecom.com/images/products/3/LN_818294_BP_3.jpg,https://www.waitrose.com/ecom/products/simple-triple-protect-moisturiser/818294-800674-800675,Simple Triple Protect Moisturiser,40ml,£4.66,£11.65/100ml,Save 1/3. Was £7.00,"Toiletries, Health & Beauty"
818189,80D Opaque Tights Black X Large,G,false,961,https://ecom-su-static-prod.wtrecom.com/images/products/3/LN_818189_BP_3.jpg,https://www.waitrose.com/ecom/products/80d-opaque-tights-black-x-large/818189-791380-791381,80D Opaque Tights Black X Large,2s,£10.00,£5 each,,"Toiletries, Health & Beauty"
818148,Cow & Gate First Infant Milk,G,false,962,https://ecom-su-static-prod.wtrecom.com/images/products/3/LN_818148_BP_3.jpg,https://www.waitrose.com/ecom/products/cow-gate-first-infant-milk/818148-656102-656103,Cow & Gate First Infant Milk,4x200ml,£3.85,48.1p/100ml,,"Toiletries, Health & Beauty"
817380,Argan+ Strengthen Shampoo,G,true,963,https://ecom-su-static-prod.wtrecom.com/images/products/3/LN_817380_BP_3.jpg,https://www.waitrose.com/ecom/products/argan-strengthen-shampoo/817380-762162-762163,Argan+ Strengthen Shampoo,300ml,£6.25,£2.09/100ml,Add 2 get 2nd half price Cheaper Item Half Price,"Toiletries, Health & Beauty"
817273,Faith In Nature Shea & Argan Shampoo 400ml,G,false,964,https://ecom-su-static-prod.wtrecom.com/images/products/3/LN_817273_BP_3.jpg,https://www.waitrose.com/ecom/products/faith-in-nature-shea-argan-shampoo-400ml/817273-809266-809267,Faith In Nature Shea & Argan Shampoo 400ml,400ml,£8.00,£2/100ml,,"Toiletries, Health & Beauty"
817014,Always Platinum Secure Night Size4 14 Pads,G,true,965,https://ecom-su-static-prod.wtrecom.com/images/products/3/LN_817014_BP_3.jpg,https://www.waitrose.com/ecom/products/always-platinum-secure-night-size4-14-pads/817014-718337-718338,Always Platinum Secure Night Size4 14 Pads,14s,£3.40,24.3p each,Add 2 for £6,"Toiletries, Health & Beauty"
816129,Richard Ward Mirror Gloss Water,G,true,966,https://ecom-su-static-prod.wtrecom.com/images/products/3/LN_816129_BP_3.jpg,https://www.waitrose.com/ecom/products/richard-ward-mirror-gloss-water/816129-757483-757484,Richard Ward Mirror Gloss Water,100ml,£4.00,£4/100ml,Half Price. Was £8.00,"Toiletries, Health & Beauty"
815888,Argan+ Volume Conditioner,G,true,967,https://ecom-su-static-prod.wtrecom.com/images/products/3/LN_815888_BP_3.jpg,https://www.waitrose.com/ecom/products/argan-volume-conditioner/815888-762156-762157,Argan+ Volume Conditioner,250ml,£6.25,£2.50/100ml,Add 2 get 2nd half price Cheaper Item Half Price,"Toiletries, Health & Beauty"
815851,Head & Shoulders Smooth Conditioner,G,true,968,https://ecom-su-static-prod.wtrecom.com/images/products/3/LN_815851_BP_3.jpg,https://www.waitrose.com/ecom/products/head-shoulders-smooth-conditioner/815851-683832-683833,Head & Shoulders Smooth Conditioner,275ml,£3.50,£1.28/100ml,save £1.50. Was £5.00,"Toiletries, Health & Beauty"
815372,Pantene Smooth & Sleek Shampoo,G,false,969,https://ecom-su-static-prod.wtrecom.com/images/products/3/LN_815372_BP_3.jpg,https://www.waitrose.com/ecom/products/pantene-smooth-sleek-shampoo/815372-793602-793603,Pantene Smooth & Sleek Shampoo,500ml,£4.75,95p/100ml,,"Toiletries, Health & Beauty"
815180,L'Oréal Elvive Bond Repair Pre-Shampoo,G,false,970,https://ecom-su-static-prod.wtrecom.com/images/products/3/LN_815180_BP_3.jpg,https://www.waitrose.com/ecom/products/loreal-elvive-bond-repair-pre-shampoo/815180-800668-800669,L'Oréal Elvive Bond Repair Pre-Shampoo,200ml,£16.80,£8.40/100ml,,"Toiletries, Health & Beauty"
815160,Optrex ActiMist Tired and Strained Eyes Spray,G,false,971,https://ecom-su-static-prod.wtrecom.com/images/products/3/LN_815160_BP_3.jpg,https://www.waitrose.com/ecom/products/optrex-actimist-tired-and-strained-eyes-spray/815160-777434-777435,Optrex ActiMist Tired and Strained Eyes Spray,10ml,£16.50,£165/100ml,,"Toiletries, Health & Beauty"
814906,Dr.PAWPAW Tinted Peach Pink Multipurpose Balm,G,true,972,https://ecom-su-static-prod.wtrecom.com/images/products/3/LN_814906_BP_3.jpg,https://www.waitrose.com/ecom/products/drpawpaw-tinted-peach-pink-multipurpose-balm/814906-824910-824911,Dr.PAWPAW Tinted Peach Pink Multipurpose Balm,10ml,£4.25,£42.50/100ml,Add 2 get 2nd half price Cheaper Item Half Price,"Toiletries, Health & Beauty"
814547,Lil-lets Super+ Tampons,G,false,973,https://ecom-su-static-prod.wtrecom.com/images/products/3/LN_814547_BP_3.jpg,https://www.waitrose.com/ecom/products/lil-lets-super-tampons/814547-385117-385118,Lil-lets Super+ Tampons,32s,£3.75,11.7p each,,"Toiletries, Health & Beauty"
814378,Waitrose Pure Lightweight Conditioner,G,false,974,https://ecom-su-static-prod.wtrecom.com/images/products/3/LN_814378_BP_3.jpg,https://www.waitrose.com/ecom/products/waitrose-pure-lightweight-conditioner/814378-776964-776965,Waitrose Pure Lightweight Conditioner,250ml,£3.00,£1.20/100ml,,"Toiletries, Health & Beauty"
813844,Deep Relief Gel Anti-Inflammatory,G,true,975,https://ecom-su-static-prod.wtrecom.com/images/products/3/LN_813844_BP_3.jpg,https://www.waitrose.com/ecom/products/deep-relief-gel-anti-inflammatory/813844-741422-741423,Deep Relief Gel Anti-Inflammatory,100g,£6.50,£6.50/100g,save £2.15. Was £8.65,"Toiletries, Health & Beauty"
813529,Sanctuary Spa Signature Collection Bath Float,G,true,976,https://ecom-su-static-prod.wtrecom.com/images/products/3/LN_813529_BP_3.jpg,https://www.waitrose.com/ecom/products/sanctuary-spa-signature-collection-bath-float/813529-812994-812995,Sanctuary Spa Signature Collection Bath Float,500ml,£8.66,£1.74/100ml,Save 1/3. Was £13.00,"Toiletries, Health & Beauty"
813192,Kleenex Balsam Tissues Pocket Packs,G,true,977,https://ecom-su-static-prod.wtrecom.com/images/products/3/LN_813192_BP_3.jpg,https://www.waitrose.com/ecom/products/kleenex-balsam-tissues-pocket-packs/813192-791881-791882,Kleenex Balsam Tissues Pocket Packs,9 sheets,60p,66.7p/10 sheets,Add 2 for £1,"Toiletries, Health & Beauty"
813080,Silex Vitamin D Self Test,G,false,978,https://ecom-su-static-prod.wtrecom.com/images/products/3/LN_813080_BP_3.jpg,https://www.waitrose.com/ecom/products/silex-vitamin-d-self-test/813080-811874-811875,Silex Vitamin D Self Test,24g,£10.00,,,"Toiletries, Health & Beauty"
812888,Waitrose Calcium & Vitamin D,G,false,979,https://ecom-su-static-prod.wtrecom.com/images/products/3/LN_812888_BP_3.jpg,https://www.waitrose.com/ecom/products/waitrose-calcium-vitamin-d/812888-236330-236331,Waitrose Calcium & Vitamin D,60s,£3.50,5.8p each,,"Toiletries, Health & Beauty"
812692,Herbal Essences Orange Shampoo,G,false,980,https://ecom-su-static-prod.wtrecom.com/images/products/3/LN_812692_BP_3.jpg,https://www.waitrose.com/ecom/products/herbal-essences-orange-shampoo/812692-820660-820661,Herbal Essences Orange Shampoo,350ml,£4.75,£1.36/100ml,,"Toiletries, Health & Beauty"
812258,Bondi Sands Self Tan Foam Dark,G,true,981,https://ecom-su-static-prod.wtrecom.com/images/products/3/LN_812258_BP_3.jpg,https://www.waitrose.com/ecom/products/bondi-sands-self-tan-foam-dark/812258-824904-824905,Bondi Sands Self Tan Foam Dark,200ml,£13.99,£7/100ml,save £3.51. Was £17.50,"Toiletries, Health & Beauty"
812025,Gaviscon Double Action Mint Indigestion Sachets,G,false,982,https://ecom-su-static-prod.wtrecom.com/images/products/3/LN_812025_BP_3.jpg,https://www.waitrose.com/ecom/products/gaviscon-double-action-mint-indigestion-sachets/812025-448491-448492,Gaviscon Double Action Mint Indigestion Sachets,12x10ml,£7.00,£5.84/100ml,,"Toiletries, Health & Beauty"
811449,John Lewis Merino Ankle Socks 2 Pair,G,false,983,https://ecom-su-static-prod.wtrecom.com/images/products/3/LN_811449_BP_3.jpg,https://www.waitrose.com/ecom/products/john-lewis-merino-ankle-socks-2-pair/811449-739429-739430,John Lewis Merino Ankle Socks 2 Pair,2s,£12.00,£6 each,,"Toiletries, Health & Beauty"
810404,Better You MultiVit Spray,G,false,984,https://ecom-su-static-prod.wtrecom.com/images/products/3/LN_810404_BP_3.jpg,https://www.waitrose.com/ecom/products/better-you-multivit-spray/810404-696644-696645,Better You MultiVit Spray,25ml,£10.40,£41.60/100ml,,"Toiletries, Health & Beauty"
810252,SenSpa Deeply Nourishing Shampoo,G,false,985,https://ecom-su-static-prod.wtrecom.com/images/products/3/LN_810252_BP_3.jpg,https://www.waitrose.com/ecom/products/senspa-deeply-nourishing-shampoo/810252-762154-762155,SenSpa Deeply Nourishing Shampoo,200ml,£6.25,£3.13/100ml,,"Toiletries, Health & Beauty"
809867,Sure Bright Bouquet 48hr Anti-Perspirant Deodorant,G,true,986,https://ecom-su-static-prod.wtrecom.com/images/products/3/LN_809867_BP_3.jpg,https://www.waitrose.com/ecom/products/sure-bright-bouquet-48hr-anti-perspirant-deodorant/809867-780821-780822,Sure Bright Bouquet 48hr Anti-Perspirant Deodorant,250ml,£2.85,£1.14/100ml,25% Off. Was £3.80,"Toiletries, Health & Beauty"
809630,Lil-lets Ultra Tampons,G,false,987,https://ecom-su-static-prod.wtrecom.com/images/products/3/LN_809630_BP_3.jpg,https://www.waitrose.com/ecom/products/lil-lets-ultra-tampons/809630-220314-220315,Lil-lets Ultra Tampons,10s,£2.30,23p each,,"Toiletries, Health & Beauty"
809488,Rock Face Anti-Ageing Moisturiser,G,false,988,https://ecom-su-static-prod.wtrecom.com/images/products/3/LN_809488_BP_3.jpg,https://www.waitrose.com/ecom/products/rock-face-anti-ageing-moisturiser/809488-504913-504914,Rock Face Anti-Ageing Moisturiser,100ml,£6.50,£6.50/100ml,,"Toiletries, Health & Beauty"
809471,Fenjal Classic Bath Bubbles,G,false,989,https://ecom-su-static-prod.wtrecom.com/images/products/3/LN_809471_BP_3.jpg,https://www.waitrose.com/ecom/products/fenjal-classic-bath-bubbles/809471-793598-793599,Fenjal Classic Bath Bubbles,200ml,£7.50,£3.75/100ml,,"Toiletries, Health & Beauty"
809240,Olay Anti Wrinkle Firm & Lift Day Cream,G,true,990,https://ecom-su-static-prod.wtrecom.com/images/products/3/LN_809240_BP_3.jpg,https://www.waitrose.com/ecom/products/olay-anti-wrinkle-firm-lift-day-cream/809240-813780-813781,Olay Anti Wrinkle Firm & Lift Day Cream,50ml,£7.00,£14/100ml,Half Price. Was £14.00,"Toiletries, Health & Beauty"
809223,Kalms Lavender One-A-Day Tablets,G,false,991,https://ecom-su-static-prod.wtrecom.com/images/products/3/LN_809223_BP_3.jpg,https://www.waitrose.com/ecom/products/kalms-lavender-one-a-day-tablets/809223-788742-788743,Kalms Lavender One-A-Day Tablets,14s,£6.85,48.9p each,,"Toiletries, Health & Beauty"
808436,Hask Biotin Boost Shampoo,G,true,992,https://ecom-su-static-prod.wtrecom.com/images/products/3/LN_808436_BP_3.jpg,https://www.waitrose.com/ecom/products/hask-biotin-boost-shampoo/808436-720325-720326,Hask Biotin Boost Shampoo,355ml,£4.93,£1.39/100ml,Save 1/3. Was £7.40,"Toiletries, Health & Beauty"
808412,Carmex Cherry Tube Lipbalm - SPF 15,G,true,993,https://ecom-su-static-prod.wtrecom.com/images/products/3/LN_808412_BP_3.jpg,https://www.waitrose.com/ecom/products/carmex-cherry-tube-lipbalm-spf-15/808412-824898-824899,Carmex Cherry Tube Lipbalm - SPF 15,10g,£2.30,£2.30/10g,Save 1/3. Was £3.50,"Toiletries, Health & Beauty"
808258,L'Oreal Elvive Glycolic Gloss Conditioner,G,false,994,https://ecom-su-static-prod.wtrecom.com/images/products/3/LN_808258_BP_3.jpg,https://www.waitrose.com/ecom/products/loreal-elvive-glycolic-gloss-conditioner/808258-820552-820553,L'Oreal Elvive Glycolic Gloss Conditioner,150ml,£13.65,£9.10/100ml,,"Toiletries, Health & Beauty"
808240,Gillette Mach 3 Razor + 1 Blade,G,false,995,https://ecom-su-static-prod.wtrecom.com/images/products/3/LN_808240_BP_3.jpg,https://www.waitrose.com/ecom/products/gillette-mach-3-razor-1-blade/808240-785154-785155,Gillette Mach 3 Razor + 1 Blade,Each,£8.40,£8.40 each,,"Toiletries, Health & Beauty"
808209,Gillette Venus Oceana Disposable Razors,G,false,996,https://ecom-su-static-prod.wtrecom.com/images/products/3/LN_808209_BP_3.jpg,https://www.waitrose.com/ecom/products/gillette-venus-oceana-disposable-razors/808209-719851-719852,Gillette Venus Oceana Disposable Razors,3s,£7.00,£2.34 each,,"Toiletries, Health & Beauty"
808152,Essential Nicotine Replacement Lozenges,G,false,997,https://ecom-su-static-prod.wtrecom.com/images/products/3/LN_808152_BP_3.jpg,https://www.waitrose.com/ecom/products/essential-nicotine-replacement-lozenges/808152-656064-656065,Essential Nicotine Replacement Lozenges,72s,£8.70,12.1p each,,"Toiletries, Health & Beauty"
807882,Aveeno Calm & Restore Face Toner,G,false,998,https://ecom-su-static-prod.wtrecom.com/images/products/3/LN_807882_BP_3.jpg,https://www.waitrose.com/ecom/products/aveeno-calm-restore-face-toner/807882-777430-777431,Aveeno Calm & Restore Face Toner,200ml,£8.95,£4.48/100ml,,"Toiletries, Health & Beauty"
807874,Benadryl One a Day Tablets,G,false,999,https://ecom-su-static-prod.wtrecom.com/images/products/3/LN_807874_BP_3.jpg,https://www.waitrose.com/ecom/products/benadryl-one-a-day-tablets/807874-185231-185232,Benadryl One a Day Tablets,14s,£6.80,48.6p each,,"Toiletries, Health & Beauty"
807864,Deep Freeze Cold Gel,G,false,1000,https://ecom-su-static-prod.wtrecom.com/images/products/3/LN_807864_BP_3.jpg,https://www.waitrose.com/ecom/products/deep-freeze-cold-gel/807864-777428-777429,Deep Freeze Cold Gel,100g,£5.45,£5.45/100g,,"Toiletries, Health & Beauty"
807729,Stripe Ankle Sock Red/ Pink/ Blue 3pk,G,false,1001,https://ecom-su-static-prod.wtrecom.com/images/products/3/LN_807729_BP_3.jpg,https://www.waitrose.com/ecom/products/stripe-ankle-sock-red-pink-blue-3pk/807729-819079-819080,Stripe Ankle Sock Red/ Pink/ Blue 3pk,3s,£10.00,£10 each,,"Toiletries, Health & Beauty"
807659,Argan+ Marula Oil Bath Float,G,true,1002,https://ecom-su-static-prod.wtrecom.com/images/products/3/LN_807659_BP_3.jpg,https://www.waitrose.com/ecom/products/argan-marula-oil-bath-float/807659-678991-678992,Argan+ Marula Oil Bath Float,400ml,£6.50,£1.63/100ml,Add 2 get 2nd half price Cheaper Item Half Price,"Toiletries, Health & Beauty"
807422,Rennie Orange,G,false,1003,https://ecom-su-static-prod.wtrecom.com/images/products/3/LN_807422_BP_3.jpg,https://www.waitrose.com/ecom/products/rennie-orange/807422-746261-746262,Rennie Orange,72s,£6.65,9.2p each,,"Toiletries, Health & Beauty"
807371,Palmer's Cocoa Butter Hand Cream,G,false,1004,https://ecom-su-static-prod.wtrecom.com/images/products/3/LN_807371_BP_3.jpg,https://www.waitrose.com/ecom/products/palmers-cocoa-butter-hand-cream/807371-758712-758713,Palmer's Cocoa Butter Hand Cream,60g,£2.80,£4.67/100g,,"Toiletries, Health & Beauty"
807235,Palmer's Cocoa Butter Body Lotion,G,false,1005,https://ecom-su-static-prod.wtrecom.com/images/products/3/LN_807235_BP_3.jpg,https://www.waitrose.com/ecom/products/palmers-cocoa-butter-body-lotion/807235-758710-758711,Palmer's Cocoa Butter Body Lotion,250ml,£4.65,£1.86/100ml,,"Toiletries, Health & Beauty"
807201,Olay Total Effects 7 Night Moisturiser,G,false,1006,https://ecom-su-static-prod.wtrecom.com/images/products/3/LN_807201_BP_3.jpg,https://www.waitrose.com/ecom/products/olay-total-effects-7-night-moisturiser/807201-271466-271467,Olay Total Effects 7 Night Moisturiser,50ml,£17.35,£34.70/100ml,,"Toiletries, Health & Beauty"
807159,DrSalts Epsom Salts Therapy Shower Gel,G,true,1007,https://ecom-su-static-prod.wtrecom.com/images/products/3/LN_807159_BP_3.jpg,https://www.waitrose.com/ecom/products/drsalts-epsom-salts-therapy-shower-gel/807159-767167-767168,DrSalts Epsom Salts Therapy Shower Gel,200ml,£2.16,£1.08/100ml,Save 1/3. Was £3.25,"Toiletries, Health & Beauty"
806558,Bull Dog Sensitive Shave Gel,G,true,1008,https://ecom-su-static-prod.wtrecom.com/images/products/3/LN_806558_BP_3.jpg,https://www.waitrose.com/ecom/products/bull-dog-sensitive-shave-gel/806558-746259-746260,Bull Dog Sensitive Shave Gel,175ml,£2.65,£1.52/100ml,Save 1/3. Was £4.00,"Toiletries, Health & Beauty"
806412,The Solution Hyaluronic Hydrating Body Lotion…,G,true,1009,https://ecom-su-static-prod.wtrecom.com/images/products/3/LN_806412_BP_3.jpg,https://www.waitrose.com/ecom/products/the-solution-hyaluronic-hydrating-body-lotion/806412-813776-813777,The Solution Hyaluronic Hydrating Body Lotion…,200ml,£10.00,,Add 2 get 2nd half price,"Toiletries, Health & Beauty"
806082,John Frieda Blonde+ Repair System Treatment,G,false,1010,https://ecom-su-static-prod.wtrecom.com/images/products/3/LN_806082_BP_3.jpg,https://www.waitrose.com/ecom/products/john-frieda-blonde-repair-system-treatment/806082-820652-820653,John Frieda Blonde+ Repair System Treatment,100ml,£10.00,£10/100ml,,"Toiletries, Health & Beauty"
805732,Dove DermaSpa Fair to Medium Body Lotion,G,true,1011,https://ecom-su-static-prod.wtrecom.com/images/products/3/LN_805732_BP_3.jpg,https://www.waitrose.com/ecom/products/dove-dermaspa-fair-to-medium-body-lotion/805732-711278-711279,Dove DermaSpa Fair to Medium Body Lotion,200,£5.96,,Save 1/3. Was £8.95,"Toiletries, Health & Beauty"
805731,Sanctuary Spa Signature Hand Wash,G,true,1012,https://ecom-su-static-prod.wtrecom.com/images/products/3/LN_805731_BP_3.jpg,https://www.waitrose.com/ecom/products/sanctuary-spa-signature-hand-wash/805731-812992-812993,Sanctuary Spa Signature Hand Wash,250ml,£5.00,£20/litre,Save 1/3. Was £7.50,"Toiletries, Health & Beauty"
805134,L'Oréal Kids Mango Shampoo,G,false,1013,https://ecom-su-static-prod.wtrecom.com/images/products/3/LN_805134_BP_3.jpg,https://www.waitrose.com/ecom/products/loreal-kids-mango-shampoo/805134-695787-695788,L'Oréal Kids Mango Shampoo,250ml,£2.90,£1.16/100ml,,"Toiletries, Health & Beauty"
804997,Galpharm TreatHay Fexofenadine,G,false,1014,https://ecom-su-static-prod.wtrecom.com/images/products/3/LN_804997_BP_3.jpg,https://www.waitrose.com/ecom/products/galpharm-treathay-fexofenadine/804997-777424-777425,Galpharm TreatHay Fexofenadine,10s,£4.20,42p each,,"Toiletries, Health & Beauty"
804957,Gengigel Mouthrinse,G,false,1015,https://ecom-su-static-prod.wtrecom.com/images/products/3/LN_804957_BP_3.jpg,https://www.waitrose.com/ecom/products/gengigel-mouthrinse/804957-779771-779772,Gengigel Mouthrinse,150ml,£11.00,£7.34/100ml,,"Toiletries, Health & Beauty"
804684,Tweezerman Mini Slant Tweezer,G,false,1016,https://ecom-su-static-prod.wtrecom.com/images/products/3/LN_804684_BP_3.jpg,https://www.waitrose.com/ecom/products/tweezerman-mini-slant-tweezer/804684-729782-729783,Tweezerman Mini Slant Tweezer,Each,£14.70,£14.70 each,,"Toiletries, Health & Beauty"
804602,Richard Ward Satin Moisturising Shampoo,G,true,1017,https://ecom-su-static-prod.wtrecom.com/images/products/3/LN_804602_BP_3.jpg,https://www.waitrose.com/ecom/products/richard-ward-satin-moisturising-shampoo/804602-757473-757474,Richard Ward Satin Moisturising Shampoo,300ml,£4.00,£1.34/100ml,Half Price. Was £8.00,"Toiletries, Health & Beauty"
804318,Elastoplast Sensitive Strips,G,true,1018,https://ecom-su-static-prod.wtrecom.com/images/products/3/LN_804318_BP_3.jpg,https://www.waitrose.com/ecom/products/elastoplast-sensitive-strips/804318-730880-730881,Elastoplast Sensitive Strips,20s,£2.64,13.2p each,20% Off. Was £3.30,"Toiletries, Health & Beauty"
804153,Waitrose Vitamin C & Zinc,G,false,1019,https://ecom-su-static-prod.wtrecom.com/images/products/3/LN_804153_BP_3.jpg,https://www.waitrose.com/ecom/products/waitrose-vitamin-c-zinc/804153-765138-765139,Waitrose Vitamin C & Zinc,90Each,£3.50,3.9p each,,"Toiletries, Health & Beauty"
803964,Humble Plant Based 2 Pack Toothbrushes,G,true,1020,https://ecom-su-static-prod.wtrecom.com/images/products/3/LN_803964_BP_3.jpg,https://www.waitrose.com/ecom/products/humble-plant-based-2-pack-toothbrushes/803964-776848-776849,Humble Plant Based 2 Pack Toothbrushes,20s,£2.25,£2.25 each,25% Off. Was £3.00,"Toiletries, Health & Beauty"
803922,Man Cave Face Wash,G,false,1021,https://ecom-su-static-prod.wtrecom.com/images/products/3/LN_803922_BP_3.jpg,https://www.waitrose.com/ecom/products/man-cave-face-wash/803922-588779-588780,Man Cave Face Wash,125ml,£7.35,£5.88/100ml,,"Toiletries, Health & Beauty"
803827,Method Daily Zen Body Wash,G,false,1022,https://ecom-su-static-prod.wtrecom.com/images/products/3/LN_803827_BP_3.jpg,https://www.waitrose.com/ecom/products/method-daily-zen-body-wash/803827-812774-812775,Method Daily Zen Body Wash,532ml,£6.50,£12.22/litre,,"Toiletries, Health & Beauty"
803793,Mitchum Men Invisible Deodorant,G,false,1023,https://ecom-su-static-prod.wtrecom.com/images/products/3/LN_803793_BP_3.jpg,https://www.waitrose.com/ecom/products/mitchum-men-invisible-deodorant/803793-683818-683819,Mitchum Men Invisible Deodorant,200ml,£3.50,£1.75/100ml,,"Toiletries, Health & Beauty"
803394,Nivea Sun UV Face Shine Control SPF 50,G,false,1024,https://ecom-su-static-prod.wtrecom.com/images/products/3/LN_803394_BP_3.jpg,https://www.waitrose.com/ecom/products/nivea-sun-uv-face-shine-control-spf-50/803394-823797-823798,Nivea Sun UV Face Shine Control SPF 50,50ml,£13.50,£27/100ml,,"Toiletries, Health & Beauty"
803308,Hask Biotin Boost Conditioner,G,true,1025,https://ecom-su-static-prod.wtrecom.com/images/products/3/LN_803308_BP_3.jpg,https://www.waitrose.com/ecom/products/hask-biotin-boost-conditioner/803308-720321-720322,Hask Biotin Boost Conditioner,355ml,£4.93,£1.39/100ml,Save 1/3. Was £7.40,"Toiletries, Health & Beauty"
802705,Nature's Bounty D3 Gummies,G,true,1026,https://ecom-su-static-prod.wtrecom.com/images/products/3/LN_802705_BP_3.jpg,https://www.waitrose.com/ecom/products/natures-bounty-d3-gummies/802705-777422-777423,Nature's Bounty D3 Gummies,60s,£6.66,11.1p each,Save 1/3. Was £10.00,"Toiletries, Health & Beauty"
802661,Pantene Colour Protect Shampoo,G,false,1027,https://ecom-su-static-prod.wtrecom.com/images/products/3/LN_802661_BP_3.jpg,https://www.waitrose.com/ecom/products/pantene-colour-protect-shampoo/802661-793590-793591,Pantene Colour Protect Shampoo,500ml,£4.75,95p/100ml,,"Toiletries, Health & Beauty"
802483,Naturtint 8N Wheat Germ Blonde,G,false,1028,https://ecom-su-static-prod.wtrecom.com/images/products/3/LN_802483_BP_3.jpg,https://www.waitrose.com/ecom/products/naturtint-8n-wheat-germ-blonde/802483-473308-473309,Naturtint 8N Wheat Germ Blonde,165ml,£12.99,£7.88/100ml,,"Toiletries, Health & Beauty"
802471,Tresemme Lamellar Shine Shampoo,G,true,1029,https://ecom-su-static-prod.wtrecom.com/images/products/3/LN_802471_BP_3.jpg,https://www.waitrose.com/ecom/products/tresemme-lamellar-shine-shampoo/802471-820650-820651,Tresemme Lamellar Shine Shampoo,680ml,£3.86,56.8p/100ml,Save 1/3. Was £5.80,"Toiletries, Health & Beauty"
802337,Nurofen Cold & Flu Relief Ibuprofen Tablets,G,false,1030,https://ecom-su-static-prod.wtrecom.com/images/products/3/LN_802337_BP_3.jpg,https://www.waitrose.com/ecom/products/nurofen-cold-flu-relief-ibuprofen-tablets/802337-298645-298646,Nurofen Cold & Flu Relief Ibuprofen Tablets,16s,£5.40,33.8p each,,"Toiletries, Health & Beauty"
802207,Umberto Giannini Scalp Reviving Conditioner,G,false,1031,https://ecom-su-static-prod.wtrecom.com/images/products/3/LN_802207_BP_3.jpg,https://www.waitrose.com/ecom/products/umberto-giannini-scalp-reviving-conditioner/802207-820648-820649,Umberto Giannini Scalp Reviving Conditioner,250ml,£8.95,£3.58/100ml,,"Toiletries, Health & Beauty"
801728,L'Oréal Age Perfect Rich Cream Night,G,true,1032,https://ecom-su-static-prod.wtrecom.com/images/products/3/LN_801728_BP_3.jpg,https://www.waitrose.com/ecom/products/loreal-age-perfect-rich-cream-night/801728-704343-704344,L'Oréal Age Perfect Rich Cream Night,50ml,£10.50,£21/100ml,Half Price. Was £21.00,"Toiletries, Health & Beauty"
801589,Parla Original Toothpaste Tabs,G,false,1033,https://ecom-su-static-prod.wtrecom.com/images/products/3/LN_801589_BP_3.jpg,https://www.waitrose.com/ecom/products/parla-original-toothpaste-tabs/801589-776846-776847,Parla Original Toothpaste Tabs,62Each,£7.35,11.9p each,,"Toiletries, Health & Beauty"
801522,OGX Keratin Smooth Conditioner,G,true,1034,https://ecom-su-static-prod.wtrecom.com/images/products/3/LN_801522_BP_3.jpg,https://www.waitrose.com/ecom/products/ogx-keratin-smooth-conditioner/801522-780813-780814,OGX Keratin Smooth Conditioner,385ml,£4.72,£1.23/100ml,Half Price. Was £9.45,"Toiletries, Health & Beauty"
800748,StylPro Bamboo Reusable Make-Up Remover Pad Set,G,true,1035,https://ecom-su-static-prod.wtrecom.com/images/products/3/LN_800748_BP_3.jpg,https://www.waitrose.com/ecom/products/stylpro-bamboo-reusable-make-up-remover-pad-set/800748-824894-824895,StylPro Bamboo Reusable Make-Up Remover Pad Set,218g,£10.40,,save £2.60. Was £13.00,"Toiletries, Health & Beauty"
799984,60D Bodyshaper Opaque Tights L,G,false,1036,https://ecom-su-static-prod.wtrecom.com/images/products/3/LN_799984_BP_3.jpg,https://www.waitrose.com/ecom/products/60d-bodyshaper-opaque-tights-l/799984-791378-791379,60D Bodyshaper Opaque Tights L,each,£10.50,£10.50 each,,"Toiletries, Health & Beauty"
799688,Richard Ward Brunette Shampoo,G,true,1037,https://ecom-su-static-prod.wtrecom.com/images/products/3/LN_799688_BP_3.jpg,https://www.waitrose.com/ecom/products/richard-ward-brunette-shampoo/799688-757469-757470,Richard Ward Brunette Shampoo,300ml,£4.00,£1.34/100ml,Half Price. Was £8.00,"Toiletries, Health & Beauty"
799167,Elnett Strong Hold,G,false,1038,https://ecom-su-static-prod.wtrecom.com/images/products/3/LN_799167_BP_3.jpg,https://www.waitrose.com/ecom/products/elnett-strong-hold/799167-442147-442148,Elnett Strong Hold,400ml,£7.90,£1.98/100ml,,"Toiletries, Health & Beauty"
799136,Timotei Precious Oils Strengthening Shampoo,G,false,1039,https://ecom-su-static-prod.wtrecom.com/images/products/3/LN_799136_BP_3.jpg,https://www.waitrose.com/ecom/products/timotei-precious-oils-strengthening-shampoo/799136-809260-809261,Timotei Precious Oils Strengthening Shampoo,300ml,£3.00,£10/litre,,"Toiletries, Health & Beauty"
798519,Simple Kind to Skin Replenishing Rich Moisturiser 125ml,G,true,1040,https://ecom-su-static-prod.wtrecom.com/images/products/3/LN_798519_BP_3.jpg,https://www.waitrose.com/ecom/products/simple-kind-to-skin-replenishing-rich-moisturiser-125ml/798519-788726-788727,Simple Kind to Skin Replenishing Rich Moisturiser 125ml,125ml,£3.15,£2.52/100ml,Save 1/3. Was £4.75,"Toiletries, Health & Beauty"
798471,Tampax Pearl Compak Super Tampons With Applicator,G,true,1041,https://ecom-su-static-prod.wtrecom.com/images/products/3/LN_798471_BP_3.jpg,https://www.waitrose.com/ecom/products/tampax-pearl-compak-super-tampons-with-applicator/798471-407496-407497,Tampax Pearl Compak Super Tampons With Applicator,16s,£3.40,21.3p each,Add 3 for £9,"Toiletries, Health & Beauty"
797899,Health & Her Menopause Capsules,G,false,1042,https://ecom-su-static-prod.wtrecom.com/images/products/3/LN_797899_BP_3.jpg,https://www.waitrose.com/ecom/products/health-her-menopause-capsules/797899-802626-802627,Health & Her Menopause Capsules,60s,£21.00,35p each,,"Toiletries, Health & Beauty"
797820,Head & Shoulders Deep Hydration,G,true,1043,https://ecom-su-static-prod.wtrecom.com/images/products/3/LN_797820_BP_3.jpg,https://www.waitrose.com/ecom/products/head-shoulders-deep-hydration/797820-793584-793585,Head & Shoulders Deep Hydration,400ml,£3.50,87.5p/100ml,save £1.50. Was £5.00,"Toiletries, Health & Beauty"
797783,Haliborange Softies Multivitamin,G,true,1044,https://ecom-su-static-prod.wtrecom.com/images/products/3/LN_797783_BP_3.jpg,https://www.waitrose.com/ecom/products/haliborange-softies-multivitamin/797783-691922-691923,Haliborange Softies Multivitamin,60s,£8.00,13.3p each,save £2.90. Was £10.90,"Toiletries, Health & Beauty"
797729,Neal's Yard Organic Lavender Conditioner,G,false,1045,https://ecom-su-static-prod.wtrecom.com/images/products/3/LN_797729_BP_3.jpg,https://www.waitrose.com/ecom/products/neals-yard-organic-lavender-conditioner/797729-113504-113505,Neal's Yard Organic Lavender Conditioner,200ml,£11.50,£5.75/100ml,,"Toiletries, Health & Beauty"
797723,Oral B Cross Action Electric Toothbrush Heads 8s,G,false,1046,https://ecom-su-static-prod.wtrecom.com/images/products/3/LN_797723_BP_3.jpg,https://www.waitrose.com/ecom/products/oral-b-cross-action-electric-toothbrush-heads-8s/797723-698148-698149,Oral B Cross Action Electric Toothbrush Heads 8s,8s,£36.00,£4.50 each,,"Toiletries, Health & Beauty"
797605,Simple Age Resisting Day Cream SPF 15,G,true,1047,https://ecom-su-static-prod.wtrecom.com/images/products/3/LN_797605_BP_3.jpg,https://www.waitrose.com/ecom/products/simple-age-resisting-day-cream-spf-15/797605-777420-777421,Simple Age Resisting Day Cream SPF 15,50ml,£4.00,£80/litre,Save 1/3. Was £6.00,"Toiletries, Health & Beauty"
797510,Together Health Vitamin D3 Capsules Natural Vegan Source,G,true,1048,https://ecom-su-static-prod.wtrecom.com/images/products/3/LN_797510_BP_3.jpg,https://www.waitrose.com/ecom/products/together-health-vitamin-d3-capsules-natural-vegan-source/797510-822243-822244,Together Health Vitamin D3 Capsules Natural Vegan Source,30Each,£5.25,17.5p each,25% Off. Was £7.00,"Toiletries, Health & Beauty"
797297,Curaprox Kids Ultra Soft Toothbrush,G,true,1049,https://ecom-su-static-prod.wtrecom.com/images/products/3/LN_797297_BP_3.jpg,https://www.waitrose.com/ecom/products/curaprox-kids-ultra-soft-toothbrush/797297-776844-776845,Curaprox Kids Ultra Soft Toothbrush,Each,£3.75,£3.75 each,25% Off. Was £5.00,"Toiletries, Health & Beauty"
796856,Lil-Lets Teens Night Towels with Wings,G,true,1050,https://ecom-su-static-prod.wtrecom.com/images/products/3/LN_796856_BP_3.jpg,https://www.waitrose.com/ecom/products/lil-lets-teens-night-towels-with-wings/796856-141388-141389,Lil-Lets Teens Night Towels with Wings,10s,£2.00,20p each,Add 2 for £2.50,"Toiletries, Health & Beauty"
796118,Head & Shoulders Derma X Pro,G,false,1051,https://ecom-su-static-prod.wtrecom.com/images/products/3/LN_796118_BP_3.jpg,https://www.waitrose.com/ecom/products/head-shoulders-derma-x-pro/796118-793580-793581,Head & Shoulders Derma X Pro,300ml,£7.90,£2.64/100ml,,"Toiletries, Health & Beauty"
795539,SenSpa Relaxing Soap Bar,G,false,1052,https://ecom-su-static-prod.wtrecom.com/images/products/3/LN_795539_BP_3.jpg,https://www.waitrose.com/ecom/products/senspa-relaxing-soap-bar/795539-767141-767142,SenSpa Relaxing Soap Bar,100g,£4.25,£4.25/100g,,"Toiletries, Health & Beauty"
795254,Trainer Sock Navy/ Pink/ Lilac 3pk,G,false,1053,https://ecom-su-static-prod.wtrecom.com/images/products/3/LN_795254_BP_3.jpg,https://www.waitrose.com/ecom/products/trainer-sock-navy-pink-lilac-3pk/795254-819035-819036,Trainer Sock Navy/ Pink/ Lilac 3pk,3s,£10.00,£3.34 each,,"Toiletries, Health & Beauty"
794612,Sophie La Girafe Teether in Box,G,false,1054,https://ecom-su-static-prod.wtrecom.com/images/products/3/LN_794612_BP_3.jpg,https://www.waitrose.com/ecom/products/sophie-la-girafe-teether-in-box/794612-393577-393578,Sophie La Girafe Teether in Box,each,£15.99,£15.99 each,,"Toiletries, Health & Beauty"
793692,Simple Kind to Skin Vital Vitamin Day Cream,G,true,1055,https://ecom-su-static-prod.wtrecom.com/images/products/3/LN_793692_BP_3.jpg,https://www.waitrose.com/ecom/products/simple-kind-to-skin-vital-vitamin-day-cream/793692-118695-118696,Simple Kind to Skin Vital Vitamin Day Cream,50ml,£3.00,£6/100ml,Save 1/3. Was £4.50,"Toiletries, Health & Beauty"
793237,Pantene Color Pro-V Miracles Shampoo,G,true,1056,https://ecom-su-static-prod.wtrecom.com/images/products/3/LN_793237_BP_3.jpg,https://www.waitrose.com/ecom/products/pantene-color-pro-v-miracles-shampoo/793237-793578-793579,Pantene Color Pro-V Miracles Shampoo,400ml,£3.00,75p/100ml,Half Price. Was £6.00,"Toiletries, Health & Beauty"
792893,Eco Warrior Shampoo Bar Sensitive Scalp,G,false,1057,https://ecom-su-static-prod.wtrecom.com/images/products/3/LN_792893_BP_3.jpg,https://www.waitrose.com/ecom/products/eco-warrior-shampoo-bar-sensitive-scalp/792893-769848-769849,Eco Warrior Shampoo Bar Sensitive Scalp,100g,£5.80,£5.80/100g,,"Toiletries, Health & Beauty"
792717,Fenjal Classic Crème Body Wash,G,false,1058,https://ecom-su-static-prod.wtrecom.com/images/products/3/LN_792717_BP_3.jpg,https://www.waitrose.com/ecom/products/fenjal-classic-creme-body-wash/792717-112767-112768,Fenjal Classic Crème Body Wash,200ml,£4.75,£2.38/100ml,,"Toiletries, Health & Beauty"
792320,Age Perfect Collagen Expert Day Cream SPF 30,G,true,1059,https://ecom-su-static-prod.wtrecom.com/images/products/3/LN_792320_BP_3.jpg,https://www.waitrose.com/ecom/products/age-perfect-collagen-expert-day-cream-spf-30/792320-824886-824887,Age Perfect Collagen Expert Day Cream SPF 30,50ml,£7.50,£15/100ml,Half Price. Was £15.00,"Toiletries, Health & Beauty"
792056,Dove Men +Care Deodorant Roll-On Extra Fresh,G,true,1060,https://ecom-su-static-prod.wtrecom.com/images/products/3/LN_792056_BP_3.jpg,https://www.waitrose.com/ecom/products/dove-men-care-deodorant-roll-on-extra-fresh/792056-804602-804603,Dove Men +Care Deodorant Roll-On Extra Fresh,50ml,£2.10,£4.20/100ml,Save 1/3. Was £3.15,"Toiletries, Health & Beauty"
791849,7D 2PP Barley There Body Shaper Almond L,G,false,1061,https://ecom-su-static-prod.wtrecom.com/images/products/3/LN_791849_BP_3.jpg,https://www.waitrose.com/ecom/products/7d-2pp-barley-there-body-shaper-almond-l/791849-819896-819897,7D 2PP Barley There Body Shaper Almond L,2s,£15.00,£7.50 each,,"Toiletries, Health & Beauty"
791804,Olay Regenerist 3 Point Day Cream SPF30,G,true,1062,https://ecom-su-static-prod.wtrecom.com/images/products/3/LN_791804_BP_3.jpg,https://www.waitrose.com/ecom/products/olay-regenerist-3-point-day-cream-spf30/791804-824884-824885,Olay Regenerist 3 Point Day Cream SPF30,50ml,£17.00,£34/100ml,Half Price. Was £34.00,"Toiletries, Health & Beauty"
791673,Nurofen 200mg Ibuprofen Pain Relief Soft Capsules,G,false,1063,https://ecom-su-static-prod.wtrecom.com/images/products/3/LN_791673_BP_3.jpg,https://www.waitrose.com/ecom/products/nurofen-200mg-ibuprofen-pain-relief-soft-capsules/791673-719823-719824,Nurofen 200mg Ibuprofen Pain Relief Soft Capsules,16s,£4.75,29.7p each,,"Toiletries, Health & Beauty"
791352,60D Velvet Touch Tights Navy L,G,false,1064,https://ecom-su-static-prod.wtrecom.com/images/products/3/LN_791352_BP_3.jpg,https://www.waitrose.com/ecom/products/60d-velvet-touch-tights-navy-l/791352-791376-791377,60D Velvet Touch Tights Navy L,each,£9.00,£9 each,,"Toiletries, Health & Beauty"
791233,Baylis & Harding Jasmine & Apple,G,false,1065,https://ecom-su-static-prod.wtrecom.com/images/products/3/LN_791233_BP_3.jpg,https://www.waitrose.com/ecom/products/baylis-harding-jasmine-apple/791233-765048-765049,Baylis & Harding Jasmine & Apple,2litre,£6.50,£3.25/litre,,"Toiletries, Health & Beauty"
791145,Elastoplast Paw Patrol Plasters,G,true,1066,https://ecom-su-static-prod.wtrecom.com/images/products/3/LN_791145_BP_3.jpg,https://www.waitrose.com/ecom/products/elastoplast-paw-patrol-plasters/791145-711835-711836,Elastoplast Paw Patrol Plasters,20s,£2.64,£2.64 each,20% Off. Was £3.30,"Toiletries, Health & Beauty"
790754,Calpol Infant Paracetamol 2+Months,G,false,1067,https://ecom-su-static-prod.wtrecom.com/images/products/3/LN_790754_BP_3.jpg,https://www.waitrose.com/ecom/products/calpol-infant-paracetamol-2months/790754-138641-138642,Calpol Infant Paracetamol 2+Months,100ml,£3.70,£3.70/100ml,,"Toiletries, Health & Beauty"
790535,L'Oreal Elnett Flexible Hold Shine Hairspray,G,false,1068,https://ecom-su-static-prod.wtrecom.com/images/products/3/LN_790535_BP_3.jpg,https://www.waitrose.com/ecom/products/loreal-elnett-flexible-hold-shine-hairspray/790535-695761-695762,L'Oreal Elnett Flexible Hold Shine Hairspray,200ml,£5.00,£2.50/100ml,,"Toiletries, Health & Beauty"
790469,Neal's Yard Remedies Women's Balance Foaming Bath,G,false,1069,https://ecom-su-static-prod.wtrecom.com/images/products/3/LN_790469_BP_3.jpg,https://www.waitrose.com/ecom/products/neals-yard-remedies-womens-balance-foaming-bath/790469-762142-762143,Neal's Yard Remedies Women's Balance Foaming Bath,200ml,£19.00,£9.50/100ml,,"Toiletries, Health & Beauty"
790401,Harry's Razor Indigo Blue,G,false,1070,https://ecom-su-static-prod.wtrecom.com/images/products/3/LN_790401_BP_3.jpg,https://www.waitrose.com/ecom/products/harrys-razor-indigo-blue/790401-772772-772773,Harry's Razor Indigo Blue,Each,£9.20,£9.20 each,,"Toiletries, Health & Beauty"
789849,O'Keeffe's Healthy Feet Tube,G,false,1071,https://ecom-su-static-prod.wtrecom.com/images/products/3/LN_789849_BP_3.jpg,https://www.waitrose.com/ecom/products/okeeffes-healthy-feet-tube/789849-800598-800599,O'Keeffe's Healthy Feet Tube,80ml,£9.00,£11.25/100ml,,"Toiletries, Health & Beauty"
789222,Incognito Anti-Mosquito Spray,G,false,1072,https://ecom-su-static-prod.wtrecom.com/images/products/3/LN_789222_BP_3.jpg,https://www.waitrose.com/ecom/products/incognito-anti-mosquito-spray/789222-133430-133431,Incognito Anti-Mosquito Spray,100ml,£12.60,£12.60/100ml,,"Toiletries, Health & Beauty"
788974,Pantene Lift 'n' Volume Rose Water Conditioner,G,true,1073,https://ecom-su-static-prod.wtrecom.com/images/products/3/LN_788974_BP_3.jpg,https://www.waitrose.com/ecom/products/pantene-lift-n-volume-rose-water-conditioner/788974-735904-735905,Pantene Lift 'n' Volume Rose Water Conditioner,275ml,£3.00,£1.10/100ml,Half Price. Was £6.00,"Toiletries, Health & Beauty"
788609,Haliborange Softies Omega-3,G,true,1074,https://ecom-su-static-prod.wtrecom.com/images/products/3/LN_788609_BP_3.jpg,https://www.waitrose.com/ecom/products/haliborange-softies-omega-3/788609-691908-691909,Haliborange Softies Omega-3,60s,£8.00,13.3p each,save £2.00. Was £10.00,"Toiletries, Health & Beauty"
788218,Colgate Total Advanced Deep Clean Toothpaste,G,true,1075,https://ecom-su-static-prod.wtrecom.com/images/products/3/LN_788218_BP_3.jpg,https://www.waitrose.com/ecom/products/colgate-total-advanced-deep-clean-toothpaste/788218-804600-804601,Colgate Total Advanced Deep Clean Toothpaste,125ml,£3.50,£2.80/100ml,Half Price. Was £7.00,"Toiletries, Health & Beauty"
788111,Aussie 3 Minute MiracleReconstructor,G,true,1076,https://ecom-su-static-prod.wtrecom.com/images/products/3/LN_788111_BP_3.jpg,https://www.waitrose.com/ecom/products/aussie-3-minute-miraclereconstructor/788111-780799-780800,Aussie 3 Minute MiracleReconstructor,225ml,£3.33,£1.48/100ml,Save 1/3. Was £5.00,"Toiletries, Health & Beauty"
787175,Corsodyl Toothpaste Gum+ Sensitivity,G,false,1077,https://ecom-su-static-prod.wtrecom.com/images/products/3/LN_787175_BP_3.jpg,https://www.waitrose.com/ecom/products/corsodyl-toothpaste-gum-sensitivity/787175-793576-793577,Corsodyl Toothpaste Gum+ Sensitivity,75ml,£5.80,£7.74/100ml,,"Toiletries, Health & Beauty"
786887,Black Heel Top 3 Pack,G,false,1078,https://ecom-su-static-prod.wtrecom.com/images/products/3/LN_786887_BP_3.jpg,https://www.waitrose.com/ecom/products/black-heel-top-3-pack/786887-798772-798773,Black Heel Top 3 Pack,3s,£10.00,£3.34 each,,"Toiletries, Health & Beauty"
786368,Deep Heat Heat Rub,G,false,1079,https://ecom-su-static-prod.wtrecom.com/images/products/3/LN_786368_BP_3.jpg,https://www.waitrose.com/ecom/products/deep-heat-heat-rub/786368-625282-625283,Deep Heat Heat Rub,67g,£3.50,£5.23/100g,,"Toiletries, Health & Beauty"
786175,7D 2PP Barley There Body Shaper Caramel M,G,false,1080,https://ecom-su-static-prod.wtrecom.com/images/products/3/LN_786175_BP_3.jpg,https://www.waitrose.com/ecom/products/7d-2pp-barley-there-body-shaper-caramel-m/786175-819890-819891,7D 2PP Barley There Body Shaper Caramel M,2s,£15.00,£7.50 each,,"Toiletries, Health & Beauty"
786013,Imodium Dual Action Relief Tablets,G,false,1081,https://ecom-su-static-prod.wtrecom.com/images/products/3/LN_786013_BP_3.jpg,https://www.waitrose.com/ecom/products/imodium-dual-action-relief-tablets/786013-788716-788717,Imodium Dual Action Relief Tablets,6s,£5.50,91.7p each,,"Toiletries, Health & Beauty"
785052,Together Health B Complex B12 & All B Vitamins,G,true,1082,https://ecom-su-static-prod.wtrecom.com/images/products/3/LN_785052_BP_3.jpg,https://www.waitrose.com/ecom/products/together-health-b-complex-b12-all-b-vitamins/785052-822231-822232,Together Health B Complex B12 & All B Vitamins,30Each,£7.50,25p each,25% Off. Was £10.00,"Toiletries, Health & Beauty"
784429,Neat Refillable Foaming Hand Wash Green Tea & Bergamot,G,false,1083,https://ecom-su-static-prod.wtrecom.com/images/products/3/LN_784429_BP_3.jpg,https://www.waitrose.com/ecom/products/neat-refillable-foaming-hand-wash-green-tea-bergamot/784429-805823-805824,Neat Refillable Foaming Hand Wash Green Tea & Bergamot,30ml,£8.00,£26.67/100ml,,"Toiletries, Health & Beauty"
783814,Garnier Moisture Bomb Sheet Mask,G,false,1084,https://ecom-su-static-prod.wtrecom.com/images/products/3/LN_783814_BP_3.jpg,https://www.waitrose.com/ecom/products/garnier-moisture-bomb-sheet-mask/783814-704327-704328,Garnier Moisture Bomb Sheet Mask,28g,£3.70,£13.22/100g,,"Toiletries, Health & Beauty"
783572,Ordo Sonic Brush Heads - Rose,G,true,1085,https://ecom-su-static-prod.wtrecom.com/images/products/3/LN_783572_BP_3.jpg,https://www.waitrose.com/ecom/products/ordo-sonic-brush-heads-rose/783572-822229-822230,Ordo Sonic Brush Heads - Rose,4x13g,£15.00,,save £3.00. Was £18.00,"Toiletries, Health & Beauty"
782625,Colgate Total Advanced Whitening Toothpaste,G,true,1086,https://ecom-su-static-prod.wtrecom.com/images/products/3/LN_782625_BP_3.jpg,https://www.waitrose.com/ecom/products/colgate-total-advanced-whitening-toothpaste/782625-822225-822226,Colgate Total Advanced Whitening Toothpaste,75ml,£2.50,£3.34/100ml,Half Price. Was £5.00,"Toiletries, Health & Beauty"
782585,Nivea Sun Protect & Moisture Lotion SPF30,G,false,1087,https://ecom-su-static-prod.wtrecom.com/images/products/3/LN_782585_BP_3.jpg,https://www.waitrose.com/ecom/products/nivea-sun-protect-moisture-lotion-spf30/782585-719811-719812,Nivea Sun Protect & Moisture Lotion SPF30,200ml,£7.50,£3.75/100ml,,"Toiletries, Health & Beauty"
782256,SiS Go Energy Raspberry,G,true,1088,https://ecom-su-static-prod.wtrecom.com/images/products/3/LN_782256_BP_3.jpg,https://www.waitrose.com/ecom/products/sis-go-energy-raspberry/782256-455178-455179,SiS Go Energy Raspberry,60ml,£1.10,£1.84/100ml,save 65p. Was £1.75,"Toiletries, Health & Beauty"
782235,Gillette mach3 Disposable Razors,G,true,1089,https://ecom-su-static-prod.wtrecom.com/images/products/3/LN_782235_BP_3.jpg,https://www.waitrose.com/ecom/products/gillette-mach3-disposable-razors/782235-118645-118646,Gillette mach3 Disposable Razors,3s,£5.25,£1.75 each,Save 1/3. Was £7.90,"Toiletries, Health & Beauty"
782134,Frizz Ease Secret Agent Touch-Up,G,false,1090,https://ecom-su-static-prod.wtrecom.com/images/products/3/LN_782134_BP_3.jpg,https://www.waitrose.com/ecom/products/frizz-ease-secret-agent-touch-up/782134-695755-695756,Frizz Ease Secret Agent Touch-Up,100ml,£7.60,£7.60/100ml,,"Toiletries, Health & Beauty"
782099,Nivea Men Sensitive Face Wash,G,false,1091,https://ecom-su-static-prod.wtrecom.com/images/products/3/LN_782099_BP_3.jpg,https://www.waitrose.com/ecom/products/nivea-men-sensitive-face-wash/782099-111272-111273,Nivea Men Sensitive Face Wash,100ml,£6.25,£6.25/100ml,,"Toiletries, Health & Beauty"
781486,Kind Protein Crunchy Peanut Butter Bar,G,true,1092,https://ecom-su-static-prod.wtrecom.com/images/products/3/LN_781486_BP_3.jpg,https://www.waitrose.com/ecom/products/kind-protein-crunchy-peanut-butter-bar/781486-693180-693181,Kind Protein Crunchy Peanut Butter Bar,50g,£2.30,£4.60/100g,"£5 Food to Go Meal Deal: Add 1 Main, 1 Snack and 1 Drink","Toiletries, Health & Beauty"
781249,Nivea Men SPF 15 Moisturiser,G,false,1093,https://ecom-su-static-prod.wtrecom.com/images/products/3/LN_781249_BP_3.jpg,https://www.waitrose.com/ecom/products/nivea-men-spf-15-moisturiser/781249-812976-812977,Nivea Men SPF 15 Moisturiser,75ml,£10.90,£14.54/100ml,,"Toiletries, Health & Beauty"
780902,Hask Argan Oil Leave-In Spray,G,true,1094,https://ecom-su-static-prod.wtrecom.com/images/products/3/LN_780902_BP_3.jpg,https://www.waitrose.com/ecom/products/hask-argan-oil-leave-in-spray/780902-695751-695752,Hask Argan Oil Leave-In Spray,175ml,£4.93,£2.82/100ml,Save 1/3. Was £7.40,"Toiletries, Health & Beauty"
780551,Aussie Blonde Hydration Conditioner,G,true,1095,https://ecom-su-static-prod.wtrecom.com/images/products/3/LN_780551_BP_3.jpg,https://www.waitrose.com/ecom/products/aussie-blonde-hydration-conditioner/780551-735898-735899,Aussie Blonde Hydration Conditioner,200ml,£4.00,£2/100ml,Save 1/3. Was £6.00,"Toiletries, Health & Beauty"
780194,Ultrasun Extreme Sun Lotion SPF50+,G,true,1096,https://ecom-su-static-prod.wtrecom.com/images/products/3/LN_780194_BP_3.jpg,https://www.waitrose.com/ecom/products/ultrasun-extreme-sun-lotion-spf50/780194-111009-111010,Ultrasun Extreme Sun Lotion SPF50+,100ml,£19.20,£19.20/100ml,save £4.80. Was £24.00,"Toiletries, Health & Beauty"
779891,Health & Her Perimenopause,G,false,1097,https://ecom-su-static-prod.wtrecom.com/images/products/3/LN_779891_BP_3.jpg,https://www.waitrose.com/ecom/products/health-her-perimenopause/779891-802620-802621,Health & Her Perimenopause,60s,£21.00,35p each,,"Toiletries, Health & Beauty"
779859,200D Thermal Tights Black Large,G,false,1098,https://ecom-su-static-prod.wtrecom.com/images/products/3/LN_779859_BP_3.jpg,https://www.waitrose.com/ecom/products/200d-thermal-tights-black-large/779859-791374-791375,200D Thermal Tights Black Large,each,£10.50,£10.50 each,,"Toiletries, Health & Beauty"
778831,John Lewis Cotton Socks Heel & Toe,G,false,1099,https://ecom-su-static-prod.wtrecom.com/images/products/3/LN_778831_BP_3.jpg,https://www.waitrose.com/ecom/products/john-lewis-cotton-socks-heel-toe/778831-740738-740739,John Lewis Cotton Socks Heel & Toe,5s,£12.00,£2.40 each,,"Toiletries, Health & Beauty"
778731,Wisdom Interspace Brush,G,false,1100,https://ecom-su-static-prod.wtrecom.com/images/products/3/LN_778731_BP_3.jpg,https://www.waitrose.com/ecom/products/wisdom-interspace-brush/778731-822223-822224,Wisdom Interspace Brush,1Each,£4.00,£4 each,,"Toiletries, Health & Beauty"
778722,Silex Menopause Self Test,G,false,1101,https://ecom-su-static-prod.wtrecom.com/images/products/3/LN_778722_BP_3.jpg,https://www.waitrose.com/ecom/products/silex-menopause-self-test/778722-812537-812538,Silex Menopause Self Test,2x10g,£9.00,,,"Toiletries, Health & Beauty"
778376,Lynx Ice Chill Shower Gel,G,false,1102,https://ecom-su-static-prod.wtrecom.com/images/products/3/LN_778376_BP_3.jpg,https://www.waitrose.com/ecom/products/lynx-ice-chill-shower-gel/778376-812974-812975,Lynx Ice Chill Shower Gel,500ml,£3.00,60p/100ml,,"Toiletries, Health & Beauty"
777845,Tampax Pearl Super Tampons With Applicator X 18,G,true,1103,https://ecom-su-static-prod.wtrecom.com/images/products/3/LN_777845_BP_3.jpg,https://www.waitrose.com/ecom/products/tampax-pearl-super-tampons-with-applicator-x-18/777845-110642-110643,Tampax Pearl Super Tampons With Applicator X 18,18s,£3.40,18.9p each,Add 3 for £9,"Toiletries, Health & Beauty"
776904,Pantene Miracles Bond Repair Intensive Hair Treatment,G,true,1104,https://ecom-su-static-prod.wtrecom.com/images/products/3/LN_776904_BP_3.jpg,https://www.waitrose.com/ecom/products/pantene-miracles-bond-repair-intensive-hair-treatment/776904-820644-820645,Pantene Miracles Bond Repair Intensive Hair Treatment,150ml,£5.25,£3.50/100ml,Half Price. Was £10.50,"Toiletries, Health & Beauty"
776489,"Nature's Bounty Hair, Skin & Nails",G,true,1105,https://ecom-su-static-prod.wtrecom.com/images/products/3/LN_776489_BP_3.jpg,https://www.waitrose.com/ecom/products/natures-bounty-hair-skin-nails/776489-746249-746250,"Nature's Bounty Hair, Skin & Nails",60s,£14.00,23.3p each,Save 1/3. Was £21.00,"Toiletries, Health & Beauty"
775870,Faith In Nature Wild Rose Shampoo,G,false,1106,https://ecom-su-static-prod.wtrecom.com/images/products/3/LN_775870_BP_3.jpg,https://www.waitrose.com/ecom/products/faith-in-nature-wild-rose-shampoo/775870-724036-724037,Faith In Nature Wild Rose Shampoo,400ml,£8.00,£2/100ml,,"Toiletries, Health & Beauty"
775850,Benadryl Natural Relief Nasal Spray,G,false,1107,https://ecom-su-static-prod.wtrecom.com/images/products/3/LN_775850_BP_3.jpg,https://www.waitrose.com/ecom/products/benadryl-natural-relief-nasal-spray/775850-756101-756102,Benadryl Natural Relief Nasal Spray,15ml,£6.70,£44.67/100ml,,"Toiletries, Health & Beauty"
775761,TePe Choice Toothbrush with 3 Brush Heads,G,false,1108,https://ecom-su-static-prod.wtrecom.com/images/products/3/LN_775761_BP_3.jpg,https://www.waitrose.com/ecom/products/tepe-choice-toothbrush-with-3-brush-heads/775761-822219-822220,TePe Choice Toothbrush with 3 Brush Heads,1Each,£6.95,£6.95 each,,"Toiletries, Health & Beauty"
775025,Essential Daily Conditioner,G,false,1109,https://ecom-su-static-prod.wtrecom.com/images/products/3/LN_775025_BP_3.jpg,https://www.waitrose.com/ecom/products/essential-daily-conditioner/775025-110225-110226,Essential Daily Conditioner,300ml,£1.75,58.3p/100ml,,"Toiletries, Health & Beauty"
774856,Phizz Orange 3-in-1,G,true,1110,https://ecom-su-static-prod.wtrecom.com/images/products/3/LN_774856_BP_3.jpg,https://www.waitrose.com/ecom/products/phizz-orange-3-in-1/774856-822217-822218,Phizz Orange 3-in-1,20Each,£5.50,27.5p each,save £2.50. Was £8.00,"Toiletries, Health & Beauty"
774818,Clearblue Digital Test with Weeks,G,false,1111,https://ecom-su-static-prod.wtrecom.com/images/products/3/LN_774818_BP_3.jpg,https://www.waitrose.com/ecom/products/clearblue-digital-test-with-weeks/774818-229345-229346,Clearblue Digital Test with Weeks,2s,£16.80,£8.40 each,,"Toiletries, Health & Beauty"
774410,Silex Under Action Thyroid Self Test,G,false,1112,https://ecom-su-static-prod.wtrecom.com/images/products/3/LN_774410_BP_3.jpg,https://www.waitrose.com/ecom/products/silex-under-action-thyroid-self-test/774410-812533-812534,Silex Under Action Thyroid Self Test,20g,£10.00,,,"Toiletries, Health & Beauty"
773789,Head & Shoulders Hydrate Conditioner,G,false,1113,https://ecom-su-static-prod.wtrecom.com/images/products/3/LN_773789_BP_3.jpg,https://www.waitrose.com/ecom/products/head-shoulders-hydrate-conditioner/773789-770162-770163,Head & Shoulders Hydrate Conditioner,200ml,£6.00,£3/100ml,,"Toiletries, Health & Beauty"
773652,Simple Age Resisting Night Cream,G,true,1114,https://ecom-su-static-prod.wtrecom.com/images/products/3/LN_773652_BP_3.jpg,https://www.waitrose.com/ecom/products/simple-age-resisting-night-cream/773652-800580-800581,Simple Age Resisting Night Cream,50ml,£4.33,£8.66/100ml,Save 1/3. Was £6.50,"Toiletries, Health & Beauty"
772798,Nip+Fab Ceramide Fix Cleansing Balm,G,true,1115,https://ecom-su-static-prod.wtrecom.com/images/products/3/LN_772798_BP_3.jpg,https://www.waitrose.com/ecom/products/nipfab-ceramide-fix-cleansing-balm/772798-824882-824883,Nip+Fab Ceramide Fix Cleansing Balm,75ml,£13.33,£17.78/100ml,Save 1/3. Was £20.00,"Toiletries, Health & Beauty"
772470,Umberto Giannini Scalp Shampoo,G,false,1116,https://ecom-su-static-prod.wtrecom.com/images/products/3/LN_772470_BP_3.jpg,https://www.waitrose.com/ecom/products/umberto-giannini-scalp-shampoo/772470-743969-743970,Umberto Giannini Scalp Shampoo,250ml,£9.40,£3.76/100ml,,"Toiletries, Health & Beauty"
772466,Neal's Yard Beauty Sleep Foaming Bath,G,false,1117,https://ecom-su-static-prod.wtrecom.com/images/products/3/LN_772466_BP_3.jpg,https://www.waitrose.com/ecom/products/neals-yard-beauty-sleep-foaming-bath/772466-747558-747559,Neal's Yard Beauty Sleep Foaming Bath,200ml,£19.00,£9.50/100ml,,"Toiletries, Health & Beauty"
772221,Rock Face Power Deodorant Body Spray,G,false,1118,https://ecom-su-static-prod.wtrecom.com/images/products/3/LN_772221_BP_3.jpg,https://www.waitrose.com/ecom/products/rock-face-power-deodorant-body-spray/772221-772768-772769,Rock Face Power Deodorant Body Spray,200ml,£3.70,£1.85/100ml,,"Toiletries, Health & Beauty"
771446,Gillette Labs Razor Blades,G,false,1119,https://ecom-su-static-prod.wtrecom.com/images/products/3/LN_771446_BP_3.jpg,https://www.waitrose.com/ecom/products/gillette-labs-razor-blades/771446-804594-804595,Gillette Labs Razor Blades,10s,£44.00,£4.40 each,,"Toiletries, Health & Beauty"
770302,Sensodyne Nourish Healthy White Soft Toothbrush,G,true,1120,https://ecom-su-static-prod.wtrecom.com/images/products/3/LN_770302_BP_3.jpg,https://www.waitrose.com/ecom/products/sensodyne-nourish-healthy-white-soft-toothbrush/770302-815011-815012,Sensodyne Nourish Healthy White Soft Toothbrush,1Each,£2.00,£2 each,Save 1/3. Was £3.00,"Toiletries, Health & Beauty"
770187,Gillette Mach 3 Turbo 3D Razor + 1,G,false,1121,https://ecom-su-static-prod.wtrecom.com/images/products/3/LN_770187_BP_3.jpg,https://www.waitrose.com/ecom/products/gillette-mach-3-turbo-3d-razor-1/770187-809244-809245,Gillette Mach 3 Turbo 3D Razor + 1,Each,£11.00,£11 each,,"Toiletries, Health & Beauty"
769786,Dove Intensive Repair Conditioner,G,true,1122,https://ecom-su-static-prod.wtrecom.com/images/products/3/LN_769786_BP_3.jpg,https://www.waitrose.com/ecom/products/dove-intensive-repair-conditioner/769786-780781-780782,Dove Intensive Repair Conditioner,350ml,£2.26,64.6p/100ml,Save 1/3. Was £3.40,"Toiletries, Health & Beauty"
769592,SenSpa Nourishing Conditioner,G,false,1123,https://ecom-su-static-prod.wtrecom.com/images/products/3/LN_769592_BP_3.jpg,https://www.waitrose.com/ecom/products/senspa-nourishing-conditioner/769592-762130-762131,SenSpa Nourishing Conditioner,200ml,£6.25,£3.13/100ml,,"Toiletries, Health & Beauty"
769472,Argan+ Rose Otto Oil Soothing Lip Balm,G,true,1124,https://ecom-su-static-prod.wtrecom.com/images/products/3/LN_769472_BP_3.jpg,https://www.waitrose.com/ecom/products/argan-rose-otto-oil-soothing-lip-balm/769472-455096-455097,Argan+ Rose Otto Oil Soothing Lip Balm,15ml,£4.00,£26.67/100ml,Add 2 get 2nd half price Cheaper Item Half Price,"Toiletries, Health & Beauty"
768907,Flamingo Ankle Socks 3 Pack,G,false,1125,https://ecom-su-static-prod.wtrecom.com/images/products/3/LN_768907_BP_3.jpg,https://www.waitrose.com/ecom/products/flamingo-ankle-socks-3-pack/768907-798768-798769,Flamingo Ankle Socks 3 Pack,3s,£10.00,£3.34 each,,"Toiletries, Health & Beauty"
768167,Olay Double Action Day Cream & Primer,G,false,1126,https://ecom-su-static-prod.wtrecom.com/images/products/3/LN_768167_BP_3.jpg,https://www.waitrose.com/ecom/products/olay-double-action-day-cream-primer/768167-730842-730843,Olay Double Action Day Cream & Primer,50ml,£5.25,£10.50/100ml,,"Toiletries, Health & Beauty"
767073,Dove Classic Anti-Perspirant,G,true,1127,https://ecom-su-static-prod.wtrecom.com/images/products/3/LN_767073_BP_3.jpg,https://www.waitrose.com/ecom/products/dove-classic-anti-perspirant/767073-802618-802619,Dove Classic Anti-Perspirant,200ml,£2.60,£1.30/100ml,25% Off. Was £3.50,"Toiletries, Health & Beauty"
766315,Centrum Women 50+ Multivitamin Tablets,G,false,1128,https://ecom-su-static-prod.wtrecom.com/images/products/3/LN_766315_BP_3.jpg,https://www.waitrose.com/ecom/products/centrum-women-50-multivitamin-tablets/766315-384789-384790,Centrum Women 50+ Multivitamin Tablets,30s,£9.05,30.2p each,,"Toiletries, Health & Beauty"
764629,Buscopan IBS Pain Relief Tablets Large Pack,G,false,1129,https://ecom-su-static-prod.wtrecom.com/images/products/3/LN_764629_BP_3.jpg,https://www.waitrose.com/ecom/products/buscopan-ibs-pain-relief-tablets-large-pack/764629-625264-625265,Buscopan IBS Pain Relief Tablets Large Pack,40s,£13.45,33.6p each,,"Toiletries, Health & Beauty"
764482,Galpharm Six Plus Pain Relief,G,false,1130,https://ecom-su-static-prod.wtrecom.com/images/products/3/LN_764482_BP_3.jpg,https://www.waitrose.com/ecom/products/galpharm-six-plus-pain-relief/764482-764890-764891,Galpharm Six Plus Pain Relief,80ml,£2.80,,,"Toiletries, Health & Beauty"
763403,Colgate Cavity Protection Toothpaste,G,false,1131,https://ecom-su-static-prod.wtrecom.com/images/products/3/LN_763403_BP_3.jpg,https://www.waitrose.com/ecom/products/colgate-cavity-protection-toothpaste/763403-822211-822212,Colgate Cavity Protection Toothpaste,100ml,£2.00,£2/100ml,,"Toiletries, Health & Beauty"
763126,Durex Extra Safe Thick Condoms,G,false,1132,https://ecom-su-static-prod.wtrecom.com/images/products/3/LN_763126_BP_3.jpg,https://www.waitrose.com/ecom/products/durex-extra-safe-thick-condoms/763126-448247-448248,Durex Extra Safe Thick Condoms,20s,£17.35,86.8p each,,"Toiletries, Health & Beauty"
762654,Neal's Yard Frankincense Nourishing Cream,G,true,1133,https://ecom-su-static-prod.wtrecom.com/images/products/3/LN_762654_BP_3.jpg,https://www.waitrose.com/ecom/products/neals-yard-frankincense-nourishing-cream/762654-136170-136171,Neal's Yard Frankincense Nourishing Cream,50g,£33.00,£66/100g,Buyers Choice,"Toiletries, Health & Beauty"
762558,Senspa Relaxing Body Wash,G,false,1134,https://ecom-su-static-prod.wtrecom.com/images/products/3/LN_762558_BP_3.jpg,https://www.waitrose.com/ecom/products/senspa-relaxing-body-wash/762558-767105-767106,Senspa Relaxing Body Wash,200ml,£6.50,£3.25/100ml,,"Toiletries, Health & Beauty"
762351,Optibac Intimate Flora For Women,G,true,1135,https://ecom-su-static-prod.wtrecom.com/images/products/3/LN_762351_BP_3.jpg,https://www.waitrose.com/ecom/products/optibac-intimate-flora-for-women/762351-802616-802617,Optibac Intimate Flora For Women,6.81g,£17.00,,save £4.10. Was £21.10,"Toiletries, Health & Beauty"
761914,Solgar Magnesium Citrate,G,false,1136,https://ecom-su-static-prod.wtrecom.com/images/products/3/LN_761914_BP_3.jpg,https://www.waitrose.com/ecom/products/solgar-magnesium-citrate/761914-746243-746244,Solgar Magnesium Citrate,60s,£12.60,21p each,,"Toiletries, Health & Beauty"
761730,Multi Stripe Socks 5Pk,G,false,1137,https://ecom-su-static-prod.wtrecom.com/images/products/3/LN_761730_BP_3.jpg,https://www.waitrose.com/ecom/products/multi-stripe-socks-5pk/761730-812201-812202,Multi Stripe Socks 5Pk,5s,£15.00,£3 each,,"Toiletries, Health & Beauty"
761489,L'Oreal Paris Age Perfect Cleansing Milk,G,false,1138,https://ecom-su-static-prod.wtrecom.com/images/products/3/LN_761489_BP_3.jpg,https://www.waitrose.com/ecom/products/loreal-paris-age-perfect-cleansing-milk/761489-504761-504762,L'Oreal Paris Age Perfect Cleansing Milk,200ml,£5.25,£2.63/100ml,,"Toiletries, Health & Beauty"
761264,60D Velvet Touch Tight Black XL,G,false,1139,https://ecom-su-static-prod.wtrecom.com/images/products/3/LN_761264_BP_3.jpg,https://www.waitrose.com/ecom/products/60d-velvet-touch-tight-black-xl/761264-791372-791373,60D Velvet Touch Tight Black XL,each,£9.00,£9 each,,"Toiletries, Health & Beauty"
761101,Oral-B 3D White Restore Power Fresh Toothpaste,G,false,1140,https://ecom-su-static-prod.wtrecom.com/images/products/3/LN_761101_BP_3.jpg,https://www.waitrose.com/ecom/products/oral-b-3d-white-restore-power-fresh-toothpaste/761101-804592-804593,Oral-B 3D White Restore Power Fresh Toothpaste,75ml,£18.50,£24.67/100ml,,"Toiletries, Health & Beauty"
760727,Aveeno Skin Relief Moisturising Lotion,G,false,1141,https://ecom-su-static-prod.wtrecom.com/images/products/3/LN_760727_BP_3.jpg,https://www.waitrose.com/ecom/products/aveeno-skin-relief-moisturising-lotion/760727-719778-719779,Aveeno Skin Relief Moisturising Lotion,300ml,£10.50,£3.50/100ml,,"Toiletries, Health & Beauty"
760086,10D 3PP Tights Black M,G,false,1142,https://ecom-su-static-prod.wtrecom.com/images/products/3/LN_760086_BP_3.jpg,https://www.waitrose.com/ecom/products/10d-3pp-tights-black-m/760086-819868-819869,10D 3PP Tights Black M,3s,£8.00,£2.67 each,,"Toiletries, Health & Beauty"
760028,VO5 Matt Long-Lasting Hold Hair Clay,G,false,1143,https://ecom-su-static-prod.wtrecom.com/images/products/3/LN_760028_BP_3.jpg,https://www.waitrose.com/ecom/products/vo5-matt-long-lasting-hold-hair-clay/760028-108099-108100,VO5 Matt Long-Lasting Hold Hair Clay,75ml,£4.45,£5.94/100ml,,"Toiletries, Health & Beauty"
759300,Tresemme Lamellar Shine Conditioner,G,true,1144,https://ecom-su-static-prod.wtrecom.com/images/products/3/LN_759300_BP_3.jpg,https://www.waitrose.com/ecom/products/tresemme-lamellar-shine-conditioner/759300-820638-820639,Tresemme Lamellar Shine Conditioner,680ml,£3.86,56.8p/100ml,Save 1/3. Was £5.80,"Toiletries, Health & Beauty"
758585,Vicks Vaporub Cold Remedy Jar,G,false,1145,https://ecom-su-static-prod.wtrecom.com/images/products/3/LN_758585_BP_3.jpg,https://www.waitrose.com/ecom/products/vicks-vaporub-cold-remedy-jar/758585-448229-448230,Vicks Vaporub Cold Remedy Jar,100g,£6.70,£6.70/100g,,"Toiletries, Health & Beauty"
758282,Sanctuary Spa Lost In the Moment Gift Set,G,false,1146,https://ecom-su-static-prod.wtrecom.com/images/products/3/LN_758282_BP_3.jpg,https://www.waitrose.com/ecom/products/sanctuary-spa-lost-in-the-moment-gift-set/758282-817423-817424,Sanctuary Spa Lost In the Moment Gift Set,1Each,£20.00,£20 each,,"Toiletries, Health & Beauty"
758219,Doublebase Dry Skin Emollient,G,false,1147,https://ecom-su-static-prod.wtrecom.com/images/products/3/LN_758219_BP_3.jpg,https://www.waitrose.com/ecom/products/doublebase-dry-skin-emollient/758219-802614-802615,Doublebase Dry Skin Emollient,250g,£10.45,£4.18/100g,,"Toiletries, Health & Beauty"
758200,Savlon Antiseptic & Pain Relief Gel,G,false,1148,https://ecom-su-static-prod.wtrecom.com/images/products/3/LN_758200_BP_3.jpg,https://www.waitrose.com/ecom/products/savlon-antiseptic-pain-relief-gel/758200-448227-448228,Savlon Antiseptic & Pain Relief Gel,20g,£6.00,£30/100g,,"Toiletries, Health & Beauty"
758112,Rock Face Power Shower Gel,G,false,1149,https://ecom-su-static-prod.wtrecom.com/images/products/3/LN_758112_BP_3.jpg,https://www.waitrose.com/ecom/products/rock-face-power-shower-gel/758112-785102-785103,Rock Face Power Shower Gel,410ml,£4.00,97.6p/100ml,,"Toiletries, Health & Beauty"
756929,10D 3PP Knee Highs One Size Black,G,false,1150,https://ecom-su-static-prod.wtrecom.com/images/products/3/LN_756929_BP_3.jpg,https://www.waitrose.com/ecom/products/10d-3pp-knee-highs-one-size-black/756929-816364-816365,10D 3PP Knee Highs One Size Black,3s,£5.00,£1.67 each,,"Toiletries, Health & Beauty"
756727,Percy & Reed Wonder Conditioner,G,true,1151,https://ecom-su-static-prod.wtrecom.com/images/products/3/LN_756727_BP_3.jpg,https://www.waitrose.com/ecom/products/percy-reed-wonder-conditioner/756727-747546-747547,Percy & Reed Wonder Conditioner,250ml,£16.00,£6.40/100ml,Save 1/3. Was £24.00,"Toiletries, Health & Beauty"
756229,Head & Shoulders Ultra Total Care 2in1 Shampoo,G,false,1152,https://ecom-su-static-prod.wtrecom.com/images/products/3/LN_756229_BP_3.jpg,https://www.waitrose.com/ecom/products/head-shoulders-ultra-total-care-2in1-shampoo/756229-563906-563907,Head & Shoulders Ultra Total Care 2in1 Shampoo,250ml,£3.50,£1.40/100ml,,"Toiletries, Health & Beauty"
756126,Dove Men +Care Deodorant Sport Fresh,G,true,1153,https://ecom-su-static-prod.wtrecom.com/images/products/3/LN_756126_BP_3.jpg,https://www.waitrose.com/ecom/products/dove-men-care-deodorant-sport-fresh/756126-804590-804591,Dove Men +Care Deodorant Sport Fresh,200ml,£3.15,£1.58/100ml,Save 1/3. Was £4.75,"Toiletries, Health & Beauty"
755209,Aveeno Calm & Restore Oat Cleanser,G,false,1154,https://ecom-su-static-prod.wtrecom.com/images/products/3/LN_755209_BP_3.jpg,https://www.waitrose.com/ecom/products/aveeno-calm-restore-oat-cleanser/755209-777404-777405,Aveeno Calm & Restore Oat Cleanser,200ml,£8.95,£4.48/100ml,,"Toiletries, Health & Beauty"
754880,L'Oréal Revitalift Filler Night Cream,G,false,1155,https://ecom-su-static-prod.wtrecom.com/images/products/3/LN_754880_BP_3.jpg,https://www.waitrose.com/ecom/products/loreal-revitalift-filler-night-cream/754880-704309-704310,L'Oréal Revitalift Filler Night Cream,50ml,£26.25,£52.50/100ml,,"Toiletries, Health & Beauty"
754474,Gillette Fusion +1 Precision Trimmer,G,false,1156,https://ecom-su-static-prod.wtrecom.com/images/products/3/LN_754474_BP_3.jpg,https://www.waitrose.com/ecom/products/gillette-fusion-1-precision-trimmer/754474-307116-307117,Gillette Fusion +1 Precision Trimmer,Each,£11.55,£11.55 each,,"Toiletries, Health & Beauty"
754159,SiS Go Energy Blackcurrant,G,true,1157,https://ecom-su-static-prod.wtrecom.com/images/products/3/LN_754159_BP_3.jpg,https://www.waitrose.com/ecom/products/sis-go-energy-blackcurrant/754159-141354-141355,SiS Go Energy Blackcurrant,60ml,£1.10,£1.84/100ml,save 65p. Was £1.75,"Toiletries, Health & Beauty"
754111,Pantene Color Pro-V Miracles Conditioner,G,true,1158,https://ecom-su-static-prod.wtrecom.com/images/products/3/LN_754111_BP_3.jpg,https://www.waitrose.com/ecom/products/pantene-color-pro-v-miracles-conditioner/754111-793562-793563,Pantene Color Pro-V Miracles Conditioner,275ml,£3.00,£1.10/100ml,Half Price. Was £6.00,"Toiletries, Health & Beauty"
753423,Neal's Yard Orange Flower Shampoo,G,false,1159,https://ecom-su-static-prod.wtrecom.com/images/products/3/LN_753423_BP_3.jpg,https://www.waitrose.com/ecom/products/neals-yard-orange-flower-shampoo/753423-762120-762121,Neal's Yard Orange Flower Shampoo,200ml,£11.50,£5.75/100ml,,"Toiletries, Health & Beauty"
753049,BetterYou Iron 5mg Daily Oral Spray,G,false,1160,https://ecom-su-static-prod.wtrecom.com/images/products/3/LN_753049_BP_3.jpg,https://www.waitrose.com/ecom/products/betteryou-iron-5mg-daily-oral-spray/753049-822207-822208,BetterYou Iron 5mg Daily Oral Spray,25ml,£10.00,£40/100ml,,"Toiletries, Health & Beauty"
752991,Neal's Yard Geranium & Orange Hand Wash,G,false,1161,https://ecom-su-static-prod.wtrecom.com/images/products/3/LN_752991_BP_3.jpg,https://www.waitrose.com/ecom/products/neals-yard-geranium-orange-hand-wash/752991-107066-107067,Neal's Yard Geranium & Orange Hand Wash,200ml,£15.00,£7.50/100ml,,"Toiletries, Health & Beauty"
752324,Argan+ Lift & Smooth Multi-Action Eye Cream,G,true,1162,https://ecom-su-static-prod.wtrecom.com/images/products/3/LN_752324_BP_3.jpg,https://www.waitrose.com/ecom/products/argan-lift-smooth-multi-action-eye-cream/752324-393249-393250,Argan+ Lift & Smooth Multi-Action Eye Cream,15ml,£13.00,£86.67/100ml,Add 2 get 2nd half price Cheaper Item Half Price,"Toiletries, Health & Beauty"
752186,OGX Damage Remedy+ Coconut Miracle Oil Shampoo,G,true,1163,https://ecom-su-static-prod.wtrecom.com/images/products/3/LN_752186_BP_3.jpg,https://www.waitrose.com/ecom/products/ogx-damage-remedy-coconut-miracle-oil-shampoo/752186-631541-631542,OGX Damage Remedy+ Coconut Miracle Oil Shampoo,385ml,£4.72,£12.26/litre,Half Price. Was £9.45,"Toiletries, Health & Beauty"
751615,Venus Glide Coconut and Olay Blades,G,true,1164,https://ecom-su-static-prod.wtrecom.com/images/products/3/LN_751615_BP_3.jpg,https://www.waitrose.com/ecom/products/venus-glide-coconut-and-olay-blades/751615-793560-793561,Venus Glide Coconut and Olay Blades,3Each,£11.50,£3.84 each,save £2.00. Was £13.50,"Toiletries, Health & Beauty"
751535,Argan+ Rose Otto Oil Ultra Gentle Body Wash,G,true,1165,https://ecom-su-static-prod.wtrecom.com/images/products/3/LN_751535_BP_3.jpg,https://www.waitrose.com/ecom/products/argan-rose-otto-oil-ultra-gentle-body-wash/751535-352096-352097,Argan+ Rose Otto Oil Ultra Gentle Body Wash,200ml,£5.50,£2.75/100ml,Add 2 get 2nd half price Cheaper Item Half Price,"Toiletries, Health & Beauty"
751494,Sudafed Congestion Capsules,G,false,1166,https://ecom-su-static-prod.wtrecom.com/images/products/3/LN_751494_BP_3.jpg,https://www.waitrose.com/ecom/products/sudafed-congestion-capsules/751494-375457-375458,Sudafed Congestion Capsules,16s,£5.75,35.9p each,,"Toiletries, Health & Beauty"
751485,Aveeno Daily Moisturising Lotion,G,false,1167,https://ecom-su-static-prod.wtrecom.com/images/products/3/LN_751485_BP_3.jpg,https://www.waitrose.com/ecom/products/aveeno-daily-moisturising-lotion/751485-752517-752518,Aveeno Daily Moisturising Lotion,500ml,£11.00,£2.20/100ml,,"Toiletries, Health & Beauty"
751238,Herbal Essence Argan Oil Repair Conditioner,G,false,1168,https://ecom-su-static-prod.wtrecom.com/images/products/3/LN_751238_BP_3.jpg,https://www.waitrose.com/ecom/products/herbal-essence-argan-oil-repair-conditioner/751238-770156-770157,Herbal Essence Argan Oil Repair Conditioner,250ml,£4.75,£1.90/100ml,,"Toiletries, Health & Beauty"
750963,BIC Soleil Scent Razors,G,false,1169,https://ecom-su-static-prod.wtrecom.com/images/products/3/LN_750963_BP_3.jpg,https://www.waitrose.com/ecom/products/bic-soleil-scent-razors/750963-681157-681158,BIC Soleil Scent Razors,4s,£4.50,£1.13 each,,"Toiletries, Health & Beauty"
750633,John Lewis Trainer Socks Pastel 5 Pair,G,false,1170,https://ecom-su-static-prod.wtrecom.com/images/products/3/LN_750633_BP_3.jpg,https://www.waitrose.com/ecom/products/john-lewis-trainer-socks-pastel-5-pair/750633-750713-750714,John Lewis Trainer Socks Pastel 5 Pair,5s,£6.00,£1.20 each,,"Toiletries, Health & Beauty"
750566,Tweezerman Neon Hot Filemate,G,false,1171,https://ecom-su-static-prod.wtrecom.com/images/products/3/LN_750566_BP_3.jpg,https://www.waitrose.com/ecom/products/tweezerman-neon-hot-filemate/750566-729766-729767,Tweezerman Neon Hot Filemate,Each,£7.50,£7.50 each,,"Toiletries, Health & Beauty"
750487,Covonia Dry & Tickly Cough Linctus,G,false,1172,https://ecom-su-static-prod.wtrecom.com/images/products/3/LN_750487_BP_3.jpg,https://www.waitrose.com/ecom/products/covonia-dry-tickly-cough-linctus/750487-810786-810787,Covonia Dry & Tickly Cough Linctus,150ml,£6.30,£4.20/100ml,,"Toiletries, Health & Beauty"
750262,Oral-B Pro 3 3000 3D White,G,false,1173,https://ecom-su-static-prod.wtrecom.com/images/products/3/LN_750262_BP_3.jpg,https://www.waitrose.com/ecom/products/oral-b-pro-3-3000-3d-white/750262-767655-767656,Oral-B Pro 3 3000 3D White,Each,£104.95,£104.95 each,,"Toiletries, Health & Beauty"
749682,4 Pack White Striped Tube Socks,G,false,1174,https://ecom-su-static-prod.wtrecom.com/images/products/3/LN_749682_BP_3.jpg,https://www.waitrose.com/ecom/products/4-pack-white-striped-tube-socks/749682-804170-804171,4 Pack White Striped Tube Socks,4s,£12.00,£3 each,,"Toiletries, Health & Beauty"
749479,Tampax Super Plus Tampons With Cardboard Applicator,G,false,1175,https://ecom-su-static-prod.wtrecom.com/images/products/3/LN_749479_BP_3.jpg,https://www.waitrose.com/ecom/products/tampax-super-plus-tampons-with-cardboard-applicator/749479-106588-106589,Tampax Super Plus Tampons With Cardboard Applicator,20s,£2.10,10.5p each,,"Toiletries, Health & Beauty"
749392,Galpharm Capsules Esomeprazole 20mg,G,false,1176,https://ecom-su-static-prod.wtrecom.com/images/products/3/LN_749392_BP_3.jpg,https://www.waitrose.com/ecom/products/galpharm-capsules-esomeprazole-20mg/749392-746237-746238,Galpharm Capsules Esomeprazole 20mg,14s,£9.00,64.3p each,,"Toiletries, Health & Beauty"
748330,Naturya Organic Cacao Nibs,G,false,1177,https://ecom-su-static-prod.wtrecom.com/images/products/3/LN_748330_BP_3.jpg,https://www.waitrose.com/ecom/products/naturya-organic-cacao-nibs/748330-492125-492126,Naturya Organic Cacao Nibs,125g,£4.20,£3.36/100g,,"Toiletries, Health & Beauty"
748326,Cowshed Active Bath & Shower Gel,G,true,1178,https://ecom-su-static-prod.wtrecom.com/images/products/3/LN_748326_BP_3.jpg,https://www.waitrose.com/ecom/products/cowshed-active-bath-shower-gel/748326-706589-706590,Cowshed Active Bath & Shower Gel,300ml,£16.50,£5.50/100ml,25% Off. Was £22.00,"Toiletries, Health & Beauty"
748039,O'Keeffe's Healthy Feet Overnight,G,false,1179,https://ecom-su-static-prod.wtrecom.com/images/products/3/LN_748039_BP_3.jpg,https://www.waitrose.com/ecom/products/okeeffes-healthy-feet-overnight/748039-824876-824877,O'Keeffe's Healthy Feet Overnight,80ml,£10.50,£13.13/100ml,,"Toiletries, Health & Beauty"
747721,Aussie Deep Moisture Conditioner,G,true,1180,https://ecom-su-static-prod.wtrecom.com/images/products/3/LN_747721_BP_3.jpg,https://www.waitrose.com/ecom/products/aussie-deep-moisture-conditioner/747721-793556-793557,Aussie Deep Moisture Conditioner,200ml,£3.16,£1.58/100ml,Save 1/3. Was £4.75,"Toiletries, Health & Beauty"
746910,Men Expert Hydra Energetic Anti-Fatigue Moisturiser SPF15,G,false,1181,https://ecom-su-static-prod.wtrecom.com/images/products/3/LN_746910_BP_3.jpg,https://www.waitrose.com/ecom/products/men-expert-hydra-energetic-anti-fatigue-moisturiser-spf15/746910-812956-812957,Men Expert Hydra Energetic Anti-Fatigue Moisturiser SPF15,50ml,£12.00,£24/100ml,,"Toiletries, Health & Beauty"
746878,Solgar Turmeric Root Extract,G,false,1182,https://ecom-su-static-prod.wtrecom.com/images/products/3/LN_746878_BP_3.jpg,https://www.waitrose.com/ecom/products/solgar-turmeric-root-extract/746878-746235-746236,Solgar Turmeric Root Extract,60s,£20.00,33.3p each,,"Toiletries, Health & Beauty"
745596,John Frieda Frizz Ease Recovery Conditioner,G,false,1183,https://ecom-su-static-prod.wtrecom.com/images/products/3/LN_745596_BP_3.jpg,https://www.waitrose.com/ecom/products/john-frieda-frizz-ease-recovery-conditioner/745596-527725-527726,John Frieda Frizz Ease Recovery Conditioner,250ml,£7.00,£2.80/100ml,,"Toiletries, Health & Beauty"
744646,Childs Farm Hair & Body Wash,G,false,1184,https://ecom-su-static-prod.wtrecom.com/images/products/3/LN_744646_BP_3.jpg,https://www.waitrose.com/ecom/products/childs-farm-hair-body-wash/744646-583896-583897,Childs Farm Hair & Body Wash,500ml,£8.40,£1.68/100ml,,"Toiletries, Health & Beauty"
743647,Method Simply Nourish Body Wash,G,false,1185,https://ecom-su-static-prod.wtrecom.com/images/products/3/LN_743647_BP_3.jpg,https://www.waitrose.com/ecom/products/method-simply-nourish-body-wash/743647-812816-812817,Method Simply Nourish Body Wash,532ml,£6.50,£12.22/litre,,"Toiletries, Health & Beauty"
743213,Neal's Yard Bee Lovely Bath And Shower,G,false,1186,https://ecom-su-static-prod.wtrecom.com/images/products/3/LN_743213_BP_3.jpg,https://www.waitrose.com/ecom/products/neals-yard-bee-lovely-bath-and-shower/743213-393189-393190,Neal's Yard Bee Lovely Bath And Shower,295ml,£15.00,£5.09/100ml,,"Toiletries, Health & Beauty"
742294,Essential Saline Solution,G,false,1187,https://ecom-su-static-prod.wtrecom.com/images/products/3/LN_742294_BP_3.jpg,https://www.waitrose.com/ecom/products/essential-saline-solution/742294-311316-311317,Essential Saline Solution,360ml,£2.55,70.8p/100ml,,"Toiletries, Health & Beauty"
742221,Bondi Sands Tan Eraser Gel,G,true,1188,https://ecom-su-static-prod.wtrecom.com/images/products/3/LN_742221_BP_3.jpg,https://www.waitrose.com/ecom/products/bondi-sands-tan-eraser-gel/742221-824872-824873,Bondi Sands Tan Eraser Gel,200ml,£13.59,£6.80/100ml,save £3.41. Was £17.00,"Toiletries, Health & Beauty"
741486,Lemsip Max All in 1 Cold & Flu Lemon Sachets,G,false,1189,https://ecom-su-static-prod.wtrecom.com/images/products/3/LN_741486_BP_3.jpg,https://www.waitrose.com/ecom/products/lemsip-max-all-in-1-cold-flu-lemon-sachets/741486-448159-448160,Lemsip Max All in 1 Cold & Flu Lemon Sachets,8s,£6.85,85.6p each,,"Toiletries, Health & Beauty"
741402,Compeed Bunion Plasters,G,false,1190,https://ecom-su-static-prod.wtrecom.com/images/products/3/LN_741402_BP_3.jpg,https://www.waitrose.com/ecom/products/compeed-bunion-plasters/741402-764752-764753,Compeed Bunion Plasters,5s,£7.35,£1.47 each,,"Toiletries, Health & Beauty"
740674,Optrex Refreshing Eye Drops for Tired Eyes,G,false,1191,https://ecom-su-static-prod.wtrecom.com/images/products/3/LN_740674_BP_3.jpg,https://www.waitrose.com/ecom/products/optrex-refreshing-eye-drops-for-tired-eyes/740674-719752-719753,Optrex Refreshing Eye Drops for Tired Eyes,10ml,£5.60,£56/100ml,,"Toiletries, Health & Beauty"
740628,Guardium Acid Reflux Tablets,G,false,1192,https://ecom-su-static-prod.wtrecom.com/images/products/3/LN_740628_BP_3.jpg,https://www.waitrose.com/ecom/products/guardium-acid-reflux-tablets/740628-672849-672850,Guardium Acid Reflux Tablets,7s,£7.35,£1.05 each,,"Toiletries, Health & Beauty"
740505,Elvive Full Resist Aminexil Conditioner,G,false,1193,https://ecom-su-static-prod.wtrecom.com/images/products/3/LN_740505_BP_3.jpg,https://www.waitrose.com/ecom/products/elvive-full-resist-aminexil-conditioner/740505-800538-800539,Elvive Full Resist Aminexil Conditioner,300ml,£6.00,£2/100ml,,"Toiletries, Health & Beauty"
739944,Bed Head Recovery Shampoo,G,false,1194,https://ecom-su-static-prod.wtrecom.com/images/products/3/LN_739944_BP_3.jpg,https://www.waitrose.com/ecom/products/bed-head-recovery-shampoo/739944-809232-809233,Bed Head Recovery Shampoo,400ml,£6.50,£1.63/100ml,,"Toiletries, Health & Beauty"
739359,HASK Tea Tree Oil & Rosemary Shampoo,G,true,1195,https://ecom-su-static-prod.wtrecom.com/images/products/3/LN_739359_BP_3.jpg,https://www.waitrose.com/ecom/products/hask-tea-tree-oil-rosemary-shampoo/739359-769818-769819,HASK Tea Tree Oil & Rosemary Shampoo,355ml,£4.93,£1.39/100ml,Save 1/3. Was £7.40,"Toiletries, Health & Beauty"
738584,15D 2PP Sleek Body Shaper Black M,G,false,1196,https://ecom-su-static-prod.wtrecom.com/images/products/3/LN_738584_BP_3.jpg,https://www.waitrose.com/ecom/products/15d-2pp-sleek-body-shaper-black-m/738584-819850-819851,15D 2PP Sleek Body Shaper Black M,2s,£15.00,£7.50 each,,"Toiletries, Health & Beauty"
738568,Bronchostop Junior Cough Syrup,G,false,1197,https://ecom-su-static-prod.wtrecom.com/images/products/3/LN_738568_BP_3.jpg,https://www.waitrose.com/ecom/products/bronchostop-junior-cough-syrup/738568-764732-764733,Bronchostop Junior Cough Syrup,120ml,£7.40,£6.17/100ml,,"Toiletries, Health & Beauty"
738436,John Lewis Trainer Socks Black 5 Pair,G,false,1198,https://ecom-su-static-prod.wtrecom.com/images/products/3/LN_738436_BP_3.jpg,https://www.waitrose.com/ecom/products/john-lewis-trainer-socks-black-5-pair/738436-750635-750636,John Lewis Trainer Socks Black 5 Pair,5s,£7.00,£1.40 each,,"Toiletries, Health & Beauty"
738305,Nip+Fab Ceramide Fix Overnight Cream 12%,G,true,1199,https://ecom-su-static-prod.wtrecom.com/images/products/3/LN_738305_BP_3.jpg,https://www.waitrose.com/ecom/products/nipfab-ceramide-fix-overnight-cream-12/738305-824870-824871,Nip+Fab Ceramide Fix Overnight Cream 12%,50ml,£19.95,£3.99/10ml,Save 1/3. Was £30.00,"Toiletries, Health & Beauty"
738230,Wilkinson Sword Classic Double Edge,G,false,1200,https://ecom-su-static-prod.wtrecom.com/images/products/3/LN_738230_BP_3.jpg,https://www.waitrose.com/ecom/products/wilkinson-sword-classic-double-edge/738230-683758-683759,Wilkinson Sword Classic Double Edge,Each,£21.00,£21 each,,"Toiletries, Health & Beauty"
736521,Toni & Guy Men Mattifying Putty,G,false,1201,https://ecom-su-static-prod.wtrecom.com/images/products/3/LN_736521_BP_3.jpg,https://www.waitrose.com/ecom/products/toni-guy-men-mattifying-putty/736521-588703-588704,Toni & Guy Men Mattifying Putty,75ml,£7.75,£10.34/100ml,,"Toiletries, Health & Beauty"
736079,Tisserand Little Box Of De-Stress,G,true,1202,https://ecom-su-static-prod.wtrecom.com/images/products/3/LN_736079_BP_3.jpg,https://www.waitrose.com/ecom/products/tisserand-little-box-of-de-stress/736079-744633-744634,Tisserand Little Box Of De-Stress,3x10ml,£10.08,£33.60/100ml,25% Off. Was £13.45,"Toiletries, Health & Beauty"
735908,40D Opaque Tights Black Medium,G,false,1203,https://ecom-su-static-prod.wtrecom.com/images/products/3/LN_735908_BP_3.jpg,https://www.waitrose.com/ecom/products/40d-opaque-tights-black-medium/735908-791366-791367,40D Opaque Tights Black Medium,3s,£8.50,£2.84 each,,"Toiletries, Health & Beauty"
735872,Cantu Coconut Curling Cream,G,true,1204,https://ecom-su-static-prod.wtrecom.com/images/products/3/LN_735872_BP_3.jpg,https://www.waitrose.com/ecom/products/cantu-coconut-curling-cream/735872-746231-746232,Cantu Coconut Curling Cream,340g,£5.60,£1.65/100g,Save 1/3. Was £8.40,"Toiletries, Health & Beauty"
735751,Aussie Aussome Volume Shampoo,G,false,1205,https://ecom-su-static-prod.wtrecom.com/images/products/3/LN_735751_BP_3.jpg,https://www.waitrose.com/ecom/products/aussie-aussome-volume-shampoo/735751-154731-154732,Aussie Aussome Volume Shampoo,500ml,£6.00,£1.20/100ml,,"Toiletries, Health & Beauty"
735441,Olay Retinol 24 Regenerist Normal Night Face Cream,G,true,1206,https://ecom-su-static-prod.wtrecom.com/images/products/3/LN_735441_BP_3.jpg,https://www.waitrose.com/ecom/products/olay-retinol-24-regenerist-normal-night-face-cream/735441-730824-730825,Olay Retinol 24 Regenerist Normal Night Face Cream,50ml,£19.95,£39.90/100ml,Half Price. Was £39.90,"Toiletries, Health & Beauty"
735339,Otex Express Ear Drops,G,true,1207,https://ecom-su-static-prod.wtrecom.com/images/products/3/LN_735339_BP_3.jpg,https://www.waitrose.com/ecom/products/otex-express-ear-drops/735339-185195-185196,Otex Express Ear Drops,10ml,£5.04,£50.40/100ml,20% Off. Was £6.30,"Toiletries, Health & Beauty"
735208,Aveeno Moisturising Creamy Oil,G,false,1208,https://ecom-su-static-prod.wtrecom.com/images/products/3/LN_735208_BP_3.jpg,https://www.waitrose.com/ecom/products/aveeno-moisturising-creamy-oil/735208-504691-504692,Aveeno Moisturising Creamy Oil,300ml,£8.95,£2.99/100ml,,"Toiletries, Health & Beauty"
735101,Balance Me Tripeptide Plumping Cloud Cream,G,true,1209,https://ecom-su-static-prod.wtrecom.com/images/products/3/LN_735101_BP_3.jpg,https://www.waitrose.com/ecom/products/balance-me-tripeptide-plumping-cloud-cream/735101-824866-824867,Balance Me Tripeptide Plumping Cloud Cream,20ml,£20.00,£100/100ml,Buyers Choice,"Toiletries, Health & Beauty"
734175,Compeed Blisters Plasters Mixed Size,G,false,1210,https://ecom-su-static-prod.wtrecom.com/images/products/3/LN_734175_BP_3.jpg,https://www.waitrose.com/ecom/products/compeed-blisters-plasters-mixed-size/734175-788686-788687,Compeed Blisters Plasters Mixed Size,6s,£5.25,87.5p each,,"Toiletries, Health & Beauty"
733947,Super Facialist Invigorating Scrub,G,false,1211,https://ecom-su-static-prod.wtrecom.com/images/products/3/LN_733947_BP_3.jpg,https://www.waitrose.com/ecom/products/super-facialist-invigorating-scrub/733947-772766-772767,Super Facialist Invigorating Scrub,150ml,£9.45,£6.30/100ml,,"Toiletries, Health & Beauty"
733496,Better You Vitamin D 4000 IU Oral Spray,G,false,1212,https://ecom-su-static-prod.wtrecom.com/images/products/3/LN_733496_BP_3.jpg,https://www.waitrose.com/ecom/products/better-you-vitamin-d-4000-iu-oral-spray/733496-788684-788685,Better You Vitamin D 4000 IU Oral Spray,15ml,£9.95,£66.34/100ml,,"Toiletries, Health & Beauty"
733406,Herbal Essences Hello Hydration Conditioner,G,false,1213,https://ecom-su-static-prod.wtrecom.com/images/products/3/LN_733406_BP_3.jpg,https://www.waitrose.com/ecom/products/herbal-essences-hello-hydration-conditioner/733406-793544-793545,Herbal Essences Hello Hydration Conditioner,400ml,£3.00,75p/100ml,,"Toiletries, Health & Beauty"
733376,Method Antibac Handsoap Orange 350ml,G,false,1214,https://ecom-su-static-prod.wtrecom.com/images/products/3/LN_733376_BP_3.jpg,https://www.waitrose.com/ecom/products/method-antibac-handsoap-orange-350ml/733376-805813-805814,Method Antibac Handsoap Orange 350ml,350ml,£3.50,£1/100ml,,"Toiletries, Health & Beauty"
733154,Sensodyne Clinical White Enamel Strengthening Toothpaste,G,false,1215,https://ecom-su-static-prod.wtrecom.com/images/products/3/LN_733154_BP_3.jpg,https://www.waitrose.com/ecom/products/sensodyne-clinical-white-enamel-strengthening-toothpaste/733154-822199-822200,Sensodyne Clinical White Enamel Strengthening Toothpaste,75ml,£10.00,£13.34/100ml,,"Toiletries, Health & Beauty"
732577,Goodrays CBD Zen Oil,G,false,1216,https://ecom-su-static-prod.wtrecom.com/images/products/3/LN_732577_BP_3.jpg,https://www.waitrose.com/ecom/products/goodrays-cbd-zen-oil/732577-803892-803893,Goodrays CBD Zen Oil,15ml,£24.95,£166.34/100ml,,"Toiletries, Health & Beauty"
732551,Neal's Yard Garden Mint Hand Wash,G,false,1217,https://ecom-su-static-prod.wtrecom.com/images/products/3/LN_732551_BP_3.jpg,https://www.waitrose.com/ecom/products/neals-yard-garden-mint-hand-wash/732551-104083-104084,Neal's Yard Garden Mint Hand Wash,200ml,£15.00,£7.50/100ml,,"Toiletries, Health & Beauty"
732054,Durex Real Feel Non Latex Condoms,G,false,1218,https://ecom-su-static-prod.wtrecom.com/images/products/3/LN_732054_BP_3.jpg,https://www.waitrose.com/ecom/products/durex-real-feel-non-latex-condoms/732054-339027-339028,Durex Real Feel Non Latex Condoms,12s,£18.15,£1.52 each,,"Toiletries, Health & Beauty"
731535,Nivea Light Day Cream,G,true,1219,https://ecom-su-static-prod.wtrecom.com/images/products/3/LN_731535_BP_3.jpg,https://www.waitrose.com/ecom/products/nivea-light-day-cream/731535-103915-103916,Nivea Light Day Cream,50ml,£3.33,£6.66/100ml,Save 1/3. Was £5.00,"Toiletries, Health & Beauty"
731301,Calcough Children's Syrup,G,false,1220,https://ecom-su-static-prod.wtrecom.com/images/products/3/LN_731301_BP_3.jpg,https://www.waitrose.com/ecom/products/calcough-childrens-syrup/731301-522792-522793,Calcough Children's Syrup,125ml,£5.15,£4.12/100ml,,"Toiletries, Health & Beauty"
730693,Pre & Probiotic Cleansing Milk,G,false,1221,https://ecom-su-static-prod.wtrecom.com/images/products/3/LN_730693_BP_3.jpg,https://www.waitrose.com/ecom/products/pre-probiotic-cleansing-milk/730693-800522-800523,Pre & Probiotic Cleansing Milk,180ml,£22.00,£12.23/100ml,,"Toiletries, Health & Beauty"
730063,Heath Rescue Hair + Body Wash,G,false,1222,https://ecom-su-static-prod.wtrecom.com/images/products/3/LN_730063_BP_3.jpg,https://www.waitrose.com/ecom/products/heath-rescue-hair-body-wash/730063-663832-663833,Heath Rescue Hair + Body Wash,250ml,£8.00,£3.20/100ml,,"Toiletries, Health & Beauty"
729850,E45 Daily Lotion Spray for Dry Skin,G,false,1223,https://ecom-su-static-prod.wtrecom.com/images/products/3/LN_729850_BP_3.jpg,https://www.waitrose.com/ecom/products/e45-daily-lotion-spray-for-dry-skin/729850-577006-577007,E45 Daily Lotion Spray for Dry Skin,200ml,£7.00,£35/litre,,"Toiletries, Health & Beauty"
729677,Bloom & Blossom Lather Up Body Cleanser,G,false,1224,https://ecom-su-static-prod.wtrecom.com/images/products/3/LN_729677_BP_3.jpg,https://www.waitrose.com/ecom/products/bloom-blossom-lather-up-body-cleanser/729677-805811-805812,Bloom & Blossom Lather Up Body Cleanser,500ml,£12.00,£2.40/100ml,,"Toiletries, Health & Beauty"
729085,Eco Warrior Mens Shaving Bar,G,false,1225,https://ecom-su-static-prod.wtrecom.com/images/products/3/LN_729085_BP_3.jpg,https://www.waitrose.com/ecom/products/eco-warrior-mens-shaving-bar/729085-785076-785077,Eco Warrior Mens Shaving Bar,100g,£5.00,£5/100g,,"Toiletries, Health & Beauty"
729027,Colgate Max White Expert Complete Toothpaste,G,false,1226,https://ecom-su-static-prod.wtrecom.com/images/products/3/LN_729027_BP_3.jpg,https://www.waitrose.com/ecom/products/colgate-max-white-expert-complete-toothpaste/729027-658521-658522,Colgate Max White Expert Complete Toothpaste,75ml,£14.00,£18.67/100ml,,"Toiletries, Health & Beauty"
728589,Aussie Colour Mate Conditioner,G,false,1227,https://ecom-su-static-prod.wtrecom.com/images/products/3/LN_728589_BP_3.jpg,https://www.waitrose.com/ecom/products/aussie-colour-mate-conditioner/728589-154723-154724,Aussie Colour Mate Conditioner,350ml,£6.00,£1.72/100ml,,"Toiletries, Health & Beauty"
728150,Bed Head Some Like It Hot Heat Protection Spray,G,false,1228,https://ecom-su-static-prod.wtrecom.com/images/products/3/LN_728150_BP_3.jpg,https://www.waitrose.com/ecom/products/bed-head-some-like-it-hot-heat-protection-spray/728150-809228-809229,Bed Head Some Like It Hot Heat Protection Spray,100ml,£10.50,£10.50/100ml,,"Toiletries, Health & Beauty"
727408,Pro Plus Caffeine Tablets,G,false,1229,https://ecom-su-static-prod.wtrecom.com/images/products/3/LN_727408_BP_3.jpg,https://www.waitrose.com/ecom/products/pro-plus-caffeine-tablets/727408-788682-788683,Pro Plus Caffeine Tablets,10s,£7.45,74.5p each,,"Toiletries, Health & Beauty"
727389,Denman D3 Classic Styling Brush,G,false,1230,https://ecom-su-static-prod.wtrecom.com/images/products/3/LN_727389_BP_3.jpg,https://www.waitrose.com/ecom/products/denman-d3-classic-styling-brush/727389-695701-695702,Denman D3 Classic Styling Brush,Each,£11.55,£11.55 each,,"Toiletries, Health & Beauty"
727287,Cotton Silk Sock…Rose,G,false,1231,https://ecom-su-static-prod.wtrecom.com/images/products/3/LN_727287_BP_3.jpg,https://www.waitrose.com/ecom/products/cotton-silk-sockrose/727287-824063-824064,Cotton Silk Sock…Rose,each,£10.00,£10 each,,"Toiletries, Health & Beauty"
727263,Essential Day & Night Capsules,G,false,1232,https://ecom-su-static-prod.wtrecom.com/images/products/3/LN_727263_BP_3.jpg,https://www.waitrose.com/ecom/products/essential-day-night-capsules/727263-655893-655894,Essential Day & Night Capsules,16s,£2.90,18.1p each,,"Toiletries, Health & Beauty"
725934,Aquafresh Complete Care Extra Fresh Toothpaste,G,false,1233,https://ecom-su-static-prod.wtrecom.com/images/products/3/LN_725934_BP_3.jpg,https://www.waitrose.com/ecom/products/aquafresh-complete-care-extra-fresh-toothpaste/725934-814997-814998,Aquafresh Complete Care Extra Fresh Toothpaste,100ml,£2.00,£2/100ml,,"Toiletries, Health & Beauty"
725429,Daisy Ankle Sock 3pk,G,false,1234,https://ecom-su-static-prod.wtrecom.com/images/products/3/LN_725429_BP_3.jpg,https://www.waitrose.com/ecom/products/daisy-ankle-sock-3pk/725429-818886-818887,Daisy Ankle Sock 3pk,3s,£10.00,£3.34 each,,"Toiletries, Health & Beauty"
725372,Hask Monoi Coconut Oil Nourishing Shampoo,G,true,1235,https://ecom-su-static-prod.wtrecom.com/images/products/3/LN_725372_BP_3.jpg,https://www.waitrose.com/ecom/products/hask-monoi-coconut-oil-nourishing-shampoo/725372-631511-631512,Hask Monoi Coconut Oil Nourishing Shampoo,355ml,£4.93,£13.89/litre,Save 1/3. Was £7.40,"Toiletries, Health & Beauty"
725346,Veet Face Wax Strips,G,false,1236,https://ecom-su-static-prod.wtrecom.com/images/products/3/LN_725346_BP_3.jpg,https://www.waitrose.com/ecom/products/veet-face-wax-strips/725346-802606-802607,Veet Face Wax Strips,20s,£7.99,40p each,,"Toiletries, Health & Beauty"
725245,Oral-B iO Ultimate Clean Black Toothbrush Heads,G,true,1237,https://ecom-su-static-prod.wtrecom.com/images/products/3/LN_725245_BP_3.jpg,https://www.waitrose.com/ecom/products/oral-b-io-ultimate-clean-black-toothbrush-heads/725245-814995-814996,Oral-B iO Ultimate Clean Black Toothbrush Heads,2Each,£14.95,£7.48 each,Half Price. Was £29.99,"Toiletries, Health & Beauty"
725242,Aveeno Fresh Greens Blend Shampoo,G,false,1238,https://ecom-su-static-prod.wtrecom.com/images/products/3/LN_725242_BP_3.jpg,https://www.waitrose.com/ecom/products/aveeno-fresh-greens-blend-shampoo/725242-800510-800511,Aveeno Fresh Greens Blend Shampoo,300ml,£8.40,£2.80/100ml,,"Toiletries, Health & Beauty"
724546,Timotei Precious Oil Conditioner,G,false,1239,https://ecom-su-static-prod.wtrecom.com/images/products/3/LN_724546_BP_3.jpg,https://www.waitrose.com/ecom/products/timotei-precious-oil-conditioner/724546-809224-809225,Timotei Precious Oil Conditioner,300ml,£3.00,£1/100ml,,"Toiletries, Health & Beauty"
724245,Oral-B Smart 4 4500 Toothbrush,G,true,1240,https://ecom-su-static-prod.wtrecom.com/images/products/3/LN_724245_BP_3.jpg,https://www.waitrose.com/ecom/products/oral-b-smart-4-4500-toothbrush/724245-670233-670234,Oral-B Smart 4 4500 Toothbrush,Each,£55.00,£55 each,Better Than Half Price. Was £136.50,"Toiletries, Health & Beauty"
724072,HASK Argan Oil Repairing Shine Hair,G,true,1241,https://ecom-su-static-prod.wtrecom.com/images/products/3/LN_724072_BP_3.jpg,https://www.waitrose.com/ecom/products/hask-argan-oil-repairing-shine-hair/724072-631509-631510,HASK Argan Oil Repairing Shine Hair,18ml,£2.10,£11.67/100ml,Save 1/3. Was £3.15,"Toiletries, Health & Beauty"
723759,Nicotinell Lozenge Nicotine 1mg Mint Large Pack,G,false,1242,https://ecom-su-static-prod.wtrecom.com/images/products/3/LN_723759_BP_3.jpg,https://www.waitrose.com/ecom/products/nicotinell-lozenge-nicotine-1mg-mint-large-pack/723759-719726-719727,Nicotinell Lozenge Nicotine 1mg Mint Large Pack,204s,£27.80,13.6p each,,"Toiletries, Health & Beauty"
723452,Senspa Reviving Body Wash,G,false,1243,https://ecom-su-static-prod.wtrecom.com/images/products/3/LN_723452_BP_3.jpg,https://www.waitrose.com/ecom/products/senspa-reviving-body-wash/723452-767071-767072,Senspa Reviving Body Wash,200ml,£6.50,£3.25/100ml,,"Toiletries, Health & Beauty"
722969,Dentek Eco Triple Clean Plant Based Floss Picks,G,false,1244,https://ecom-su-static-prod.wtrecom.com/images/products/3/LN_722969_BP_3.jpg,https://www.waitrose.com/ecom/products/dentek-eco-triple-clean-plant-based-floss-picks/722969-814993-814994,Dentek Eco Triple Clean Plant Based Floss Picks,36Each,£2.00,5.6p each,,"Toiletries, Health & Beauty"
722728,Old Spice Original Deodorant Stick,G,true,1245,https://ecom-su-static-prod.wtrecom.com/images/products/3/LN_722728_BP_3.jpg,https://www.waitrose.com/ecom/products/old-spice-original-deodorant-stick/722728-527641-527642,Old Spice Original Deodorant Stick,50ml,£2.50,£5/100ml,Save 1/3. Was £3.75,"Toiletries, Health & Beauty"
722569,Mitchum Men Invisible Roll On,G,false,1246,https://ecom-su-static-prod.wtrecom.com/images/products/3/LN_722569_BP_3.jpg,https://www.waitrose.com/ecom/products/mitchum-men-invisible-roll-on/722569-719722-719723,Mitchum Men Invisible Roll On,100ml,£3.50,£3.50/100ml,,"Toiletries, Health & Beauty"
722123,Neal's Yard Lavender & Aloe Vera Deodorant,G,false,1247,https://ecom-su-static-prod.wtrecom.com/images/products/3/LN_722123_BP_3.jpg,https://www.waitrose.com/ecom/products/neals-yard-lavender-aloe-vera-deodorant/722123-375323-375324,Neal's Yard Lavender & Aloe Vera Deodorant,100ml,£11.00,£11/100ml,,"Toiletries, Health & Beauty"
721830,TRESemmé Keratin Smooth Shampoo,G,true,1248,https://ecom-su-static-prod.wtrecom.com/images/products/3/LN_721830_BP_3.jpg,https://www.waitrose.com/ecom/products/tresemme-keratin-smooth-shampoo/721830-809222-809223,TRESemmé Keratin Smooth Shampoo,680ml,£2.63,38.7p/100ml,Save 1/3. Was £3.95,"Toiletries, Health & Beauty"
721796,Sensodyne Pronamel Extra Freshness,G,false,1249,https://ecom-su-static-prod.wtrecom.com/images/products/3/LN_721796_BP_3.jpg,https://www.waitrose.com/ecom/products/sensodyne-pronamel-extra-freshness/721796-793536-793537,Sensodyne Pronamel Extra Freshness,75ml,£5.30,£7.07/100ml,,"Toiletries, Health & Beauty"
720957,Nivea Hydro Care Lip Balm,G,false,1250,https://ecom-su-static-prod.wtrecom.com/images/products/3/LN_720957_BP_3.jpg,https://www.waitrose.com/ecom/products/nivea-hydro-care-lip-balm/720957-813746-813747,Nivea Hydro Care Lip Balm,5.5ml,£3.00,£545.46/litre,,"Toiletries, Health & Beauty"
720647,Bio-Kult Saccharomyces Boulardii Gut Supplement Capsules,G,false,1251,https://ecom-su-static-prod.wtrecom.com/images/products/3/LN_720647_BP_3.jpg,https://www.waitrose.com/ecom/products/bio-kult-saccharomyces-boulardii-gut-supplement-capsules/720647-764628-764629,Bio-Kult Saccharomyces Boulardii Gut Supplement Capsules,30Each,£15.00,50p each,,"Toiletries, Health & Beauty"
720202,Nivea Luminous 630 Anti-Dark Spot Serum,G,false,1252,https://ecom-su-static-prod.wtrecom.com/images/products/3/LN_720202_BP_3.jpg,https://www.waitrose.com/ecom/products/nivea-luminous-630-anti-dark-spot-serum/720202-769192-769193,Nivea Luminous 630 Anti-Dark Spot Serum,30ml,£31.50,£105/100ml,,"Toiletries, Health & Beauty"
719581,TENA Pants Plus Medium,G,false,1253,https://ecom-su-static-prod.wtrecom.com/images/products/3/LN_719581_BP_3.jpg,https://www.waitrose.com/ecom/products/tena-pants-plus-medium/719581-102251-102252,TENA Pants Plus Medium,9s,£10.00,£1.12 each,,"Toiletries, Health & Beauty"
719467,Man Cave Lemon & Oak Shower Gel,G,false,1254,https://ecom-su-static-prod.wtrecom.com/images/products/3/LN_719467_BP_3.jpg,https://www.waitrose.com/ecom/products/man-cave-lemon-oak-shower-gel/719467-588673-588674,Man Cave Lemon & Oak Shower Gel,200ml,£6.00,£3/100ml,,"Toiletries, Health & Beauty"
719186,Ultrasun Sports Spray Sun Gel SPF30,G,true,1255,https://ecom-su-static-prod.wtrecom.com/images/products/3/LN_719186_BP_3.jpg,https://www.waitrose.com/ecom/products/ultrasun-sports-spray-sun-gel-spf30/719186-777388-777389,Ultrasun Sports Spray Sun Gel SPF30,150ml,£22.40,£14.94/100ml,save £5.60. Was £28.00,"Toiletries, Health & Beauty"
717510,Sheer Blonde Activating Condition,G,false,1256,https://ecom-su-static-prod.wtrecom.com/images/products/3/LN_717510_BP_3.jpg,https://www.waitrose.com/ecom/products/sheer-blonde-activating-condition/717510-101959-101960,Sheer Blonde Activating Condition,250ml,£6.00,£2.40/100ml,,"Toiletries, Health & Beauty"
716797,TRESemmé Care & Protect Heat Defence Spray,G,true,1257,https://ecom-su-static-prod.wtrecom.com/images/products/3/LN_716797_BP_3.jpg,https://www.waitrose.com/ecom/products/tresemme-care-protect-heat-defence-spray/716797-747516-747517,TRESemmé Care & Protect Heat Defence Spray,300ml,£4.20,£1.40/100ml,Save 1/3. Was £6.30,"Toiletries, Health & Beauty"
715928,TRESemmé Beauty-Full Strength Conditioner,G,true,1258,https://ecom-su-static-prod.wtrecom.com/images/products/3/LN_715928_BP_3.jpg,https://www.waitrose.com/ecom/products/tresemme-beauty-full-strength-conditioner/715928-800490-800491,TRESemmé Beauty-Full Strength Conditioner,680ml,£2.63,38.7p/100ml,Save 1/3. Was £3.95,"Toiletries, Health & Beauty"
715635,John Lewis Trainer Socks White 5 Pair,G,false,1259,https://ecom-su-static-prod.wtrecom.com/images/products/3/LN_715635_BP_3.jpg,https://www.waitrose.com/ecom/products/john-lewis-trainer-socks-white-5-pair/715635-750498-750499,John Lewis Trainer Socks White 5 Pair,5s,£7.00,£1.40 each,,"Toiletries, Health & Beauty"
715020,Nivea Q10 Power Day Cream 60+,G,true,1260,https://ecom-su-static-prod.wtrecom.com/images/products/3/LN_715020_BP_3.jpg,https://www.waitrose.com/ecom/products/nivea-q10-power-day-cream-60/715020-711780-711781,Nivea Q10 Power Day Cream 60+,50ml,£10.66,£21.32/100ml,Save 1/3. Was £16.00,"Toiletries, Health & Beauty"
715011,Noughty Thirst Aid Conditioning Spray,G,true,1261,https://ecom-su-static-prod.wtrecom.com/images/products/3/LN_715011_BP_3.jpg,https://www.waitrose.com/ecom/products/noughty-thirst-aid-conditioning-spray/715011-695687-695688,Noughty Thirst Aid Conditioning Spray,200ml,£5.30,£2.65/100ml,Save 1/3. Was £7.99,"Toiletries, Health & Beauty"
714909,Nivea Creme,G,false,1262,https://ecom-su-static-prod.wtrecom.com/images/products/3/LN_714909_BP_3.jpg,https://www.waitrose.com/ecom/products/nivea-creme/714909-101588-101589,Nivea Creme,200ml,£6.00,£3/100ml,,"Toiletries, Health & Beauty"
714820,Piz Buin sun protecting Aloe Vera Lipstick SPF 30,G,true,1263,https://ecom-su-static-prod.wtrecom.com/images/products/3/LN_714820_BP_3.jpg,https://www.waitrose.com/ecom/products/piz-buin-sun-protecting-aloe-vera-lipstick-spf-30/714820-806037-806038,Piz Buin sun protecting Aloe Vera Lipstick SPF 30,5g,£4.00,£8/10g,save £1.00. Was £5.00,"Toiletries, Health & Beauty"
714673,Richard Ward Silk Conditioner,G,true,1264,https://ecom-su-static-prod.wtrecom.com/images/products/3/LN_714673_BP_3.jpg,https://www.waitrose.com/ecom/products/richard-ward-silk-conditioner/714673-757427-757428,Richard Ward Silk Conditioner,300ml,£4.00,£1.34/100ml,Half Price. Was £8.00,"Toiletries, Health & Beauty"
714106,Seven Seas Omega 3 + Magnesium,G,false,1265,https://ecom-su-static-prod.wtrecom.com/images/products/3/LN_714106_BP_3.jpg,https://www.waitrose.com/ecom/products/seven-seas-omega-3-magnesium/714106-764585-764585,Seven Seas Omega 3 + Magnesium,30s,£21.00,70p each,,"Toiletries, Health & Beauty"
714048,Deep Heat Max Strength,G,true,1266,https://ecom-su-static-prod.wtrecom.com/images/products/3/LN_714048_BP_3.jpg,https://www.waitrose.com/ecom/products/deep-heat-max-strength/714048-131729-131730,Deep Heat Max Strength,35g,£4.00,£11.43/100g,save £1.25. Was £5.25,"Toiletries, Health & Beauty"
713800,40D Opaque Tights Black Small,G,false,1267,https://ecom-su-static-prod.wtrecom.com/images/products/3/LN_713800_BP_3.jpg,https://www.waitrose.com/ecom/products/40d-opaque-tights-black-small/713800-791362-791363,40D Opaque Tights Black Small,3s,£8.50,£2.84 each,,"Toiletries, Health & Beauty"
712615,Seven Seas Cod Liver Oil & Multivitamins,G,false,1268,https://ecom-su-static-prod.wtrecom.com/images/products/3/LN_712615_BP_3.jpg,https://www.waitrose.com/ecom/products/seven-seas-cod-liver-oil-multivitamins/712615-625218-625219,Seven Seas Cod Liver Oil & Multivitamins,90s,£12.60,14p each,,"Toiletries, Health & Beauty"
712155,Lemsip Max Honey & Ginger,G,false,1269,https://ecom-su-static-prod.wtrecom.com/images/products/3/LN_712155_BP_3.jpg,https://www.waitrose.com/ecom/products/lemsip-max-honey-ginger/712155-810442-810443,Lemsip Max Honey & Ginger,10Each,£6.00,60p each,,"Toiletries, Health & Beauty"
711086,Head & Shoulders Supreme Moisture,G,true,1270,https://ecom-su-static-prod.wtrecom.com/images/products/3/LN_711086_BP_3.jpg,https://www.waitrose.com/ecom/products/head-shoulders-supreme-moisture/711086-652694-652695,Head & Shoulders Supreme Moisture,400ml,£3.50,87.5p/100ml,save £1.50. Was £5.00,"Toiletries, Health & Beauty"
710801,Pregnacare Breast-Feeding,G,false,1271,https://ecom-su-static-prod.wtrecom.com/images/products/3/LN_710801_BP_3.jpg,https://www.waitrose.com/ecom/products/pregnacare-breast-feeding/710801-100988-100988,Pregnacare Breast-Feeding,84s,£16.80,20p each,,"Toiletries, Health & Beauty"
710615,10D 3PP Tights Almond XL,G,false,1272,https://ecom-su-static-prod.wtrecom.com/images/products/3/LN_710615_BP_3.jpg,https://www.waitrose.com/ecom/products/10d-3pp-tights-almond-xl/710615-819820-819821,10D 3PP Tights Almond XL,3s,£8.00,£2.67 each,,"Toiletries, Health & Beauty"
710561,Men's Black case and Fresh Cotton and Sea Salt deodorant 4,G,false,1273,https://ecom-su-static-prod.wtrecom.com/images/products/3/LN_710561_BP_3.jpg,https://www.waitrose.com/ecom/products/mens-black-case-and-fresh-cotton-and-sea-salt-deodorant-4/710561-804588-804589,Men's Black case and Fresh Cotton and Sea Salt deodorant 4,40g,£13.65,£34.13/100g,,"Toiletries, Health & Beauty"
710401,Trainer Sock White/ Blue/ Green 3Pk,G,false,1274,https://ecom-su-static-prod.wtrecom.com/images/products/3/LN_710401_BP_3.jpg,https://www.waitrose.com/ecom/products/trainer-sock-white-blue-green-3pk/710401-818868-818869,Trainer Sock White/ Blue/ Green 3Pk,3s,£8.00,£2.67 each,,"Toiletries, Health & Beauty"
709915,L'Oréal Casting Crème Gloss 500 Medium Brown,G,true,1275,https://ecom-su-static-prod.wtrecom.com/images/products/3/LN_709915_BP_3.jpg,https://www.waitrose.com/ecom/products/loreal-casting-creme-gloss-500-medium-brown/709915-100841-100842,L'Oréal Casting Crème Gloss 500 Medium Brown,Each,£10.50,£10.50 each,Add 2 for £12,"Toiletries, Health & Beauty"
709328,Nivea Express Hydration Lotion,G,false,1276,https://ecom-su-static-prod.wtrecom.com/images/products/3/LN_709328_BP_3.jpg,https://www.waitrose.com/ecom/products/nivea-express-hydration-lotion/709328-681113-681114,Nivea Express Hydration Lotion,400ml,£6.30,£1.58/100ml,,"Toiletries, Health & Beauty"
709318,StylTom Stylefile 2 3in1 File,G,false,1277,https://ecom-su-static-prod.wtrecom.com/images/products/3/LN_709318_BP_3.jpg,https://www.waitrose.com/ecom/products/styltom-stylefile-2-3in1-file/709318-514291-514292,StylTom Stylefile 2 3in1 File,Each,£4.10,£4.10 each,,"Toiletries, Health & Beauty"
708402,Argan+ Shine Shampoo,G,true,1278,https://ecom-su-static-prod.wtrecom.com/images/products/3/LN_708402_BP_3.jpg,https://www.waitrose.com/ecom/products/argan-shine-shampoo/708402-762102-762103,Argan+ Shine Shampoo,300ml,£6.25,£2.09/100ml,Add 2 get 2nd half price Cheaper Item Half Price,"Toiletries, Health & Beauty"
707705,Cowshed Refresh Hand Cream,G,true,1279,https://ecom-su-static-prod.wtrecom.com/images/products/3/LN_707705_BP_3.jpg,https://www.waitrose.com/ecom/products/cowshed-refresh-hand-cream/707705-706537-706538,Cowshed Refresh Hand Cream,50ml,£6.00,£12/100ml,25% Off. Was £8.00,"Toiletries, Health & Beauty"
707140,L'Oreal Paris Age Perfect Toner,G,false,1280,https://ecom-su-static-prod.wtrecom.com/images/products/3/LN_707140_BP_3.jpg,https://www.waitrose.com/ecom/products/loreal-paris-age-perfect-toner/707140-504609-504610,L'Oreal Paris Age Perfect Toner,200ml,£5.25,£2.63/100ml,,"Toiletries, Health & Beauty"
706784,Oral-B Vitality Pro Black Toothbrush,G,true,1281,https://ecom-su-static-prod.wtrecom.com/images/products/3/LN_706784_BP_3.jpg,https://www.waitrose.com/ecom/products/oral-b-vitality-pro-black-toothbrush/706784-793532-793533,Oral-B Vitality Pro Black Toothbrush,Each,£25.00,£25 each,Half Price. Was £50.00,"Toiletries, Health & Beauty"
706759,Essential Strength Congestion,G,false,1282,https://ecom-su-static-prod.wtrecom.com/images/products/3/LN_706759_BP_3.jpg,https://www.waitrose.com/ecom/products/essential-strength-congestion/706759-655851-655852,Essential Strength Congestion,12s,£1.80,15p each,,"Toiletries, Health & Beauty"
705657,Nature's Bounty Vitamin D3 (1000 IU,G,true,1283,https://ecom-su-static-prod.wtrecom.com/images/products/3/LN_705657_BP_3.jpg,https://www.waitrose.com/ecom/products/natures-bounty-vitamin-d3-1000-iu/705657-746219-746220,Nature's Bounty Vitamin D3 (1000 IU,100s,£6.00,6p each,Save 1/3. Was £9.00,"Toiletries, Health & Beauty"
705609,Toni & Guy Men Moulding Clay,G,false,1284,https://ecom-su-static-prod.wtrecom.com/images/products/3/LN_705609_BP_3.jpg,https://www.waitrose.com/ecom/products/toni-guy-men-moulding-clay/705609-588663-588664,Toni & Guy Men Moulding Clay,75ml,£7.90,£10.54/100ml,,"Toiletries, Health & Beauty"
705468,Garnier Vitamin C Eye,G,true,1285,https://ecom-su-static-prod.wtrecom.com/images/products/3/LN_705468_BP_3.jpg,https://www.waitrose.com/ecom/products/garnier-vitamin-c-eye/705468-824855-824856,Garnier Vitamin C Eye,15ml,£7.33,£48.87/100ml,Save 1/3. Was £11.00,"Toiletries, Health & Beauty"
705453,Essential Nicotine Replacement 2mg,G,false,1286,https://ecom-su-static-prod.wtrecom.com/images/products/3/LN_705453_BP_3.jpg,https://www.waitrose.com/ecom/products/essential-nicotine-replacement-2mg/705453-655849-655850,Essential Nicotine Replacement 2mg,72s,£8.70,12.1p each,,"Toiletries, Health & Beauty"
705309,Cowshed Replenish Bath & Shower Gel,G,true,1287,https://ecom-su-static-prod.wtrecom.com/images/products/3/LN_705309_BP_3.jpg,https://www.waitrose.com/ecom/products/cowshed-replenish-bath-shower-gel/705309-706535-706536,Cowshed Replenish Bath & Shower Gel,300ml,£16.50,£5.50/100ml,25% Off. Was £22.00,"Toiletries, Health & Beauty"
705171,Neutrogena Norwegian Hand Cream,G,true,1288,https://ecom-su-static-prod.wtrecom.com/images/products/3/LN_705171_BP_3.jpg,https://www.waitrose.com/ecom/products/neutrogena-norwegian-hand-cream/705171-719688-719689,Neutrogena Norwegian Hand Cream,50ml,£2.63,£5.26/100ml,Save 1/3. Was £3.95,"Toiletries, Health & Beauty"
704817,Anusol Cream,G,false,1289,https://ecom-su-static-prod.wtrecom.com/images/products/3/LN_704817_BP_3.jpg,https://www.waitrose.com/ecom/products/anusol-cream/704817-131723-131724,Anusol Cream,23g,£4.85,£21.09/100g,,"Toiletries, Health & Beauty"
704765,SiS Go Hydro Pineapple,G,false,1290,https://ecom-su-static-prod.wtrecom.com/images/products/3/LN_704765_BP_3.jpg,https://www.waitrose.com/ecom/products/sis-go-hydro-pineapple/704765-741294-741295,SiS Go Hydro Pineapple,20x4.2g,£8.00,£9.53/100g,,"Toiletries, Health & Beauty"
704447,OGX Keratin Smoothing Shampoo,G,true,1291,https://ecom-su-static-prod.wtrecom.com/images/products/3/LN_704447_BP_3.jpg,https://www.waitrose.com/ecom/products/ogx-keratin-smoothing-shampoo/704447-780735-780736,OGX Keratin Smoothing Shampoo,385ml,£4.72,£1.23/100ml,Half Price. Was £9.45,"Toiletries, Health & Beauty"
702524,Herbal Essences Coconut Hydrate Conditioner,G,false,1292,https://ecom-su-static-prod.wtrecom.com/images/products/3/LN_702524_BP_3.jpg,https://www.waitrose.com/ecom/products/herbal-essences-coconut-hydrate-conditioner/702524-770138-770139,Herbal Essences Coconut Hydrate Conditioner,250ml,£4.75,£1.90/100ml,,"Toiletries, Health & Beauty"
702089,Cowshed Relax Bath & Shower Gel,G,true,1293,https://ecom-su-static-prod.wtrecom.com/images/products/3/LN_702089_BP_3.jpg,https://www.waitrose.com/ecom/products/cowshed-relax-bath-shower-gel/702089-706529-706530,Cowshed Relax Bath & Shower Gel,300ml,£16.50,£5.50/100ml,25% Off. Was £22.00,"Toiletries, Health & Beauty"
701497,Colpermin IBS Relief Capsules,G,false,1294,https://ecom-su-static-prod.wtrecom.com/images/products/3/LN_701497_BP_3.jpg,https://www.waitrose.com/ecom/products/colpermin-ibs-relief-capsules/701497-99560-99561,Colpermin IBS Relief Capsules,20s,£8.80,44p each,,"Toiletries, Health & Beauty"
701327,NIVEA Luminous630 Anti-Stretch Mark Body Oil-Serum,G,false,1295,https://ecom-su-static-prod.wtrecom.com/images/products/3/LN_701327_BP_3.jpg,https://www.waitrose.com/ecom/products/nivea-luminous630-anti-stretch-mark-body-oil-serum/701327-824853-824854,NIVEA Luminous630 Anti-Stretch Mark Body Oil-Serum,100ml,£15.00,£15/100ml,,"Toiletries, Health & Beauty"
701106,Solgar Vitamin D3 (Cholecalciferol),G,false,1296,https://ecom-su-static-prod.wtrecom.com/images/products/3/LN_701106_BP_3.jpg,https://www.waitrose.com/ecom/products/solgar-vitamin-d3-cholecalciferol/701106-746217-746218,Solgar Vitamin D3 (Cholecalciferol),90s,£10.00,11.1p each,,"Toiletries, Health & Beauty"
700891,L'Oréal Casting Crème Gloss 300 Darkest Brown,G,true,1297,https://ecom-su-static-prod.wtrecom.com/images/products/3/LN_700891_BP_3.jpg,https://www.waitrose.com/ecom/products/loreal-casting-creme-gloss-300-darkest-brown/700891-99476-99477,L'Oréal Casting Crème Gloss 300 Darkest Brown,Each,£10.50,£10.50 each,Add 2 for £12,"Toiletries, Health & Beauty"
700580,L'Oréal Elvive Full Resist Aminexil Serum,G,false,1298,https://ecom-su-static-prod.wtrecom.com/images/products/3/LN_700580_BP_3.jpg,https://www.waitrose.com/ecom/products/loreal-elvive-full-resist-aminexil-serum/700580-800460-800461,L'Oréal Elvive Full Resist Aminexil Serum,100ml,£12.60,£12.60/100ml,,"Toiletries, Health & Beauty"
700351,Tampax Pearl Regular Tampons With Applicator,G,true,1299,https://ecom-su-static-prod.wtrecom.com/images/products/3/LN_700351_BP_3.jpg,https://www.waitrose.com/ecom/products/tampax-pearl-regular-tampons-with-applicator/700351-99412-99413,Tampax Pearl Regular Tampons With Applicator,18s,£3.40,18.9p each,Add 3 for £9,"Toiletries, Health & Beauty"
700194,Stérimar Congestion Cold Relief Spray,G,false,1300,https://ecom-su-static-prod.wtrecom.com/images/products/3/LN_700194_BP_3.jpg,https://www.waitrose.com/ecom/products/sterimar-congestion-cold-relief-spray/700194-764480-764481,Stérimar Congestion Cold Relief Spray,50ml,£5.25,£10.50/100ml,,"Toiletries, Health & Beauty"
699638,L'Oréal Revitalift Filler,G,false,1301,https://ecom-su-static-prod.wtrecom.com/images/products/3/LN_699638_BP_3.jpg,https://www.waitrose.com/ecom/products/loreal-revitalift-filler/699638-752499-752500,L'Oréal Revitalift Filler,30ml,£33.60,£112/100ml,,"Toiletries, Health & Beauty"
699436,Cowshed Indulge Bath & Shower Gel,G,true,1302,https://ecom-su-static-prod.wtrecom.com/images/products/3/LN_699436_BP_3.jpg,https://www.waitrose.com/ecom/products/cowshed-indulge-bath-shower-gel/699436-706527-706528,Cowshed Indulge Bath & Shower Gel,300ml,£16.50,£5.50/100ml,25% Off. Was £22.00,"Toiletries, Health & Beauty"
699343,Benylin Dry & Tickly Cough Syrup,G,false,1303,https://ecom-su-static-prod.wtrecom.com/images/products/3/LN_699343_BP_3.jpg,https://www.waitrose.com/ecom/products/benylin-dry-tickly-cough-syrup/699343-612254-612255,Benylin Dry & Tickly Cough Syrup,150ml,£6.45,£4.30/100ml,,"Toiletries, Health & Beauty"
699041,Bassetts Vitamins Omega-3 & Multivitamins 3-6 Years,G,false,1304,https://ecom-su-static-prod.wtrecom.com/images/products/3/LN_699041_BP_3.jpg,https://www.waitrose.com/ecom/products/bassetts-vitamins-omega-3-multivitamins-3-6-years/699041-454645-454646,Bassetts Vitamins Omega-3 & Multivitamins 3-6 Years,30s,£6.30,21p each,,"Toiletries, Health & Beauty"
698855,John Lewis Ankle Socks White 5 Pair,G,false,1305,https://ecom-su-static-prod.wtrecom.com/images/products/3/LN_698855_BP_3.jpg,https://www.waitrose.com/ecom/products/john-lewis-ankle-socks-white-5-pair/698855-750404-750405,John Lewis Ankle Socks White 5 Pair,5s,£9.00,£1.80 each,,"Toiletries, Health & Beauty"
698280,Waitrose Pure Micellar Water,G,false,1306,https://ecom-su-static-prod.wtrecom.com/images/products/3/LN_698280_BP_3.jpg,https://www.waitrose.com/ecom/products/waitrose-pure-micellar-water/698280-772762-772763,Waitrose Pure Micellar Water,250ml,£2.50,£1/100ml,,"Toiletries, Health & Beauty"
697936,Garnier Moisture Vitamin C Mask,G,false,1307,https://ecom-su-static-prod.wtrecom.com/images/products/3/LN_697936_BP_3.jpg,https://www.waitrose.com/ecom/products/garnier-moisture-vitamin-c-mask/697936-824851-824852,Garnier Moisture Vitamin C Mask,28ml,£3.50,£12.50/100ml,,"Toiletries, Health & Beauty"
697376,Wilkinson Sword Hydro 5 Advanced Men's Razor,G,false,1308,https://ecom-su-static-prod.wtrecom.com/images/products/3/LN_697376_BP_3.jpg,https://www.waitrose.com/ecom/products/wilkinson-sword-hydro-5-advanced-mens-razor/697376-746215-746216,Wilkinson Sword Hydro 5 Advanced Men's Razor,Each,£10.50,£10.50 each,,"Toiletries, Health & Beauty"
697206,Waken Whitening Toothpaste,G,true,1309,https://ecom-su-static-prod.wtrecom.com/images/products/3/LN_697206_BP_3.jpg,https://www.waitrose.com/ecom/products/waken-whitening-toothpaste/697206-793528-793529,Waken Whitening Toothpaste,75ml,£5.30,£7.07/100ml,Save 1/3. Was £8.00,"Toiletries, Health & Beauty"
696632,Richard Ward Densi- Growth Shampoo,G,true,1310,https://ecom-su-static-prod.wtrecom.com/images/products/3/LN_696632_BP_3.jpg,https://www.waitrose.com/ecom/products/richard-ward-densi-growth-shampoo/696632-757415-757416,Richard Ward Densi- Growth Shampoo,300ml,£4.00,£1.34/100ml,Half Price. Was £8.00,"Toiletries, Health & Beauty"
696111,TENA Pants Super Large,G,false,1311,https://ecom-su-static-prod.wtrecom.com/images/products/3/LN_696111_BP_3.jpg,https://www.waitrose.com/ecom/products/tena-pants-super-large/696111-328356-328357,TENA Pants Super Large,12s,£14.65,£1.23 each,,"Toiletries, Health & Beauty"
695872,L'Oreal Men Expert Hydra Energetic Moisturiser,G,false,1312,https://ecom-su-static-prod.wtrecom.com/images/products/3/LN_695872_BP_3.jpg,https://www.waitrose.com/ecom/products/loreal-men-expert-hydra-energetic-moisturiser/695872-504573-504574,L'Oreal Men Expert Hydra Energetic Moisturiser,50ml,£9.45,£18.90/100ml,,"Toiletries, Health & Beauty"
695671,Colgate Sensitive Instant Relief Toothpaste,G,false,1313,https://ecom-su-static-prod.wtrecom.com/images/products/3/LN_695671_BP_3.jpg,https://www.waitrose.com/ecom/products/colgate-sensitive-instant-relief-toothpaste/695671-822191-822192,Colgate Sensitive Instant Relief Toothpaste,75ml,£6.00,£8/100ml,,"Toiletries, Health & Beauty"
695650,Solgar Ester-C Plus 1000mg Vit C,G,false,1314,https://ecom-su-static-prod.wtrecom.com/images/products/3/LN_695650_BP_3.jpg,https://www.waitrose.com/ecom/products/solgar-ester-c-plus-1000mg-vit-c/695650-746213-746214,Solgar Ester-C Plus 1000mg Vit C,30s,£14.00,46.7p each,,"Toiletries, Health & Beauty"
695275,Tisserand Restore Balance Body Oil,G,true,1315,https://ecom-su-static-prod.wtrecom.com/images/products/3/LN_695275_BP_3.jpg,https://www.waitrose.com/ecom/products/tisserand-restore-balance-body-oil/695275-788664-788665,Tisserand Restore Balance Body Oil,100ml,£9.37,£9.37/100ml,25% Off. Was £12.50,"Toiletries, Health & Beauty"
695202,Neal's Yard Frankincense Face Wash,G,false,1316,https://ecom-su-static-prod.wtrecom.com/images/products/3/LN_695202_BP_3.jpg,https://www.waitrose.com/ecom/products/neals-yard-frankincense-face-wash/695202-136100-136101,Neal's Yard Frankincense Face Wash,100ml,£19.00,£19/100ml,,"Toiletries, Health & Beauty"
695100,Colgate 360 Black Toothbrush,G,true,1317,https://ecom-su-static-prod.wtrecom.com/images/products/3/LN_695100_BP_3.jpg,https://www.waitrose.com/ecom/products/colgate-360-black-toothbrush/695100-612228-612229,Colgate 360 Black Toothbrush,Each,£2.50,£2.50 each,save £2.25. Was £4.75,"Toiletries, Health & Beauty"
694820,Oral-B Vitality Plus 3D White Toothbrush,G,false,1318,https://ecom-su-static-prod.wtrecom.com/images/products/3/LN_694820_BP_3.jpg,https://www.waitrose.com/ecom/products/oral-b-vitality-plus-3d-white-toothbrush/694820-461722-461723,Oral-B Vitality Plus 3D White Toothbrush,Each,£50.00,£50 each,,"Toiletries, Health & Beauty"
694546,Burt's Bees Pomegranate Lip Balm,G,false,1319,https://ecom-su-static-prod.wtrecom.com/images/products/3/LN_694546_BP_3.jpg,https://www.waitrose.com/ecom/products/burts-bees-pomegranate-lip-balm/694546-752495-752496,Burt's Bees Pomegranate Lip Balm,4.25g,£5.00,£117.65/100g,,"Toiletries, Health & Beauty"
694471,Ambre Solaire Dry Mist SPF30,G,false,1320,https://ecom-su-static-prod.wtrecom.com/images/products/3/LN_694471_BP_3.jpg,https://www.waitrose.com/ecom/products/ambre-solaire-dry-mist-spf30/694471-823945-823946,Ambre Solaire Dry Mist SPF30,200ml,£8.75,£4.38/100ml,,"Toiletries, Health & Beauty"
694313,Dove Body Love Barrier Body Lotion,G,true,1321,https://ecom-su-static-prod.wtrecom.com/images/products/3/LN_694313_BP_3.jpg,https://www.waitrose.com/ecom/products/dove-body-love-barrier-body-lotion/694313-824849-824850,Dove Body Love Barrier Body Lotion,400ml,£4.00,£1/100ml,Save 1/3. Was £6.00,"Toiletries, Health & Beauty"
693933,King of Shaves Sensitive Shave Gel,G,false,1322,https://ecom-su-static-prod.wtrecom.com/images/products/3/LN_693933_BP_3.jpg,https://www.waitrose.com/ecom/products/king-of-shaves-sensitive-shave-gel/693933-785042-785043,King of Shaves Sensitive Shave Gel,175ml,£5.25,£3/100ml,,"Toiletries, Health & Beauty"
693787,Neutral Trainer Sock 3Pk,G,false,1323,https://ecom-su-static-prod.wtrecom.com/images/products/3/LN_693787_BP_3.jpg,https://www.waitrose.com/ecom/products/neutral-trainer-sock-3pk/693787-818144-818145,Neutral Trainer Sock 3Pk,3s,£8.00,£2.67 each,,"Toiletries, Health & Beauty"
693594,OGX Brazilian Keratin Conditioner,G,true,1324,https://ecom-su-static-prod.wtrecom.com/images/products/3/LN_693594_BP_3.jpg,https://www.waitrose.com/ecom/products/ogx-brazilian-keratin-conditioner/693594-216779-216780,OGX Brazilian Keratin Conditioner,385ml,£4.20,£1.10/100ml,Half Price. Was £8.40,"Toiletries, Health & Beauty"
693443,L'Oréal Revitalift Laser Renew Night,G,true,1325,https://ecom-su-static-prod.wtrecom.com/images/products/3/LN_693443_BP_3.jpg,https://www.waitrose.com/ecom/products/loreal-revitalift-laser-renew-night/693443-392845-392846,L'Oréal Revitalift Laser Renew Night,50ml,£15.75,£31.50/100ml,Half Price. Was £31.50,"Toiletries, Health & Beauty"
692750,Scholl Verruca & Wart Treatment Pen,G,true,1326,https://ecom-su-static-prod.wtrecom.com/images/products/3/LN_692750_BP_3.jpg,https://www.waitrose.com/ecom/products/scholl-verruca-wart-treatment-pen/692750-723948-723949,Scholl Verruca & Wart Treatment Pen,2g,£13.31,£665.50/100g,25% Off. Was £17.75,"Toiletries, Health & Beauty"
692667,Benylin Mucus Cough,G,false,1327,https://ecom-su-static-prod.wtrecom.com/images/products/3/LN_692667_BP_3.jpg,https://www.waitrose.com/ecom/products/benylin-mucus-cough/692667-98347-98348,Benylin Mucus Cough,150ml,£5.65,£3.77/100ml,,"Toiletries, Health & Beauty"
691966,Vizulize Tired Eye Drops,G,false,1328,https://ecom-su-static-prod.wtrecom.com/images/products/3/LN_691966_BP_3.jpg,https://www.waitrose.com/ecom/products/vizulize-tired-eye-drops/691966-764426-764427,Vizulize Tired Eye Drops,15ml,£2.95,£19.67/100ml,,"Toiletries, Health & Beauty"
691263,Naturtint 5G Light Golden Brown,G,false,1329,https://ecom-su-static-prod.wtrecom.com/images/products/3/LN_691263_BP_3.jpg,https://www.waitrose.com/ecom/products/naturtint-5g-light-golden-brown/691263-472675-472676,Naturtint 5G Light Golden Brown,165ml,£12.99,£7.88/100ml,,"Toiletries, Health & Beauty"
690962,Bulldog Original Face Wash,G,true,1330,https://ecom-su-static-prod.wtrecom.com/images/products/3/LN_690962_BP_3.jpg,https://www.waitrose.com/ecom/products/bulldog-original-face-wash/690962-98121-98122,Bulldog Original Face Wash,150ml,£3.50,£2.34/100ml,Save 1/3. Was £5.25,"Toiletries, Health & Beauty"
690811,Aloe Dent Fluoride Free Whitening Toothpaste,G,true,1331,https://ecom-su-static-prod.wtrecom.com/images/products/3/LN_690811_BP_3.jpg,https://www.waitrose.com/ecom/products/aloe-dent-fluoride-free-whitening-toothpaste/690811-822189-822190,Aloe Dent Fluoride Free Whitening Toothpaste,100ml,£3.65,£3.65/100ml,Save 1/3. Was £5.49,"Toiletries, Health & Beauty"
690685,Percy & Reed Wonder Shampoo,G,true,1332,https://ecom-su-static-prod.wtrecom.com/images/products/3/LN_690685_BP_3.jpg,https://www.waitrose.com/ecom/products/percy-reed-wonder-shampoo/690685-747508-747509,Percy & Reed Wonder Shampoo,250ml,£16.00,£6.40/100ml,Save 1/3. Was £24.00,"Toiletries, Health & Beauty"
690664,Veet Pure Hair Removal Cream for Sensitive Skin,G,false,1333,https://ecom-su-static-prod.wtrecom.com/images/products/3/LN_690664_BP_3.jpg,https://www.waitrose.com/ecom/products/veet-pure-hair-removal-cream-for-sensitive-skin/690664-655823-655824,Veet Pure Hair Removal Cream for Sensitive Skin,200ml,£9.00,£4.50/100ml,,"Toiletries, Health & Beauty"
690485,Gengigel Oral Gel,G,false,1334,https://ecom-su-static-prod.wtrecom.com/images/products/3/LN_690485_BP_3.jpg,https://www.waitrose.com/ecom/products/gengigel-oral-gel/690485-776774-776775,Gengigel Oral Gel,20ml,£8.95,£44.75/100ml,,"Toiletries, Health & Beauty"
689701,Richard Ward Densi- Growth Drops,G,true,1335,https://ecom-su-static-prod.wtrecom.com/images/products/3/LN_689701_BP_3.jpg,https://www.waitrose.com/ecom/products/richard-ward-densi-growth-drops/689701-757409-757410,Richard Ward Densi- Growth Drops,100ml,£4.00,£4/100ml,Half Price. Was £8.00,"Toiletries, Health & Beauty"
689038,Silex Vaginal Infect PH Self Test,G,false,1336,https://ecom-su-static-prod.wtrecom.com/images/products/3/LN_689038_BP_3.jpg,https://www.waitrose.com/ecom/products/silex-vaginal-infect-ph-self-test/689038-812497-812498,Silex Vaginal Infect PH Self Test,20g,£9.00,,,"Toiletries, Health & Beauty"
688518,LOreal Revitalift Clinical 12% Pure,G,true,1337,https://ecom-su-static-prod.wtrecom.com/images/products/3/LN_688518_BP_3.jpg,https://www.waitrose.com/ecom/products/loreal-revitalift-clinical-12-pure/688518-824847-824848,LOreal Revitalift Clinical 12% Pure,30ml,£16.00,£53.34/100ml,Half Price. Was £32.00,"Toiletries, Health & Beauty"
688386,Little Soap Co. Pure English Lavender Handsoap,G,false,1338,https://ecom-su-static-prod.wtrecom.com/images/products/3/LN_688386_BP_3.jpg,https://www.waitrose.com/ecom/products/little-soap-co-pure-english-lavender-handsoap/688386-454583-454584,Little Soap Co. Pure English Lavender Handsoap,250ml,£6.00,£2.40/100ml,,"Toiletries, Health & Beauty"
687860,200D Thermal Tights Black X Large,G,false,1339,https://ecom-su-static-prod.wtrecom.com/images/products/3/LN_687860_BP_3.jpg,https://www.waitrose.com/ecom/products/200d-thermal-tights-black-x-large/687860-791360-791361,200D Thermal Tights Black X Large,each,£10.50,£10.50 each,,"Toiletries, Health & Beauty"
687518,Parla Pro Toothpaste Tabs,G,false,1340,https://ecom-su-static-prod.wtrecom.com/images/products/3/LN_687518_BP_3.jpg,https://www.waitrose.com/ecom/products/parla-pro-toothpaste-tabs/687518-776770-776771,Parla Pro Toothpaste Tabs,62s,£11.55,18.6p each,,"Toiletries, Health & Beauty"
687507,Nicorette Icy White 2mg Gum,G,false,1341,https://ecom-su-static-prod.wtrecom.com/images/products/3/LN_687507_BP_3.jpg,https://www.waitrose.com/ecom/products/nicorette-icy-white-2mg-gum/687507-131713-131714,Nicorette Icy White 2mg Gum,105s,£17.85,17p each,,"Toiletries, Health & Beauty"
687250,Balance Me Moisture Rich Face Cream,G,false,1342,https://ecom-su-static-prod.wtrecom.com/images/products/3/LN_687250_BP_3.jpg,https://www.waitrose.com/ecom/products/balance-me-moisture-rich-face-cream/687250-136092-136093,Balance Me Moisture Rich Face Cream,50ml,£26.00,£52/100ml,,"Toiletries, Health & Beauty"
687247,Curaprox Interdental Starter Kit,G,true,1343,https://ecom-su-static-prod.wtrecom.com/images/products/3/LN_687247_BP_3.jpg,https://www.waitrose.com/ecom/products/curaprox-interdental-starter-kit/687247-776768-776769,Curaprox Interdental Starter Kit,1Each,£6.00,£6 each,25% Off. Was £8.00,"Toiletries, Health & Beauty"
687195,Richard Ward Anti- Age Marula Oil,G,true,1344,https://ecom-su-static-prod.wtrecom.com/images/products/3/LN_687195_BP_3.jpg,https://www.waitrose.com/ecom/products/richard-ward-anti-age-marula-oil/687195-757407-757408,Richard Ward Anti- Age Marula Oil,100ml,£4.00,£4/100ml,Half Price. Was £8.00,"Toiletries, Health & Beauty"
686256,Satin Care Olay Shave Gel,G,true,1345,https://ecom-su-static-prod.wtrecom.com/images/products/3/LN_686256_BP_3.jpg,https://www.waitrose.com/ecom/products/satin-care-olay-shave-gel/686256-483365-483366,Satin Care Olay Shave Gel,200ml,£2.65,£1.33/100ml,Save 1/3. Was £4.00,"Toiletries, Health & Beauty"
685907,Bed Head After Party Smoothing Cream,G,false,1346,https://ecom-su-static-prod.wtrecom.com/images/products/3/LN_685907_BP_3.jpg,https://www.waitrose.com/ecom/products/bed-head-after-party-smoothing-cream/685907-809212-809213,Bed Head After Party Smoothing Cream,100ml,£13.65,£13.65/100ml,,"Toiletries, Health & Beauty"
685472,HASK Keratin Protein Conditioner,G,true,1347,https://ecom-su-static-prod.wtrecom.com/images/products/3/LN_685472_BP_3.jpg,https://www.waitrose.com/ecom/products/hask-keratin-protein-conditioner/685472-631465-631466,HASK Keratin Protein Conditioner,355ml,£4.93,£1.39/100ml,Save 1/3. Was £7.40,"Toiletries, Health & Beauty"
685158,Burt's Bees Beeswax Lip Balm,G,true,1348,https://ecom-su-static-prod.wtrecom.com/images/products/3/LN_685158_BP_3.jpg,https://www.waitrose.com/ecom/products/burts-bees-beeswax-lip-balm/685158-667135-667136,Burt's Bees Beeswax Lip Balm,4.25g,£5.00,£117.65/100g,Buyers Choice,"Toiletries, Health & Beauty"
684916,Cotton Velvet Tights Black Large,G,false,1349,https://ecom-su-static-prod.wtrecom.com/images/products/3/LN_684916_BP_3.jpg,https://www.waitrose.com/ecom/products/cotton-velvet-tights-black-large/684916-790499-790500,Cotton Velvet Tights Black Large,each,£11.00,£11 each,,"Toiletries, Health & Beauty"
684789,Childs Farm Conditioner,G,false,1350,https://ecom-su-static-prod.wtrecom.com/images/products/3/LN_684789_BP_3.jpg,https://www.waitrose.com/ecom/products/childs-farm-conditioner/684789-666247-666248,Childs Farm Conditioner,500ml,£8.40,£1.68/100ml,,"Toiletries, Health & Beauty"
684446,Method Antibac Rhubarb Handsoap,G,false,1351,https://ecom-su-static-prod.wtrecom.com/images/products/3/LN_684446_BP_3.jpg,https://www.waitrose.com/ecom/products/method-antibac-rhubarb-handsoap/684446-805801-805802,Method Antibac Rhubarb Handsoap,350ml,£3.50,£1/100ml,,"Toiletries, Health & Beauty"
683982,L'Oreal Men Expert Power Age Revitalising Moisturiser,G,false,1352,https://ecom-su-static-prod.wtrecom.com/images/products/3/LN_683982_BP_3.jpg,https://www.waitrose.com/ecom/products/loreal-men-expert-power-age-revitalising-moisturiser/683982-812932-812933,L'Oreal Men Expert Power Age Revitalising Moisturiser,50ml,£16.00,£32/100ml,,"Toiletries, Health & Beauty"
683465,Ultrasun Kids Sun Lotion SPF50+,G,true,1353,https://ecom-su-static-prod.wtrecom.com/images/products/3/LN_683465_BP_3.jpg,https://www.waitrose.com/ecom/products/ultrasun-kids-sun-lotion-spf50/683465-823941-823942,Ultrasun Kids Sun Lotion SPF50+,150ml,£25.60,,save £6.40. Was £32.00,"Toiletries, Health & Beauty"
683345,Durex Thin Feel Condoms,G,false,1354,https://ecom-su-static-prod.wtrecom.com/images/products/3/LN_683345_BP_3.jpg,https://www.waitrose.com/ecom/products/durex-thin-feel-condoms/683345-423185-423186,Durex Thin Feel Condoms,20s,£17.35,86.8p each,,"Toiletries, Health & Beauty"
682901,Lanolips Tinted Balm SPF 30 Nude,G,false,1355,https://ecom-su-static-prod.wtrecom.com/images/products/3/LN_682901_BP_3.jpg,https://www.waitrose.com/ecom/products/lanolips-tinted-balm-spf-30-nude/682901-788660-788661,Lanolips Tinted Balm SPF 30 Nude,12.5g,£8.00,£64/100g,,"Toiletries, Health & Beauty"
682800,10D 3PP Tights Almond M,G,false,1356,https://ecom-su-static-prod.wtrecom.com/images/products/3/LN_682800_BP_3.jpg,https://www.waitrose.com/ecom/products/10d-3pp-tights-almond-m/682800-819802-819803,10D 3PP Tights Almond M,3s,£8.00,£2.67 each,,"Toiletries, Health & Beauty"
682671,Wellwoman 50+ Tablets,G,false,1357,https://ecom-su-static-prod.wtrecom.com/images/products/3/LN_682671_BP_3.jpg,https://www.waitrose.com/ecom/products/wellwoman-50-tablets/682671-96986-96987,Wellwoman 50+ Tablets,30s,£10.40,34.7p each,,"Toiletries, Health & Beauty"
682364,Head & Shoulders Apple Fresh Shampoo,G,true,1358,https://ecom-su-static-prod.wtrecom.com/images/products/3/LN_682364_BP_3.jpg,https://www.waitrose.com/ecom/products/head-shoulders-apple-fresh-shampoo/682364-793522-793523,Head & Shoulders Apple Fresh Shampoo,400ml,£3.50,87.5p/100ml,save £1.50. Was £5.00,"Toiletries, Health & Beauty"
682022,Naturtint Natural Chestnut 4N,G,false,1359,https://ecom-su-static-prod.wtrecom.com/images/products/3/LN_682022_BP_3.jpg,https://www.waitrose.com/ecom/products/naturtint-natural-chestnut-4n/682022-472603-472604,Naturtint Natural Chestnut 4N,165ml,£12.99,£7.88/100ml,,"Toiletries, Health & Beauty"
681891,OGX Argan Oil Light Miracle Water,G,true,1360,https://ecom-su-static-prod.wtrecom.com/images/products/3/LN_681891_BP_3.jpg,https://www.waitrose.com/ecom/products/ogx-argan-oil-light-miracle-water/681891-800434-800435,OGX Argan Oil Light Miracle Water,177ml,£5.25,£2.97/100ml,Half Price. Was £10.50,"Toiletries, Health & Beauty"
681651,Lynx Gold Body Spray Deodorant,G,true,1361,https://ecom-su-static-prod.wtrecom.com/images/products/3/LN_681651_BP_3.jpg,https://www.waitrose.com/ecom/products/lynx-gold-body-spray-deodorant/681651-735846-735847,Lynx Gold Body Spray Deodorant,250ml,£3.90,£1.56/100ml,25% Off. Was £5.25,"Toiletries, Health & Beauty"
681290,L'Oreal Elvive Glycolic Gloss Shampoo,G,false,1362,https://ecom-su-static-prod.wtrecom.com/images/products/3/LN_681290_BP_3.jpg,https://www.waitrose.com/ecom/products/loreal-elvive-glycolic-gloss-shampoo/681290-820534-820535,L'Oreal Elvive Glycolic Gloss Shampoo,200ml,£13.65,£6.83/100ml,,"Toiletries, Health & Beauty"
680928,Umberto Giannini Curl Jelly Care Conditioner,G,false,1363,https://ecom-su-static-prod.wtrecom.com/images/products/3/LN_680928_BP_3.jpg,https://www.waitrose.com/ecom/products/umberto-giannini-curl-jelly-care-conditioner/680928-695663-695664,Umberto Giannini Curl Jelly Care Conditioner,250ml,£9.40,£3.76/100ml,,"Toiletries, Health & Beauty"
680705,Neutrogena Clear & Defend Facial Wash,G,true,1364,https://ecom-su-static-prod.wtrecom.com/images/products/3/LN_680705_BP_3.jpg,https://www.waitrose.com/ecom/products/neutrogena-clear-defend-facial-wash/680705-824845-824846,Neutrogena Clear & Defend Facial Wash,200ml,£4.00,£2/100ml,Save 1/3. Was £6.00,"Toiletries, Health & Beauty"
680566,"John Lewis 4"" Handheld Fan Rechargeable White",G,false,1365,https://ecom-su-static-prod.wtrecom.com/images/products/3/LN_680566_BP_3.jpg,https://www.waitrose.com/ecom/products/john-lewis-4-handheld-fan-rechargeable-white/680566-691764-691765,"John Lewis 4"" Handheld Fan Rechargeable White",each,£12.00,£12 each,,"Toiletries, Health & Beauty"
679745,Cowshed Sleepy Bath Salts,G,true,1366,https://ecom-su-static-prod.wtrecom.com/images/products/3/LN_679745_BP_3.jpg,https://www.waitrose.com/ecom/products/cowshed-sleepy-bath-salts/679745-706509-706510,Cowshed Sleepy Bath Salts,300g,£18.00,£6/100g,25% Off. Was £24.00,"Toiletries, Health & Beauty"
679711,TePe Angle Interdental Brush Size 2,G,false,1367,https://ecom-su-static-prod.wtrecom.com/images/products/3/LN_679711_BP_3.jpg,https://www.waitrose.com/ecom/products/tepe-angle-interdental-brush-size-2/679711-822181-822182,TePe Angle Interdental Brush Size 2,6Each,£3.75,62.5p each,,"Toiletries, Health & Beauty"
679575,10D 2PP Ladder Resist Tights Almond M,G,false,1368,https://ecom-su-static-prod.wtrecom.com/images/products/3/LN_679575_BP_3.jpg,https://www.waitrose.com/ecom/products/10d-2pp-ladder-resist-tights-almond-m/679575-819798-819799,10D 2PP Ladder Resist Tights Almond M,2s,£15.00,£7.50 each,,"Toiletries, Health & Beauty"
679043,Neutral Fleck Sock 3Pk,G,false,1369,https://ecom-su-static-prod.wtrecom.com/images/products/3/LN_679043_BP_3.jpg,https://www.waitrose.com/ecom/products/neutral-fleck-sock-3pk/679043-818808-818809,Neutral Fleck Sock 3Pk,3s,£10.00,£3.34 each,,"Toiletries, Health & Beauty"
678783,Covonia Chesty Cough Mixture,G,false,1370,https://ecom-su-static-prod.wtrecom.com/images/products/3/LN_678783_BP_3.jpg,https://www.waitrose.com/ecom/products/covonia-chesty-cough-mixture/678783-810432-810433,Covonia Chesty Cough Mixture,150ml,£6.30,£4.20/100ml,,"Toiletries, Health & Beauty"
678723,King of Shaves Advanced Sensitive Shave Oil,G,false,1371,https://ecom-su-static-prod.wtrecom.com/images/products/3/LN_678723_BP_3.jpg,https://www.waitrose.com/ecom/products/king-of-shaves-advanced-sensitive-shave-oil/678723-729742-729743,King of Shaves Advanced Sensitive Shave Oil,30ml,£6.30,£21/100ml,,"Toiletries, Health & Beauty"
678272,Listerine Advanced Gum Treatment,G,false,1372,https://ecom-su-static-prod.wtrecom.com/images/products/3/LN_678272_BP_3.jpg,https://www.waitrose.com/ecom/products/listerine-advanced-gum-treatment/678272-299351-299352,Listerine Advanced Gum Treatment,500ml,£6.30,£1.26/100ml,,"Toiletries, Health & Beauty"
678122,Aveeno Skin Renewal Body Scrub,G,true,1373,https://ecom-su-static-prod.wtrecom.com/images/products/3/LN_678122_BP_3.jpg,https://www.waitrose.com/ecom/products/aveeno-skin-renewal-body-scrub/678122-824843-824844,Aveeno Skin Renewal Body Scrub,200ml,£6.66,£3.33/100ml,Save 1/3. Was £10.00,"Toiletries, Health & Beauty"
677106,Nivea Sun SPF50+ Spray,G,false,1374,https://ecom-su-static-prod.wtrecom.com/images/products/3/LN_677106_BP_3.jpg,https://www.waitrose.com/ecom/products/nivea-sun-spf50-spray/677106-723922-723923,Nivea Sun SPF50+ Spray,200ml,£7.50,£3.75/100ml,,"Toiletries, Health & Beauty"
675873,Neal's Yard Soothing Aromatic Gift Collection,G,false,1375,https://ecom-su-static-prod.wtrecom.com/images/products/3/LN_675873_BP_3.jpg,https://www.waitrose.com/ecom/products/neals-yard-soothing-aromatic-gift-collection/675873-711750-711751,Neal's Yard Soothing Aromatic Gift Collection,527.1g,£25.00,,,"Toiletries, Health & Beauty"
675709,HASK Argan Oil Deep Conditioner,G,false,1376,https://ecom-su-static-prod.wtrecom.com/images/products/3/LN_675709_BP_3.jpg,https://www.waitrose.com/ecom/products/hask-argan-oil-deep-conditioner/675709-695653-695654,HASK Argan Oil Deep Conditioner,50ml,£3.15,£6.30/100ml,,"Toiletries, Health & Beauty"
674839,FyboCalm Wind & Bloating Relief,G,false,1377,https://ecom-su-static-prod.wtrecom.com/images/products/3/LN_674839_BP_3.jpg,https://www.waitrose.com/ecom/products/fybocalm-wind-bloating-relief/674839-810428-810429,FyboCalm Wind & Bloating Relief,30Each,£15.00,50p each,,"Toiletries, Health & Beauty"
674805,TENA Lady Silhouette Noir Plus Pants L,G,true,1378,https://ecom-su-static-prod.wtrecom.com/images/products/3/LN_674805_BP_3.jpg,https://www.waitrose.com/ecom/products/tena-lady-silhouette-noir-plus-pants-l/674805-731653-731654,TENA Lady Silhouette Noir Plus Pants L,8s,£7.00,87.5p each,save £1.50. Was £8.50,"Toiletries, Health & Beauty"
674580,Germolene Antiseptic Cream,G,false,1379,https://ecom-su-static-prod.wtrecom.com/images/products/3/LN_674580_BP_3.jpg,https://www.waitrose.com/ecom/products/germolene-antiseptic-cream/674580-822179-822180,Germolene Antiseptic Cream,55g,£3.50,£6.37/100g,,"Toiletries, Health & Beauty"
674527,Beco Defence Plus Nasal Spray,G,false,1380,https://ecom-su-static-prod.wtrecom.com/images/products/3/LN_674527_BP_3.jpg,https://www.waitrose.com/ecom/products/beco-defence-plus-nasal-spray/674527-746209-746210,Beco Defence Plus Nasal Spray,20ml,£12.60,£63/100ml,,"Toiletries, Health & Beauty"
674353,Gaviscon Double Action Berries Indigestion Liquid,G,false,1381,https://ecom-su-static-prod.wtrecom.com/images/products/3/LN_674353_BP_3.jpg,https://www.waitrose.com/ecom/products/gaviscon-double-action-berries-indigestion-liquid/674353-764318-764319,Gaviscon Double Action Berries Indigestion Liquid,150ml,£6.25,£4.17/100ml,,"Toiletries, Health & Beauty"
673154,Veet Body & Legs Wax Strips,G,false,1382,https://ecom-su-static-prod.wtrecom.com/images/products/3/LN_673154_BP_3.jpg,https://www.waitrose.com/ecom/products/veet-body-legs-wax-strips/673154-802592-802593,Veet Body & Legs Wax Strips,20s,£7.99,40p each,,"Toiletries, Health & Beauty"
670987,INEOS Anti Bacterial Hand Sanitiser Spray,G,false,1383,https://ecom-su-static-prod.wtrecom.com/images/products/3/LN_670987_BP_3.jpg,https://www.waitrose.com/ecom/products/ineos-anti-bacterial-hand-sanitiser-spray/670987-769166-769167,INEOS Anti Bacterial Hand Sanitiser Spray,100ml,£2.75,£2.75/100ml,,"Toiletries, Health & Beauty"
670717,SiS Go Energy Gels Orange,G,false,1384,https://ecom-su-static-prod.wtrecom.com/images/products/3/LN_670717_BP_3.jpg,https://www.waitrose.com/ecom/products/sis-go-energy-gels-orange/670717-741262-741263,SiS Go Energy Gels Orange,6x60ml,£7.60,£2.12/100ml,,"Toiletries, Health & Beauty"
670621,Waitrose Pure Bath Cream,G,false,1385,https://ecom-su-static-prod.wtrecom.com/images/products/3/LN_670621_BP_3.jpg,https://www.waitrose.com/ecom/products/waitrose-pure-bath-cream/670621-772760-772761,Waitrose Pure Bath Cream,300ml,£2.50,83.3p/100ml,,"Toiletries, Health & Beauty"
670506,Allevia Hayfever Allergy Relief Tablets Large Pack,G,true,1386,https://ecom-su-static-prod.wtrecom.com/images/products/3/LN_670506_BP_3.jpg,https://www.waitrose.com/ecom/products/allevia-hayfever-allergy-relief-tablets-large-pack/670506-777370-777371,Allevia Hayfever Allergy Relief Tablets Large Pack,30s,£9.07,30.2p each,25% Off. Was £12.10,"Toiletries, Health & Beauty"
670037,Waitrose Vitamin B Effervescent Orange,G,false,1387,https://ecom-su-static-prod.wtrecom.com/images/products/3/LN_670037_BP_3.jpg,https://www.waitrose.com/ecom/products/waitrose-vitamin-b-effervescent-orange/670037-764278-764279,Waitrose Vitamin B Effervescent Orange,20Each,£2.20,11p each,,"Toiletries, Health & Beauty"
669580,Optrex Moisturising Dry Eyes Eye Drops,G,false,1388,https://ecom-su-static-prod.wtrecom.com/images/products/3/LN_669580_BP_3.jpg,https://www.waitrose.com/ecom/products/optrex-moisturising-dry-eyes-eye-drops/669580-822175-822176,Optrex Moisturising Dry Eyes Eye Drops,10ml,£5.40,£54/100ml,,"Toiletries, Health & Beauty"
669119,Silex Iron Deficiency Self Test,G,false,1389,https://ecom-su-static-prod.wtrecom.com/images/products/3/LN_669119_BP_3.jpg,https://www.waitrose.com/ecom/products/silex-iron-deficiency-self-test/669119-812489-812490,Silex Iron Deficiency Self Test,20g,£10.00,,,"Toiletries, Health & Beauty"
668959,Oral-B iO3 Matt Black Toothbrush + Travel Case,G,true,1390,https://ecom-su-static-prod.wtrecom.com/images/products/3/LN_668959_BP_3.jpg,https://www.waitrose.com/ecom/products/oral-b-io3-matt-black-toothbrush-travel-case/668959-814981-814982,Oral-B iO3 Matt Black Toothbrush + Travel Case,1Each,£80.00,£80 each,Half Price. Was £160.00,"Toiletries, Health & Beauty"
668826,Tampax Pearl Super Plus Tampons With Applicator,G,true,1391,https://ecom-su-static-prod.wtrecom.com/images/products/3/LN_668826_BP_3.jpg,https://www.waitrose.com/ecom/products/tampax-pearl-super-plus-tampons-with-applicator/668826-119024-119025,Tampax Pearl Super Plus Tampons With Applicator,18s,£3.40,18.9p each,Add 3 for £9,"Toiletries, Health & Beauty"
668778,Hedrin All In One Shampoo,G,false,1392,https://ecom-su-static-prod.wtrecom.com/images/products/3/LN_668778_BP_3.jpg,https://www.waitrose.com/ecom/products/hedrin-all-in-one-shampoo/668778-741258-741259,Hedrin All In One Shampoo,100ml,£13.50,£13.50/100ml,,"Toiletries, Health & Beauty"
668509,Vital Proteins Collagen Stick Packs,G,false,1393,https://ecom-su-static-prod.wtrecom.com/images/products/3/LN_668509_BP_3.jpg,https://www.waitrose.com/ecom/products/vital-proteins-collagen-stick-packs/668509-802590-802591,Vital Proteins Collagen Stick Packs,10x10g,£18.00,£18/100g,,"Toiletries, Health & Beauty"
668468,Phizz Cherry Caffeine + 3-in-1,G,true,1394,https://ecom-su-static-prod.wtrecom.com/images/products/3/LN_668468_BP_3.jpg,https://www.waitrose.com/ecom/products/phizz-cherry-caffeine-3-in-1/668468-822173-822174,Phizz Cherry Caffeine + 3-in-1,20Each,£5.50,27.5p each,save £2.50. Was £8.00,"Toiletries, Health & Beauty"
667747,Olay Anti Wrinkle Firm & Lift Night Cream,G,true,1395,https://ecom-su-static-prod.wtrecom.com/images/products/3/LN_667747_BP_3.jpg,https://www.waitrose.com/ecom/products/olay-anti-wrinkle-firm-lift-night-cream/667747-824841-824842,Olay Anti Wrinkle Firm & Lift Night Cream,50ml,£7.00,£14/100ml,Half Price. Was £14.00,"Toiletries, Health & Beauty"
667449,Vagisil ProHydrate Gel,G,false,1396,https://ecom-su-static-prod.wtrecom.com/images/products/3/LN_667449_BP_3.jpg,https://www.waitrose.com/ecom/products/vagisil-prohydrate-gel/667449-625181-625182,Vagisil ProHydrate Gel,30g,£10.00,£33.34/100g,,"Toiletries, Health & Beauty"
666481,NIVEA MEN ENERGY SHO,G,false,1397,https://ecom-su-static-prod.wtrecom.com/images/products/3/LN_666481_BP_3.jpg,https://www.waitrose.com/ecom/products/nivea-men-energy-sho/666481-804586-804587,NIVEA MEN ENERGY SHO,400ml,£4.00,£1/100ml,,"Toiletries, Health & Beauty"
666195,Faith In Nature Shea & Argan Hair Mask,G,false,1398,https://ecom-su-static-prod.wtrecom.com/images/products/3/LN_666195_BP_3.jpg,https://www.waitrose.com/ecom/products/faith-in-nature-shea-argan-hair-mask/666195-769804-769805,Faith In Nature Shea & Argan Hair Mask,300ml,£8.00,£2.67/100ml,,"Toiletries, Health & Beauty"
665877,Kent Oval Bristle Brush,G,false,1399,https://ecom-su-static-prod.wtrecom.com/images/products/3/LN_665877_BP_3.jpg,https://www.waitrose.com/ecom/products/kent-oval-bristle-brush/665877-769802-769803,Kent Oval Bristle Brush,Each,£10.00,£10 each,,"Toiletries, Health & Beauty"
664835,Pregnacare Him & Her Conception,G,false,1400,https://ecom-su-static-prod.wtrecom.com/images/products/3/LN_664835_BP_3.jpg,https://www.waitrose.com/ecom/products/pregnacare-him-her-conception/664835-94399-94399,Pregnacare Him & Her Conception,60s,£21.00,35p each,,"Toiletries, Health & Beauty"
664547,Argan+ Argan Oil Overnight Cream,G,true,1401,https://ecom-su-static-prod.wtrecom.com/images/products/3/LN_664547_BP_3.jpg,https://www.waitrose.com/ecom/products/argan-argan-oil-overnight-cream/664547-472513-472514,Argan+ Argan Oil Overnight Cream,50ml,£17.00,£34/100ml,Add 2 get 2nd half price Cheaper Item Half Price,"Toiletries, Health & Beauty"
663761,Sanctuary Spa Signature Collection Body Lotion,G,true,1402,https://ecom-su-static-prod.wtrecom.com/images/products/3/LN_663761_BP_3.jpg,https://www.waitrose.com/ecom/products/sanctuary-spa-signature-collection-body-lotion/663761-812926-812927,Sanctuary Spa Signature Collection Body Lotion,250ml,£5.00,£2/100ml,Save 1/3. Was £7.50,"Toiletries, Health & Beauty"
663502,Noughty To The Rescue Shampoo,G,true,1403,https://ecom-su-static-prod.wtrecom.com/images/products/3/LN_663502_BP_3.jpg,https://www.waitrose.com/ecom/products/noughty-to-the-rescue-shampoo/663502-695641-695642,Noughty To The Rescue Shampoo,250ml,£5.60,£2.24/100ml,Save 1/3. Was £8.40,"Toiletries, Health & Beauty"
663410,Pregnacare Max,G,false,1404,https://ecom-su-static-prod.wtrecom.com/images/products/3/LN_663410_BP_3.jpg,https://www.waitrose.com/ecom/products/pregnacare-max/663410-174598-174598,Pregnacare Max,84s,£19.95,23.8p each,,"Toiletries, Health & Beauty"
663127,Waitrose Pure Scalp Care Conditioner,G,false,1405,https://ecom-su-static-prod.wtrecom.com/images/products/3/LN_663127_BP_3.jpg,https://www.waitrose.com/ecom/products/waitrose-pure-scalp-care-conditioner/663127-776954-776955,Waitrose Pure Scalp Care Conditioner,250ml,£3.00,£1.20/100ml,,"Toiletries, Health & Beauty"
662557,Colgate Advanced White Toothpaste,G,false,1406,https://ecom-su-static-prod.wtrecom.com/images/products/3/LN_662557_BP_3.jpg,https://www.waitrose.com/ecom/products/colgate-advanced-white-toothpaste/662557-822171-822172,Colgate Advanced White Toothpaste,75ml,£2.00,£2.67/100ml,,"Toiletries, Health & Beauty"
662395,Aussie Colour Mate Shampoo,G,false,1407,https://ecom-su-static-prod.wtrecom.com/images/products/3/LN_662395_BP_3.jpg,https://www.waitrose.com/ecom/products/aussie-colour-mate-shampoo/662395-154665-154666,Aussie Colour Mate Shampoo,500ml,£6.00,£1.20/100ml,,"Toiletries, Health & Beauty"
662272,LOreal Revitalift Filler Eye Serum,G,false,1408,https://ecom-su-static-prod.wtrecom.com/images/products/3/LN_662272_BP_3.jpg,https://www.waitrose.com/ecom/products/loreal-revitalift-filler-eye-serum/662272-824839-824840,LOreal Revitalift Filler Eye Serum,20ml,£32.00,£160/100ml,,"Toiletries, Health & Beauty"
661921,Beechams All In One Max Strength,G,false,1409,https://ecom-su-static-prod.wtrecom.com/images/products/3/LN_661921_BP_3.jpg,https://www.waitrose.com/ecom/products/beechams-all-in-one-max-strength/661921-705264-705265,Beechams All In One Max Strength,16s,£6.30,39.4p each,,"Toiletries, Health & Beauty"
661352,Aveeno Skin Renewal Exfoliating Cream,G,true,1410,https://ecom-su-static-prod.wtrecom.com/images/products/3/LN_661352_BP_3.jpg,https://www.waitrose.com/ecom/products/aveeno-skin-renewal-exfoliating-cream/661352-824837-824838,Aveeno Skin Renewal Exfoliating Cream,300ml,£10.00,£3.34/100ml,Save 1/3. Was £15.00,"Toiletries, Health & Beauty"
661347,Elastoplast Finger Strips,G,true,1411,https://ecom-su-static-prod.wtrecom.com/images/products/3/LN_661347_BP_3.jpg,https://www.waitrose.com/ecom/products/elastoplast-finger-strips/661347-764202-764203,Elastoplast Finger Strips,16s,£2.64,16.5p each,20% Off. Was £3.30,"Toiletries, Health & Beauty"
660623,Bulldog Original Natural Deodorant,G,true,1412,https://ecom-su-static-prod.wtrecom.com/images/products/3/LN_660623_BP_3.jpg,https://www.waitrose.com/ecom/products/bulldog-original-natural-deodorant/660623-719646-719647,Bulldog Original Natural Deodorant,75ml,£3.15,£4.20/100ml,Save 1/3. Was £4.75,"Toiletries, Health & Beauty"
660578,Clarityn Allergy Tablets,G,false,1413,https://ecom-su-static-prod.wtrecom.com/images/products/3/LN_660578_BP_3.jpg,https://www.waitrose.com/ecom/products/clarityn-allergy-tablets/660578-131705-131706,Clarityn Allergy Tablets,14s,£6.75,48.2p each,,"Toiletries, Health & Beauty"
660270,Weleda Citrus Roll-On Deodorant,G,false,1414,https://ecom-su-static-prod.wtrecom.com/images/products/3/LN_660270_BP_3.jpg,https://www.waitrose.com/ecom/products/weleda-citrus-roll-on-deodorant/660270-729738-729739,Weleda Citrus Roll-On Deodorant,50ml,£8.65,£17.30/100ml,,"Toiletries, Health & Beauty"
659548,Nivea Sun Protect & Dry Touch Spray SPF 30,G,false,1415,https://ecom-su-static-prod.wtrecom.com/images/products/3/LN_659548_BP_3.jpg,https://www.waitrose.com/ecom/products/nivea-sun-protect-dry-touch-spray-spf-30/659548-823685-823686,Nivea Sun Protect & Dry Touch Spray SPF 30,200ml,£11.00,£5.50/100ml,,"Toiletries, Health & Beauty"
658994,John Frieda Violet Crush Conditioner,G,false,1416,https://ecom-su-static-prod.wtrecom.com/images/products/3/LN_658994_BP_3.jpg,https://www.waitrose.com/ecom/products/john-frieda-violet-crush-conditioner/658994-527396-527397,John Frieda Violet Crush Conditioner,250ml,£7.00,£2.80/100ml,,"Toiletries, Health & Beauty"
658766,Naturya Organic Spirulina Powder,G,true,1417,https://ecom-su-static-prod.wtrecom.com/images/products/3/LN_658766_BP_3.jpg,https://www.waitrose.com/ecom/products/naturya-organic-spirulina-powder/658766-492069-492070,Naturya Organic Spirulina Powder,100g,£4.50,£45/kg,25% Off. Was £6.00,"Toiletries, Health & Beauty"
658517,Wilkinson Sword Intuition Blades,G,false,1418,https://ecom-su-static-prod.wtrecom.com/images/products/3/LN_658517_BP_3.jpg,https://www.waitrose.com/ecom/products/wilkinson-sword-intuition-blades/658517-746203-746204,Wilkinson Sword Intuition Blades,3s,£8.95,£2.99 each,,"Toiletries, Health & Beauty"
658416,Man Cave Sea Salt Shower Gel,G,false,1419,https://ecom-su-static-prod.wtrecom.com/images/products/3/LN_658416_BP_3.jpg,https://www.waitrose.com/ecom/products/man-cave-sea-salt-shower-gel/658416-729736-729737,Man Cave Sea Salt Shower Gel,200ml,£6.00,£3/100ml,,"Toiletries, Health & Beauty"
658302,Aveeno Rosewater & Chamomile Shampoo,G,false,1420,https://ecom-su-static-prod.wtrecom.com/images/products/3/LN_658302_BP_3.jpg,https://www.waitrose.com/ecom/products/aveeno-rosewater-chamomile-shampoo/658302-800382-800383,Aveeno Rosewater & Chamomile Shampoo,300ml,£8.00,£2.67/100ml,,"Toiletries, Health & Beauty"
658016,Bondi Sands Self Tan Foam One Hour,G,true,1421,https://ecom-su-static-prod.wtrecom.com/images/products/3/LN_658016_BP_3.jpg,https://www.waitrose.com/ecom/products/bondi-sands-self-tan-foam-one-hour/658016-824835-824836,Bondi Sands Self Tan Foam One Hour,200ml,£13.59,£6.80/100ml,save £3.41. Was £17.00,"Toiletries, Health & Beauty"
657250,Right Guard Total Defence Sport,G,false,1422,https://ecom-su-static-prod.wtrecom.com/images/products/3/LN_657250_BP_3.jpg,https://www.waitrose.com/ecom/products/right-guard-total-defence-sport/657250-93311-93312,Right Guard Total Defence Sport,250ml,£2.85,£1.14/100ml,,"Toiletries, Health & Beauty"
656736,Wild Deodorant Kit Fresh Cotton,G,false,1423,https://ecom-su-static-prod.wtrecom.com/images/products/3/LN_656736_BP_3.jpg,https://www.waitrose.com/ecom/products/wild-deodorant-kit-fresh-cotton/656736-772628-772629,Wild Deodorant Kit Fresh Cotton,142g,£13.65,£9.62/100g,,"Toiletries, Health & Beauty"
655374,Sure Men Sensitive Anti-Perspirant,G,true,1424,https://ecom-su-static-prod.wtrecom.com/images/products/3/LN_655374_BP_3.jpg,https://www.waitrose.com/ecom/products/sure-men-sensitive-anti-perspirant/655374-804584-804585,Sure Men Sensitive Anti-Perspirant,250ml,£2.85,£1.14/100ml,25% Off. Was £3.80,"Toiletries, Health & Beauty"
655248,Gaviscon Double Action Berries Indigestion Liquid,G,false,1425,https://ecom-su-static-prod.wtrecom.com/images/products/3/LN_655248_BP_3.jpg,https://www.waitrose.com/ecom/products/gaviscon-double-action-berries-indigestion-liquid/655248-764162-764163,Gaviscon Double Action Berries Indigestion Liquid,300ml,£11.55,£3.85/100ml,,"Toiletries, Health & Beauty"
654799,Nivea Day Cream SPF 15 Moisturiser,G,false,1426,https://ecom-su-static-prod.wtrecom.com/images/products/3/LN_654799_BP_3.jpg,https://www.waitrose.com/ecom/products/nivea-day-cream-spf-15-moisturiser/654799-803118-803119,Nivea Day Cream SPF 15 Moisturiser,50ml,£5.00,£10/100ml,,"Toiletries, Health & Beauty"
654601,Noughty Wave Hello Conditioner,G,true,1427,https://ecom-su-static-prod.wtrecom.com/images/products/3/LN_654601_BP_3.jpg,https://www.waitrose.com/ecom/products/noughty-wave-hello-conditioner/654601-695635-695636,Noughty Wave Hello Conditioner,250ml,£5.60,£2.24/100ml,Save 1/3. Was £8.40,"Toiletries, Health & Beauty"
654329,Lynx Black Body Spray Deodorant,G,true,1428,https://ecom-su-static-prod.wtrecom.com/images/products/3/LN_654329_BP_3.jpg,https://www.waitrose.com/ecom/products/lynx-black-body-spray-deodorant/654329-713871-713872,Lynx Black Body Spray Deodorant,250ml,£3.90,£1.56/100ml,25% Off. Was £5.25,"Toiletries, Health & Beauty"
653778,Lil-Lets Smartfit Super Tampons,G,false,1429,https://ecom-su-static-prod.wtrecom.com/images/products/3/LN_653778_BP_3.jpg,https://www.waitrose.com/ecom/products/lil-lets-smartfit-super-tampons/653778-722221-722222,Lil-Lets Smartfit Super Tampons,16s,£2.40,15p each,,"Toiletries, Health & Beauty"
653280,Venus Extra Smooth Sensitive,G,true,1430,https://ecom-su-static-prod.wtrecom.com/images/products/3/LN_653280_BP_3.jpg,https://www.waitrose.com/ecom/products/venus-extra-smooth-sensitive/653280-719638-719639,Venus Extra Smooth Sensitive,3s,£8.05,£2.69 each,Save 1/3. Was £12.10,"Toiletries, Health & Beauty"
652479,Nivea Q10 Anti-Wrinkle Power Firming Eye Cream,G,true,1431,https://ecom-su-static-prod.wtrecom.com/images/products/3/LN_652479_BP_3.jpg,https://www.waitrose.com/ecom/products/nivea-q10-anti-wrinkle-power-firming-eye-cream/652479-813718-813719,Nivea Q10 Anti-Wrinkle Power Firming Eye Cream,15ml,£13.00,£866.67/litre,Mix & Match Add 2 for 1 Cheaper Item Free,"Toiletries, Health & Beauty"
651762,Naturtint Dark Blonde 6N,G,false,1432,https://ecom-su-static-prod.wtrecom.com/images/products/3/LN_651762_BP_3.jpg,https://www.waitrose.com/ecom/products/naturtint-dark-blonde-6n/651762-472455-472456,Naturtint Dark Blonde 6N,165ml,£12.99,£7.88/100ml,,"Toiletries, Health & Beauty"
651347,Nivea Sun Lotion Sensitive SPF 30,G,true,1433,https://ecom-su-static-prod.wtrecom.com/images/products/3/LN_651347_BP_3.jpg,https://www.waitrose.com/ecom/products/nivea-sun-lotion-sensitive-spf-30/651347-692343-692344,Nivea Sun Lotion Sensitive SPF 30,200ml,£7.60,£3.80/100ml,save £1.90. Was £9.50,"Toiletries, Health & Beauty"
650929,Ibuleve Pain Relief 10% Gel,G,false,1434,https://ecom-su-static-prod.wtrecom.com/images/products/3/LN_650929_BP_3.jpg,https://www.waitrose.com/ecom/products/ibuleve-pain-relief-10-gel/650929-755989-755990,Ibuleve Pain Relief 10% Gel,50g,£9.45,£18.90/100g,,"Toiletries, Health & Beauty"
650299,Head & Shoulders Apple 2in1 Shampoo,G,true,1435,https://ecom-su-static-prod.wtrecom.com/images/products/3/LN_650299_BP_3.jpg,https://www.waitrose.com/ecom/products/head-shoulders-apple-2in1-shampoo/650299-793496-793497,Head & Shoulders Apple 2in1 Shampoo,330ml,£3.50,£1.07/100ml,save £1.50. Was £5.00,"Toiletries, Health & Beauty"
649767,Cantu Shea Butter Conditioner,G,true,1436,https://ecom-su-static-prod.wtrecom.com/images/products/3/LN_649767_BP_3.jpg,https://www.waitrose.com/ecom/products/cantu-shea-butter-conditioner/649767-746201-746202,Cantu Shea Butter Conditioner,400ml,£4.90,£1.23/100ml,Save 1/3. Was £7.35,"Toiletries, Health & Beauty"
649566,Bed Head Resurrection Conditioner,G,false,1437,https://ecom-su-static-prod.wtrecom.com/images/products/3/LN_649566_BP_3.jpg,https://www.waitrose.com/ecom/products/bed-head-resurrection-conditioner/649566-809184-809185,Bed Head Resurrection Conditioner,400ml,£6.50,£1.63/100ml,,"Toiletries, Health & Beauty"
648720,Histallay Hayfever Allergy Relief Tablets,G,true,1438,https://ecom-su-static-prod.wtrecom.com/images/products/3/LN_648720_BP_3.jpg,https://www.waitrose.com/ecom/products/histallay-hayfever-allergy-relief-tablets/648720-822163-822164,Histallay Hayfever Allergy Relief Tablets,10s,£3.50,35p each,save £1.00. Was £4.50,"Toiletries, Health & Beauty"
648065,Sudafed Mucus Relief Tablets,G,false,1439,https://ecom-su-static-prod.wtrecom.com/images/products/3/LN_648065_BP_3.jpg,https://www.waitrose.com/ecom/products/sudafed-mucus-relief-tablets/648065-145724-145725,Sudafed Mucus Relief Tablets,16s,£6.15,38.4p each,,"Toiletries, Health & Beauty"
646880,Spatone Liquid Iron Apple,G,false,1440,https://ecom-su-static-prod.wtrecom.com/images/products/3/LN_646880_BP_3.jpg,https://www.waitrose.com/ecom/products/spatone-liquid-iron-apple/646880-141236-141237,Spatone Liquid Iron Apple,28x25ml,£17.20,£2.46/100ml,,"Toiletries, Health & Beauty"
646784,Aussie Work That Curl Leave-In Cream,G,true,1441,https://ecom-su-static-prod.wtrecom.com/images/products/3/LN_646784_BP_3.jpg,https://www.waitrose.com/ecom/products/aussie-work-that-curl-leave-in-cream/646784-809180-809181,Aussie Work That Curl Leave-In Cream,160ml,£4.20,£2.63/100ml,Save 1/3. Was £6.30,"Toiletries, Health & Beauty"
646315,John Frieda Sheer Blonde Go Blonder Conditioner,G,false,1442,https://ecom-su-static-prod.wtrecom.com/images/products/3/LN_646315_BP_3.jpg,https://www.waitrose.com/ecom/products/john-frieda-sheer-blonde-go-blonder-conditioner/646315-91720-91721,John Frieda Sheer Blonde Go Blonder Conditioner,250ml,£7.00,£2.80/100ml,,"Toiletries, Health & Beauty"
645661,Canesten Dual Action Cream,G,false,1443,https://ecom-su-static-prod.wtrecom.com/images/products/3/LN_645661_BP_3.jpg,https://www.waitrose.com/ecom/products/canesten-dual-action-cream/645661-91638-91639,Canesten Dual Action Cream,30g,£5.95,£19.84/100g,,"Toiletries, Health & Beauty"
645412,Trainer Socks White/ Pink/ Lilac 3Pk,G,false,1444,https://ecom-su-static-prod.wtrecom.com/images/products/3/LN_645412_BP_3.jpg,https://www.waitrose.com/ecom/products/trainer-socks-white-pink-lilac-3pk/645412-818730-818731,Trainer Socks White/ Pink/ Lilac 3Pk,3s,£8.00,£2.67 each,,"Toiletries, Health & Beauty"
644493,Sensodyne Sensitivity Gum & Enamel Toothpaste,G,false,1445,https://ecom-su-static-prod.wtrecom.com/images/products/3/LN_644493_BP_3.jpg,https://www.waitrose.com/ecom/products/sensodyne-sensitivity-gum-enamel-toothpaste/644493-814977-814978,Sensodyne Sensitivity Gum & Enamel Toothpaste,75ml,£5.80,£7.74/100ml,,"Toiletries, Health & Beauty"
644372,Nivea Visage Wash Gel Normal,G,true,1446,https://ecom-su-static-prod.wtrecom.com/images/products/3/LN_644372_BP_3.jpg,https://www.waitrose.com/ecom/products/nivea-visage-wash-gel-normal/644372-91467-91468,Nivea Visage Wash Gel Normal,150ml,£2.83,£1.89/100ml,Save 1/3. Was £4.25,"Toiletries, Health & Beauty"
644179,Wisdom Renew Medium Twinpack Toothbrush,G,false,1447,https://ecom-su-static-prod.wtrecom.com/images/products/3/LN_644179_BP_3.jpg,https://www.waitrose.com/ecom/products/wisdom-renew-medium-twinpack-toothbrush/644179-759479-759480,Wisdom Renew Medium Twinpack Toothbrush,each,£3.00,,,"Toiletries, Health & Beauty"
642372,L'Oréal Revitalift Laser Retinol Serum,G,false,1448,https://ecom-su-static-prod.wtrecom.com/images/products/3/LN_642372_BP_3.jpg,https://www.waitrose.com/ecom/products/loreal-revitalift-laser-retinol-serum/642372-762050-762051,L'Oréal Revitalift Laser Retinol Serum,30ml,£33.60,£112/100ml,,"Toiletries, Health & Beauty"
641811,Weleda Skin Food,G,false,1449,https://ecom-su-static-prod.wtrecom.com/images/products/3/LN_641811_BP_3.jpg,https://www.waitrose.com/ecom/products/weleda-skin-food/641811-472395-472396,Weleda Skin Food,75ml,£14.20,£18.94/100ml,,"Toiletries, Health & Beauty"
640858,L'Oréal Elvive Dream Lengths Wonder Water,G,false,1450,https://ecom-su-static-prod.wtrecom.com/images/products/3/LN_640858_BP_3.jpg,https://www.waitrose.com/ecom/products/loreal-elvive-dream-lengths-wonder-water/640858-747488-747489,L'Oréal Elvive Dream Lengths Wonder Water,200ml,£10.00,£5/100ml,,"Toiletries, Health & Beauty"
639817,Lanolips Original 101 Ointment,G,false,1451,https://ecom-su-static-prod.wtrecom.com/images/products/3/LN_639817_BP_3.jpg,https://www.waitrose.com/ecom/products/lanolips-original-101-ointment/639817-197978-197979,Lanolips Original 101 Ointment,15g,£11.00,£73.34/100g,,"Toiletries, Health & Beauty"
639742,Herbal Essences Lavender Conditioner,G,false,1452,https://ecom-su-static-prod.wtrecom.com/images/products/3/LN_639742_BP_3.jpg,https://www.waitrose.com/ecom/products/herbal-essences-lavender-conditioner/639742-820626-820627,Herbal Essences Lavender Conditioner,250ml,£4.50,£1.80/100ml,,"Toiletries, Health & Beauty"
639698,Nivea Lavender Body Lotion,G,false,1453,https://ecom-su-static-prod.wtrecom.com/images/products/3/LN_639698_BP_3.jpg,https://www.waitrose.com/ecom/products/nivea-lavender-body-lotion/639698-813710-813711,Nivea Lavender Body Lotion,400ml,£7.00,£1.75/100ml,,"Toiletries, Health & Beauty"
638927,15D 2PP Sleek Body Shaper Almond M,G,false,1454,https://ecom-su-static-prod.wtrecom.com/images/products/3/LN_638927_BP_3.jpg,https://www.waitrose.com/ecom/products/15d-2pp-sleek-body-shaper-almond-m/638927-819758-819759,15D 2PP Sleek Body Shaper Almond M,2s,£15.00,£7.50 each,,"Toiletries, Health & Beauty"
638807,Gillette Proglide Blades,G,true,1455,https://ecom-su-static-prod.wtrecom.com/images/products/3/LN_638807_BP_3.jpg,https://www.waitrose.com/ecom/products/gillette-proglide-blades/638807-118189-118190,Gillette Proglide Blades,4s,£16.80,£4.20 each,Add 2 for £24,"Toiletries, Health & Beauty"
638732,Cl-ear Pain Relief Ear Drops,G,false,1456,https://ecom-su-static-prod.wtrecom.com/images/products/3/LN_638732_BP_3.jpg,https://www.waitrose.com/ecom/products/cl-ear-pain-relief-ear-drops/638732-788632-788633,Cl-ear Pain Relief Ear Drops,7g,£9.45,£135/100g,,"Toiletries, Health & Beauty"
638713,80D Opaque Tights Black Large,G,false,1457,https://ecom-su-static-prod.wtrecom.com/images/products/3/LN_638713_BP_3.jpg,https://www.waitrose.com/ecom/products/80d-opaque-tights-black-large/638713-791352-791353,80D Opaque Tights Black Large,2s,£10.00,£5 each,,"Toiletries, Health & Beauty"
638394,Wilkinson Hydro 5 Advanced Mens Blades,G,false,1458,https://ecom-su-static-prod.wtrecom.com/images/products/3/LN_638394_BP_3.jpg,https://www.waitrose.com/ecom/products/wilkinson-hydro-5-advanced-mens-blades/638394-746195-746196,Wilkinson Hydro 5 Advanced Mens Blades,4s,£12.00,£3 each,,"Toiletries, Health & Beauty"
638257,L'Oréal Casting Crème Gloss 323 Dark Choc,G,true,1459,https://ecom-su-static-prod.wtrecom.com/images/products/3/LN_638257_BP_3.jpg,https://www.waitrose.com/ecom/products/loreal-casting-creme-gloss-323-dark-choc/638257-90632-90633,L'Oréal Casting Crème Gloss 323 Dark Choc,Each,£10.50,£10.50 each,Add 2 for £12,"Toiletries, Health & Beauty"
638153,Sudafed Congestion Day & Night Capsules,G,false,1460,https://ecom-su-static-prod.wtrecom.com/images/products/3/LN_638153_BP_3.jpg,https://www.waitrose.com/ecom/products/sudafed-congestion-day-night-capsules/638153-374973-374974,Sudafed Congestion Day & Night Capsules,16s,£6.10,38.1p each,,"Toiletries, Health & Beauty"
638028,Naturtint Honey Blonde,G,false,1461,https://ecom-su-static-prod.wtrecom.com/images/products/3/LN_638028_BP_3.jpg,https://www.waitrose.com/ecom/products/naturtint-honey-blonde/638028-695607-695608,Naturtint Honey Blonde,165ml,£12.99,£7.88/100ml,,"Toiletries, Health & Beauty"
638002,Argan+ Rose Otto Oil Ultra Gentle Body Bar,G,true,1462,https://ecom-su-static-prod.wtrecom.com/images/products/3/LN_638002_BP_3.jpg,https://www.waitrose.com/ecom/products/argan-rose-otto-oil-ultra-gentle-body-bar/638002-454307-454308,Argan+ Rose Otto Oil Ultra Gentle Body Bar,100g,£3.95,£3.95/100g,Add 2 get 2nd half price Cheaper Item Half Price,"Toiletries, Health & Beauty"
637784,John Frieda PROfiller Shampoo,G,false,1463,https://ecom-su-static-prod.wtrecom.com/images/products/3/LN_637784_BP_3.jpg,https://www.waitrose.com/ecom/products/john-frieda-profiller-shampoo/637784-793486-793487,John Frieda PROfiller Shampoo,250ml,£9.45,£3.78/100ml,,"Toiletries, Health & Beauty"
637588,60D Velvet Touch Tights Black M,G,false,1464,https://ecom-su-static-prod.wtrecom.com/images/products/3/LN_637588_BP_3.jpg,https://www.waitrose.com/ecom/products/60d-velvet-touch-tights-black-m/637588-791350-791351,60D Velvet Touch Tights Black M,each,£9.00,£9 each,,"Toiletries, Health & Beauty"
637121,Nivea Sun Protect & Dry Touch Spray SPF 50,G,false,1465,https://ecom-su-static-prod.wtrecom.com/images/products/3/LN_637121_BP_3.jpg,https://www.waitrose.com/ecom/products/nivea-sun-protect-dry-touch-spray-spf-50/637121-823667-823668,Nivea Sun Protect & Dry Touch Spray SPF 50,200ml,£11.00,£5.50/100ml,,"Toiletries, Health & Beauty"
637101,Nivea Q10 Anti-Age Hand Cream,G,false,1466,https://ecom-su-static-prod.wtrecom.com/images/products/3/LN_637101_BP_3.jpg,https://www.waitrose.com/ecom/products/nivea-q10-anti-age-hand-cream/637101-681069-681070,Nivea Q10 Anti-Age Hand Cream,100ml,£5.15,£5.15/100ml,,"Toiletries, Health & Beauty"
636852,Always Platinum Sanitary Towels,G,true,1467,https://ecom-su-static-prod.wtrecom.com/images/products/3/LN_636852_BP_3.jpg,https://www.waitrose.com/ecom/products/always-platinum-sanitary-towels/636852-777362-777363,Always Platinum Sanitary Towels,20s,£3.40,17p each,Add 2 for £6,"Toiletries, Health & Beauty"
636641,Nip+Fab Daily Cleansing Pads,G,true,1468,https://ecom-su-static-prod.wtrecom.com/images/products/3/LN_636641_BP_3.jpg,https://www.waitrose.com/ecom/products/nipfab-daily-cleansing-pads/636641-667086-667087,Nip+Fab Daily Cleansing Pads,60s,£11.90,19.8p each,Save 1/3. Was £17.85,"Toiletries, Health & Beauty"
636531,Benadryl Allergy Relief Capsules,G,false,1469,https://ecom-su-static-prod.wtrecom.com/images/products/3/LN_636531_BP_3.jpg,https://www.waitrose.com/ecom/products/benadryl-allergy-relief-capsules/636531-665953-665954,Benadryl Allergy Relief Capsules,24s,£10.50,43.8p each,,"Toiletries, Health & Beauty"
635604,Man Cave Original Moisturiser,G,false,1470,https://ecom-su-static-prod.wtrecom.com/images/products/3/LN_635604_BP_3.jpg,https://www.waitrose.com/ecom/products/man-cave-original-moisturiser/635604-588591-588592,Man Cave Original Moisturiser,100ml,£7.00,£7/100ml,,"Toiletries, Health & Beauty"
635103,Sanctuary Spa Signature Natural Oils Ultra Rich Shower Oil,G,true,1471,https://ecom-su-static-prod.wtrecom.com/images/products/3/LN_635103_BP_3.jpg,https://www.waitrose.com/ecom/products/sanctuary-spa-signature-natural-oils-ultra-rich-shower-oil/635103-812918-812919,Sanctuary Spa Signature Natural Oils Ultra Rich Shower Oil,250ml,£6.33,£2.54/100ml,Save 1/3. Was £9.50,"Toiletries, Health & Beauty"
635084,Tampax Pearl Compak Regular Tampons With Applicator,G,true,1472,https://ecom-su-static-prod.wtrecom.com/images/products/3/LN_635084_BP_3.jpg,https://www.waitrose.com/ecom/products/tampax-pearl-compak-regular-tampons-with-applicator/635084-406906-406907,Tampax Pearl Compak Regular Tampons With Applicator,16s,£3.40,21.3p each,Add 3 for £9,"Toiletries, Health & Beauty"
634915,Riemann P20 Original SPF50+ Spray,G,false,1473,https://ecom-su-static-prod.wtrecom.com/images/products/3/LN_634915_BP_3.jpg,https://www.waitrose.com/ecom/products/riemann-p20-original-spf50-spray/634915-805979-805980,Riemann P20 Original SPF50+ Spray,200ml,£31.50,£15.75/100ml,,"Toiletries, Health & Beauty"
634338,Neal's Yard Rose Conditioner,G,false,1474,https://ecom-su-static-prod.wtrecom.com/images/products/3/LN_634338_BP_3.jpg,https://www.waitrose.com/ecom/products/neals-yard-rose-conditioner/634338-90073-90074,Neal's Yard Rose Conditioner,200ml,£11.50,£5.75/100ml,,"Toiletries, Health & Beauty"
633556,Regenerate Advanced Toothpaste,G,false,1475,https://ecom-su-static-prod.wtrecom.com/images/products/3/LN_633556_BP_3.jpg,https://www.waitrose.com/ecom/products/regenerate-advanced-toothpaste/633556-804582-804583,Regenerate Advanced Toothpaste,75ml,£11.00,£14.67/100ml,,"Toiletries, Health & Beauty"
633527,Dove Woman Pomegranate Anti-Perspirant,G,true,1476,https://ecom-su-static-prod.wtrecom.com/images/products/3/LN_633527_BP_3.jpg,https://www.waitrose.com/ecom/products/dove-woman-pomegranate-anti-perspirant/633527-802586-802587,Dove Woman Pomegranate Anti-Perspirant,200ml,£3.15,£1.58/100ml,Save 1/3. Was £4.75,"Toiletries, Health & Beauty"
632908,Eco Warrior Mens All Over Body Bar,G,false,1477,https://ecom-su-static-prod.wtrecom.com/images/products/3/LN_632908_BP_3.jpg,https://www.waitrose.com/ecom/products/eco-warrior-mens-all-over-body-bar/632908-784990-784991,Eco Warrior Mens All Over Body Bar,100g,£4.00,£4/100g,,"Toiletries, Health & Beauty"
632531,Faith in Nature Mint Body Wash,G,false,1478,https://ecom-su-static-prod.wtrecom.com/images/products/3/LN_632531_BP_3.jpg,https://www.waitrose.com/ecom/products/faith-in-nature-mint-body-wash/632531-825548-825549,Faith in Nature Mint Body Wash,400ml,£6.00,£1.50/100ml,,"Toiletries, Health & Beauty"
631876,Little Soap Co. Pure Rose Geranium Bubble Bath,G,false,1479,https://ecom-su-static-prod.wtrecom.com/images/products/3/LN_631876_BP_3.jpg,https://www.waitrose.com/ecom/products/little-soap-co-pure-rose-geranium-bubble-bath/631876-805785-805786,Little Soap Co. Pure Rose Geranium Bubble Bath,250ml,£6.50,£2.60/100ml,,"Toiletries, Health & Beauty"
631860,JL Sausage Dog Balloon 3pk,G,false,1480,https://ecom-su-static-prod.wtrecom.com/images/products/3/LN_631860_BP_3.jpg,https://www.waitrose.com/ecom/products/jl-sausage-dog-balloon-3pk/631860-820528-820529,JL Sausage Dog Balloon 3pk,3s,£10.00,£3.34 each,,"Toiletries, Health & Beauty"
631660,Baylis & Harding Blossom Hand Wash,G,false,1481,https://ecom-su-static-prod.wtrecom.com/images/products/3/LN_631660_BP_3.jpg,https://www.waitrose.com/ecom/products/baylis-harding-blossom-hand-wash/631660-747484-747485,Baylis & Harding Blossom Hand Wash,500ml,£3.00,60p/100ml,,"Toiletries, Health & Beauty"
631514,Nivea Naturally Good Cleansing Wipes,G,false,1482,https://ecom-su-static-prod.wtrecom.com/images/products/3/LN_631514_BP_3.jpg,https://www.waitrose.com/ecom/products/nivea-naturally-good-cleansing-wipes/631514-752483-752484,Nivea Naturally Good Cleansing Wipes,25s,£4.40,17.6p each,,"Toiletries, Health & Beauty"
630978,Tisserand Total De-Stress Wash,G,true,1483,https://ecom-su-static-prod.wtrecom.com/images/products/3/LN_630978_BP_3.jpg,https://www.waitrose.com/ecom/products/tisserand-total-de-stress-wash/630978-707108-707109,Tisserand Total De-Stress Wash,400ml,£8.96,£2.24/100ml,25% Off. Was £11.95,"Toiletries, Health & Beauty"
630647,Colgate Total Enamel Strength Toothpaste,G,true,1484,https://ecom-su-static-prod.wtrecom.com/images/products/3/LN_630647_BP_3.jpg,https://www.waitrose.com/ecom/products/colgate-total-enamel-strength-toothpaste/630647-793482-793483,Colgate Total Enamel Strength Toothpaste,75ml,£2.50,£3.34/100ml,Half Price. Was £5.00,"Toiletries, Health & Beauty"
629834,Super Facialist Rosehip Hydrate Night Cream,G,false,1485,https://ecom-su-static-prod.wtrecom.com/images/products/3/LN_629834_BP_3.jpg,https://www.waitrose.com/ecom/products/super-facialist-rosehip-hydrate-night-cream/629834-813700-813701,Super Facialist Rosehip Hydrate Night Cream,50ml,£16.00,£32/100ml,,"Toiletries, Health & Beauty"
629521,Vizulize Contact Lens Solution,G,false,1486,https://ecom-su-static-prod.wtrecom.com/images/products/3/LN_629521_BP_3.jpg,https://www.waitrose.com/ecom/products/vizulize-contact-lens-solution/629521-764016-764017,Vizulize Contact Lens Solution,360ml,£9.00,£25/litre,,"Toiletries, Health & Beauty"
628441,Argan+ Volume Shampoo,G,true,1487,https://ecom-su-static-prod.wtrecom.com/images/products/3/LN_628441_BP_3.jpg,https://www.waitrose.com/ecom/products/argan-volume-shampoo/628441-762038-762039,Argan+ Volume Shampoo,300ml,£6.25,£2.09/100ml,Add 2 get 2nd half price Cheaper Item Half Price,"Toiletries, Health & Beauty"
626700,Nivea Sun Protect & Moisture Spray SPF 30,G,false,1488,https://ecom-su-static-prod.wtrecom.com/images/products/3/LN_626700_BP_3.jpg,https://www.waitrose.com/ecom/products/nivea-sun-protect-moisture-spray-spf-30/626700-719612-719613,Nivea Sun Protect & Moisture Spray SPF 30,200ml,£7.50,£3.75/100ml,,"Toiletries, Health & Beauty"
626415,Colgate Total Whitening Toothpaste,G,false,1489,https://ecom-su-static-prod.wtrecom.com/images/products/3/LN_626415_BP_3.jpg,https://www.waitrose.com/ecom/products/colgate-total-whitening-toothpaste/626415-822155-822156,Colgate Total Whitening Toothpaste,75ml,£2.00,£2.67/100ml,,"Toiletries, Health & Beauty"
626348,Aveeno Skin Relief Moisturising Lotion,G,false,1490,https://ecom-su-static-prod.wtrecom.com/images/products/3/LN_626348_BP_3.jpg,https://www.waitrose.com/ecom/products/aveeno-skin-relief-moisturising-lotion/626348-752477-752478,Aveeno Skin Relief Moisturising Lotion,500ml,£13.00,£2.60/100ml,,"Toiletries, Health & Beauty"
626311,Nicotinell Lozenge Nicotine 1mg Mint,G,false,1491,https://ecom-su-static-prod.wtrecom.com/images/products/3/LN_626311_BP_3.jpg,https://www.waitrose.com/ecom/products/nicotinell-lozenge-nicotine-1mg-mint/626311-131683-131684,Nicotinell Lozenge Nicotine 1mg Mint,96s,£18.80,19.6p each,,"Toiletries, Health & Beauty"
625872,Nicotinell Lozenge Nicotine 2mg Mint,G,false,1492,https://ecom-su-static-prod.wtrecom.com/images/products/3/LN_625872_BP_3.jpg,https://www.waitrose.com/ecom/products/nicotinell-lozenge-nicotine-2mg-mint/625872-131679-131680,Nicotinell Lozenge Nicotine 2mg Mint,96s,£15.45,16.1p each,,"Toiletries, Health & Beauty"
623991,Fish Texturising Volume Cream,G,false,1493,https://ecom-su-static-prod.wtrecom.com/images/products/3/LN_623991_BP_3.jpg,https://www.waitrose.com/ecom/products/fish-texturising-volume-cream/623991-707497-707498,Fish Texturising Volume Cream,100ml,£8.00,£8/100ml,,"Toiletries, Health & Beauty"
623908,Nurofen for Children Orange Liquid Ibuprofen,G,false,1494,https://ecom-su-static-prod.wtrecom.com/images/products/3/LN_623908_BP_3.jpg,https://www.waitrose.com/ecom/products/nurofen-for-children-orange-liquid-ibuprofen/623908-88506-88507,Nurofen for Children Orange Liquid Ibuprofen,100ml,£4.70,£4.70/100ml,,"Toiletries, Health & Beauty"
623346,40D Knee High Navy,G,false,1495,https://ecom-su-static-prod.wtrecom.com/images/products/3/LN_623346_BP_3.jpg,https://www.waitrose.com/ecom/products/40d-knee-high-navy/623346-791348-791349,40D Knee High Navy,2s,£5.00,£2.50 each,,"Toiletries, Health & Beauty"
622831,Neal's Yard Frankincense Hydrating Cream,G,false,1496,https://ecom-su-static-prod.wtrecom.com/images/products/3/LN_622831_BP_3.jpg,https://www.waitrose.com/ecom/products/neals-yard-frankincense-hydrating-cream/622831-136038-136039,Neal's Yard Frankincense Hydrating Cream,50g,£35.00,£70/100g,,"Toiletries, Health & Beauty"
622568,60D Velvet Touch Tights Navy XL,G,false,1497,https://ecom-su-static-prod.wtrecom.com/images/products/3/LN_622568_BP_3.jpg,https://www.waitrose.com/ecom/products/60d-velvet-touch-tights-navy-xl/622568-791346-791347,60D Velvet Touch Tights Navy XL,each,£9.00,£9 each,,"Toiletries, Health & Beauty"
622406,Beechams Powders Cold & Flu,G,false,1498,https://ecom-su-static-prod.wtrecom.com/images/products/3/LN_622406_BP_3.jpg,https://www.waitrose.com/ecom/products/beechams-powders-cold-flu/622406-374903-374904,Beechams Powders Cold & Flu,10s,£3.15,31.5p each,,"Toiletries, Health & Beauty"
622390,Elastoplast Green & Protect Plasters,G,true,1499,https://ecom-su-static-prod.wtrecom.com/images/products/3/LN_622390_BP_3.jpg,https://www.waitrose.com/ecom/products/elastoplast-green-protect-plasters/622390-802582-802583,Elastoplast Green & Protect Plasters,20s,£3.12,15.6p each,20% Off. Was £3.90,"Toiletries, Health & Beauty"
622304,Neutrogena Norwegian Hypoallergenic Lotion,G,true,1500,https://ecom-su-static-prod.wtrecom.com/images/products/3/LN_622304_BP_3.jpg,https://www.waitrose.com/ecom/products/neutrogena-norwegian-hypoallergenic-lotion/622304-707488-707489,Neutrogena Norwegian Hypoallergenic Lotion,400ml,£3.50,87.5p/100ml,Save 1/3. Was £5.25,"Toiletries, Health & Beauty"
622188,NIQUITIN Minis Mint 2.0mg,G,false,1501,https://ecom-su-static-prod.wtrecom.com/images/products/3/LN_622188_BP_3.jpg,https://www.waitrose.com/ecom/products/niquitin-minis-mint-20mg/622188-822153-822154,NIQUITIN Minis Mint 2.0mg,60Each,£17.00,28.3p each,,"Toiletries, Health & Beauty"
621872,Simple Regeneration Age Resisting Facial Wash 150ml,G,true,1502,https://ecom-su-static-prod.wtrecom.com/images/products/3/LN_621872_BP_3.jpg,https://www.waitrose.com/ecom/products/simple-regeneration-age-resisting-facial-wash-150ml/621872-777358-777359,Simple Regeneration Age Resisting Facial Wash 150ml,150ml,£2.80,£1.87/100ml,Save 1/3. Was £4.20,"Toiletries, Health & Beauty"
621804,Nivea Refreshing Day Cream Spf 30,G,true,1503,https://ecom-su-static-prod.wtrecom.com/images/products/3/LN_621804_BP_3.jpg,https://www.waitrose.com/ecom/products/nivea-refreshing-day-cream-spf-30/621804-824827-824828,Nivea Refreshing Day Cream Spf 30,50ml,£3.86,£7.72/100ml,Save 1/3. Was £5.80,"Toiletries, Health & Beauty"
621191,Nurofen Express 256mg Ibuprofen Caplets,G,false,1504,https://ecom-su-static-prod.wtrecom.com/images/products/3/LN_621191_BP_3.jpg,https://www.waitrose.com/ecom/products/nurofen-express-256mg-ibuprofen-caplets/621191-741204-741205,Nurofen Express 256mg Ibuprofen Caplets,16s,£4.20,26.3p each,,"Toiletries, Health & Beauty"
621138,Waitrose Vitamin C Chewable,G,false,1505,https://ecom-su-static-prod.wtrecom.com/images/products/3/LN_621138_BP_3.jpg,https://www.waitrose.com/ecom/products/waitrose-vitamin-c-chewable/621138-236258-236259,Waitrose Vitamin C Chewable,90s,£4.00,4.4p each,,"Toiletries, Health & Beauty"
620757,PureHA Pure Oral Hyaluronic Acid,G,false,1506,https://ecom-su-static-prod.wtrecom.com/images/products/3/LN_620757_BP_3.jpg,https://www.waitrose.com/ecom/products/pureha-pure-oral-hyaluronic-acid/620757-384002-384003,PureHA Pure Oral Hyaluronic Acid,30s,£33.00,£1.10 each,,"Toiletries, Health & Beauty"
620473,Oral-B Sensiclean Pro Gum Care Toothbrush,G,false,1507,https://ecom-su-static-prod.wtrecom.com/images/products/3/LN_620473_BP_3.jpg,https://www.waitrose.com/ecom/products/oral-b-sensiclean-pro-gum-care-toothbrush/620473-809088-809089,Oral-B Sensiclean Pro Gum Care Toothbrush,1Each,£3.00,£3 each,,"Toiletries, Health & Beauty"
620358,Nivea Creme,G,false,1508,https://ecom-su-static-prod.wtrecom.com/images/products/3/LN_620358_BP_3.jpg,https://www.waitrose.com/ecom/products/nivea-creme/620358-824820-824821,Nivea Creme,400ml,£10.00,£2.50/100ml,,"Toiletries, Health & Beauty"
620319,Knect,G,false,1509,https://ecom-su-static-prod.wtrecom.com/images/products/3/LN_620319_BP_3.jpg,https://www.waitrose.com/ecom/products/knect/620319-88028-88029,Knect,50ml,£5.00,£10/100ml,,"Toiletries, Health & Beauty"
619419,Ambre Solaire Super UV FACE Fluid SPF50+,G,false,1510,https://ecom-su-static-prod.wtrecom.com/images/products/3/LN_619419_BP_3.jpg,https://www.waitrose.com/ecom/products/ambre-solaire-super-uv-face-fluid-spf50/619419-823939-823940,Ambre Solaire Super UV FACE Fluid SPF50+,40ml,£10.00,£25/100ml,,"Toiletries, Health & Beauty"
619113,Aveeno Dermexa Fast Long-Lasting Balm,G,false,1511,https://ecom-su-static-prod.wtrecom.com/images/products/3/LN_619113_BP_3.jpg,https://www.waitrose.com/ecom/products/aveeno-dermexa-fast-long-lasting-balm/619113-723862-723863,Aveeno Dermexa Fast Long-Lasting Balm,75ml,£13.25,£17.67/100ml,,"Toiletries, Health & Beauty"
618918,Solgar Formula Vit B-Complex,G,false,1512,https://ecom-su-static-prod.wtrecom.com/images/products/3/LN_618918_BP_3.jpg,https://www.waitrose.com/ecom/products/solgar-formula-vit-b-complex/618918-746187-746188,Solgar Formula Vit B-Complex,50Each,£11.00,22p each,,"Toiletries, Health & Beauty"
618884,Gaviscon Double Action Mint Indigestion Liquid,G,false,1513,https://ecom-su-static-prod.wtrecom.com/images/products/3/LN_618884_BP_3.jpg,https://www.waitrose.com/ecom/products/gaviscon-double-action-mint-indigestion-liquid/618884-723860-723861,Gaviscon Double Action Mint Indigestion Liquid,600ml,£15.75,£2.63/100ml,,"Toiletries, Health & Beauty"
617898,Method Pure Peace Body Wash,G,false,1514,https://ecom-su-static-prod.wtrecom.com/images/products/3/LN_617898_BP_3.jpg,https://www.waitrose.com/ecom/products/method-pure-peace-body-wash/617898-812804-812805,Method Pure Peace Body Wash,532ml,£6.50,£12.22/litre,,"Toiletries, Health & Beauty"
616338,Dove Men +Care Stick Clean Comfort,G,true,1515,https://ecom-su-static-prod.wtrecom.com/images/products/3/LN_616338_BP_3.jpg,https://www.waitrose.com/ecom/products/dove-men-care-stick-clean-comfort/616338-804576-804577,Dove Men +Care Stick Clean Comfort,50ml,£2.40,£4.80/100ml,20% Off. Was £3.00,"Toiletries, Health & Beauty"
615902,Kent Small Mixed Bristle Brush,G,false,1516,https://ecom-su-static-prod.wtrecom.com/images/products/3/LN_615902_BP_3.jpg,https://www.waitrose.com/ecom/products/kent-small-mixed-bristle-brush/615902-769764-769765,Kent Small Mixed Bristle Brush,Each,£9.50,£9.50 each,,"Toiletries, Health & Beauty"
615557,Gillette Labs Razor Silver,G,false,1517,https://ecom-su-static-prod.wtrecom.com/images/products/3/LN_615557_BP_3.jpg,https://www.waitrose.com/ecom/products/gillette-labs-razor-silver/615557-770689-770690,Gillette Labs Razor Silver,Each,£23.65,£23.65 each,,"Toiletries, Health & Beauty"
614148,Venus Glide Coconut & Olay Plat Razor,G,true,1518,https://ecom-su-static-prod.wtrecom.com/images/products/3/LN_614148_BP_3.jpg,https://www.waitrose.com/ecom/products/venus-glide-coconut-olay-plat-razor/614148-793478-793479,Venus Glide Coconut & Olay Plat Razor,Each,£10.00,£10 each,Save 1/3. Was £15.00,"Toiletries, Health & Beauty"
613054,Sanctuary Spa Little Moments Gift Set,G,false,1519,https://ecom-su-static-prod.wtrecom.com/images/products/3/LN_613054_BP_3.jpg,https://www.waitrose.com/ecom/products/sanctuary-spa-little-moments-gift-set/613054-811284-811285,Sanctuary Spa Little Moments Gift Set,1Each,£18.00,£18 each,,"Toiletries, Health & Beauty"
612287,10D 3PP Tights Black L,G,false,1520,https://ecom-su-static-prod.wtrecom.com/images/products/3/LN_612287_BP_3.jpg,https://www.waitrose.com/ecom/products/10d-3pp-tights-black-l/612287-819736-819737,10D 3PP Tights Black L,3s,£8.00,£2.67 each,,"Toiletries, Health & Beauty"
612195,10D 3PP Tights Black XL,G,false,1521,https://ecom-su-static-prod.wtrecom.com/images/products/3/LN_612195_BP_3.jpg,https://www.waitrose.com/ecom/products/10d-3pp-tights-black-xl/612195-819734-819735,10D 3PP Tights Black XL,3s,£8.00,£2.67 each,,"Toiletries, Health & Beauty"
612183,Cowshed REFRESH Sanitising Spray,G,true,1522,https://ecom-su-static-prod.wtrecom.com/images/products/3/LN_612183_BP_3.jpg,https://www.waitrose.com/ecom/products/cowshed-refresh-sanitising-spray/612183-728316-728317,Cowshed REFRESH Sanitising Spray,100ml,£6.75,£6.75/100ml,25% Off. Was £9.00,"Toiletries, Health & Beauty"
612077,Waitrose Pure Scalp Care Shampoo,G,false,1523,https://ecom-su-static-prod.wtrecom.com/images/products/3/LN_612077_BP_3.jpg,https://www.waitrose.com/ecom/products/waitrose-pure-scalp-care-shampoo/612077-776948-776949,Waitrose Pure Scalp Care Shampoo,250ml,£3.00,£1.20/100ml,,"Toiletries, Health & Beauty"
611768,E45 Rich 24H Moisturiser Lotion Pump for Dry Skin,G,false,1524,https://ecom-su-static-prod.wtrecom.com/images/products/3/LN_611768_BP_3.jpg,https://www.waitrose.com/ecom/products/e45-rich-24h-moisturiser-lotion-pump-for-dry-skin/611768-667058-667059,E45 Rich 24H Moisturiser Lotion Pump for Dry Skin,400ml,£7.70,£19.25/litre,,"Toiletries, Health & Beauty"
611579,Nivea Men Rehydrating,G,false,1525,https://ecom-su-static-prod.wtrecom.com/images/products/3/LN_611579_BP_3.jpg,https://www.waitrose.com/ecom/products/nivea-men-rehydrating/611579-177272-177273,Nivea Men Rehydrating,75ml,£8.00,£10.67/100ml,,"Toiletries, Health & Beauty"
611340,Wilkinson Sword Xtreme 3 Eco-Green Razors,G,false,1526,https://ecom-su-static-prod.wtrecom.com/images/products/3/LN_611340_BP_3.jpg,https://www.waitrose.com/ecom/products/wilkinson-sword-xtreme-3-eco-green-razors/611340-746183-746184,Wilkinson Sword Xtreme 3 Eco-Green Razors,4s,£5.00,£1.25 each,,"Toiletries, Health & Beauty"
611139,Dove Powder Smooth Anti-Perspirant,G,true,1527,https://ecom-su-static-prod.wtrecom.com/images/products/3/LN_611139_BP_3.jpg,https://www.waitrose.com/ecom/products/dove-powder-smooth-anti-perspirant/611139-802578-802579,Dove Powder Smooth Anti-Perspirant,200ml,£2.60,£1.30/100ml,25% Off. Was £3.50,"Toiletries, Health & Beauty"
610920,John Frieda Sheer Blonde Go Blonder Shampoo,G,false,1528,https://ecom-su-static-prod.wtrecom.com/images/products/3/LN_610920_BP_3.jpg,https://www.waitrose.com/ecom/products/john-frieda-sheer-blonde-go-blonder-shampoo/610920-86669-86670,John Frieda Sheer Blonde Go Blonder Shampoo,250ml,£7.00,£2.80/100ml,,"Toiletries, Health & Beauty"
610650,Nivea Q10 Power Night Cream,G,true,1529,https://ecom-su-static-prod.wtrecom.com/images/products/3/LN_610650_BP_3.jpg,https://www.waitrose.com/ecom/products/nivea-q10-power-night-cream/610650-681041-681042,Nivea Q10 Power Night Cream,50ml,£13.25,£26.50/100ml,Mix & Match Add 2 for 1 Cheaper Item Free,"Toiletries, Health & Beauty"
610282,Oral-B Pro 3 3900 Duo Black/Pink,G,false,1530,https://ecom-su-static-prod.wtrecom.com/images/products/3/LN_610282_BP_3.jpg,https://www.waitrose.com/ecom/products/oral-b-pro-3-3900-duo-black-pink/610282-767603-767604,Oral-B Pro 3 3900 Duo Black/Pink,Each,£168.00,£168 each,,"Toiletries, Health & Beauty"
608096,Durex Thin Feel Condoms Wide Fit,G,false,1531,https://ecom-su-static-prod.wtrecom.com/images/products/3/LN_608096_BP_3.jpg,https://www.waitrose.com/ecom/products/durex-thin-feel-condoms-wide-fit/608096-802576-802577,Durex Thin Feel Condoms Wide Fit,12s,£14.70,£1.23 each,,"Toiletries, Health & Beauty"
607927,Oral-B Cross Action Toothbrush Heads,G,true,1532,https://ecom-su-static-prod.wtrecom.com/images/products/3/LN_607927_BP_3.jpg,https://www.waitrose.com/ecom/products/oral-b-cross-action-toothbrush-heads/607927-392289-392290,Oral-B Cross Action Toothbrush Heads,4s,£13.30,£3.33 each,Save 1/3. Was £19.95,"Toiletries, Health & Beauty"
607790,Wilkinson Quattro Titanium Razors,G,false,1533,https://ecom-su-static-prod.wtrecom.com/images/products/3/LN_607790_BP_3.jpg,https://www.waitrose.com/ecom/products/wilkinson-quattro-titanium-razors/607790-86223-86224,Wilkinson Quattro Titanium Razors,3s,£5.50,£1.84 each,,"Toiletries, Health & Beauty"
607518,Euthymol Whitening Toothpaste,G,false,1534,https://ecom-su-static-prod.wtrecom.com/images/products/3/LN_607518_BP_3.jpg,https://www.waitrose.com/ecom/products/euthymol-whitening-toothpaste/607518-822149-822150,Euthymol Whitening Toothpaste,75ml,£3.49,£4.66/100ml,,"Toiletries, Health & Beauty"
607475,Always Ultra Sanitary Towels Secure Night Size4 Pads,G,false,1535,https://ecom-su-static-prod.wtrecom.com/images/products/3/LN_607475_BP_3.jpg,https://www.waitrose.com/ecom/products/always-ultra-sanitary-towels-secure-night-size4-pads/607475-777352-777353,Always Ultra Sanitary Towels Secure Night Size4 Pads,8s,£2.35,29.4p each,,"Toiletries, Health & Beauty"
607154,Neal's Yard Eye Make Up Remover,G,false,1536,https://ecom-su-static-prod.wtrecom.com/images/products/3/LN_607154_BP_3.jpg,https://www.waitrose.com/ecom/products/neals-yard-eye-make-up-remover/607154-504311-504312,Neal's Yard Eye Make Up Remover,100ml,£16.00,£16/100ml,,"Toiletries, Health & Beauty"
606790,L'Oreal Men Expert Hydra Energetic Shower Gel,G,false,1537,https://ecom-su-static-prod.wtrecom.com/images/products/3/LN_606790_BP_3.jpg,https://www.waitrose.com/ecom/products/loreal-men-expert-hydra-energetic-shower-gel/606790-683676-683677,L'Oreal Men Expert Hydra Energetic Shower Gel,300ml,£4.00,£1.34/100ml,,"Toiletries, Health & Beauty"
606779,SenSpa Nourishing Hand Wash,G,false,1538,https://ecom-su-static-prod.wtrecom.com/images/products/3/LN_606779_BP_3.jpg,https://www.waitrose.com/ecom/products/senspa-nourishing-hand-wash/606779-766949-766950,SenSpa Nourishing Hand Wash,200ml,£5.75,£2.88/100ml,,"Toiletries, Health & Beauty"
604987,Essential Ibuprofen,G,false,1539,https://ecom-su-static-prod.wtrecom.com/images/products/3/LN_604987_BP_3.jpg,https://www.waitrose.com/ecom/products/essential-ibuprofen/604987-311227-311228,Essential Ibuprofen,16s,£2.50,15.6p each,,"Toiletries, Health & Beauty"
604802,Neal's Yards Hand Cream Gift Collection,G,false,1540,https://ecom-su-static-prod.wtrecom.com/images/products/3/LN_604802_BP_3.jpg,https://www.waitrose.com/ecom/products/neals-yards-hand-cream-gift-collection/604802-667046-667047,Neal's Yards Hand Cream Gift Collection,195.7g,£23.00,,,"Toiletries, Health & Beauty"
604286,Lynx Epic Fresh Body Spray,G,true,1541,https://ecom-su-static-prod.wtrecom.com/images/products/3/LN_604286_BP_3.jpg,https://www.waitrose.com/ecom/products/lynx-epic-fresh-body-spray/604286-773780-773781,Lynx Epic Fresh Body Spray,250ml,£3.90,£1.56/100ml,25% Off. Was £5.25,"Toiletries, Health & Beauty"
604200,Gaviscon Original Aniseed Indigestion Liquid,G,false,1542,https://ecom-su-static-prod.wtrecom.com/images/products/3/LN_604200_BP_3.jpg,https://www.waitrose.com/ecom/products/gaviscon-original-aniseed-indigestion-liquid/604200-763866-763867,Gaviscon Original Aniseed Indigestion Liquid,200ml,£6.00,£3/100ml,,"Toiletries, Health & Beauty"
604172,Tommee Tippee First Cup 4M+,G,false,1543,https://ecom-su-static-prod.wtrecom.com/images/products/3/LN_604172_BP_3.jpg,https://www.waitrose.com/ecom/products/tommee-tippee-first-cup-4m/604172-142692-142693,Tommee Tippee First Cup 4M+,each,£2.49,£2.49 each,,"Toiletries, Health & Beauty"
603552,Gillette Fusion 5 Proglide Blades,G,false,1544,https://ecom-su-static-prod.wtrecom.com/images/products/3/LN_603552_BP_3.jpg,https://www.waitrose.com/ecom/products/gillette-fusion-5-proglide-blades/603552-118095-118096,Gillette Fusion 5 Proglide Blades,8s,£30.45,£3.81 each,,"Toiletries, Health & Beauty"
603537,Olay Retinol 24 MAX Regenerist Normal Night Face Cream,G,false,1545,https://ecom-su-static-prod.wtrecom.com/images/products/3/LN_603537_BP_3.jpg,https://www.waitrose.com/ecom/products/olay-retinol-24-max-regenerist-normal-night-face-cream/603537-777350-777351,Olay Retinol 24 MAX Regenerist Normal Night Face Cream,50ml,£46.20,£92.40/100ml,,"Toiletries, Health & Beauty"
603455,Menopace Night,G,true,1546,https://ecom-su-static-prod.wtrecom.com/images/products/3/LN_603455_BP_3.jpg,https://www.waitrose.com/ecom/products/menopace-night/603455-85613-85614,Menopace Night,30s,£8.83,29.4p each,Save 1/3. Was £13.25,"Toiletries, Health & Beauty"
602469,10D 2PP Ladder Resist Tights Black L,G,false,1547,https://ecom-su-static-prod.wtrecom.com/images/products/3/LN_602469_BP_3.jpg,https://www.waitrose.com/ecom/products/10d-2pp-ladder-resist-tights-black-l/602469-819730-819731,10D 2PP Ladder Resist Tights Black L,2s,£15.00,£7.50 each,,"Toiletries, Health & Beauty"
602107,Seven Seas Jointcare Active,G,false,1548,https://ecom-su-static-prod.wtrecom.com/images/products/3/LN_602107_BP_3.jpg,https://www.waitrose.com/ecom/products/seven-seas-jointcare-active/602107-311225-311226,Seven Seas Jointcare Active,30s,£14.70,49p each,,"Toiletries, Health & Beauty"
599941,Baylis & Harding Amber & Fig Handwash,G,false,1549,https://ecom-su-static-prod.wtrecom.com/images/products/3/LN_599941_BP_3.jpg,https://www.waitrose.com/ecom/products/baylis-harding-amber-fig-handwash/599941-747474-747475,Baylis & Harding Amber & Fig Handwash,500ml,£3.00,60p/100ml,,"Toiletries, Health & Beauty"
599929,Neal's Yard Peppermint & Lime Roll on Deodorant,G,false,1550,https://ecom-su-static-prod.wtrecom.com/images/products/3/LN_599929_BP_3.jpg,https://www.waitrose.com/ecom/products/neals-yard-peppermint-lime-roll-on-deodorant/599929-576805-576806,Neal's Yard Peppermint & Lime Roll on Deodorant,50ml,£11.00,£22/100ml,,"Toiletries, Health & Beauty"
598743,John Frieda Blonde+ Repair System Conditioner,G,false,1551,https://ecom-su-static-prod.wtrecom.com/images/products/3/LN_598743_BP_3.jpg,https://www.waitrose.com/ecom/products/john-frieda-blonde-repair-system-conditioner/598743-820614-820615,John Frieda Blonde+ Repair System Conditioner,250ml,£9.45,£3.78/100ml,,"Toiletries, Health & Beauty"
598636,Vaseline Expert Care Dark Spot Rescue Lotion SPF 20 100ml,G,false,1552,https://ecom-su-static-prod.wtrecom.com/images/products/3/LN_598636_BP_3.jpg,https://www.waitrose.com/ecom/products/vaseline-expert-care-dark-spot-rescue-lotion-spf-20-100ml/598636-769120-769121,Vaseline Expert Care Dark Spot Rescue Lotion SPF 20 100ml,100ml,£3.00,£3/100ml,,"Toiletries, Health & Beauty"
598397,The Solution Vitamin C Brightening Body Lotion,G,true,1553,https://ecom-su-static-prod.wtrecom.com/images/products/3/LN_598397_BP_3.jpg,https://www.waitrose.com/ecom/products/the-solution-vitamin-c-brightening-body-lotion/598397-824818-824819,The Solution Vitamin C Brightening Body Lotion,200ml,£10.00,£5/100ml,Add 2 get 2nd half price,"Toiletries, Health & Beauty"
598348,Bach Blackcurrant Rescue Pastilles,G,false,1554,https://ecom-su-static-prod.wtrecom.com/images/products/3/LN_598348_BP_3.jpg,https://www.waitrose.com/ecom/products/bach-blackcurrant-rescue-pastilles/598348-84845-84846,Bach Blackcurrant Rescue Pastilles,50g,£8.00,£16/100g,,"Toiletries, Health & Beauty"
597683,Percy & Reed Session Styling Blow Dry Spray,G,true,1555,https://ecom-su-static-prod.wtrecom.com/images/products/3/LN_597683_BP_3.jpg,https://www.waitrose.com/ecom/products/percy-reed-session-styling-blow-dry-spray/597683-695545-695546,Percy & Reed Session Styling Blow Dry Spray,150ml,£12.00,£8/100ml,Save 1/3. Was £18.00,"Toiletries, Health & Beauty"
597054,Oral-B Pro Expert Extra Clean Eco Toothbrush,G,true,1556,https://ecom-su-static-prod.wtrecom.com/images/products/3/LN_597054_BP_3.jpg,https://www.waitrose.com/ecom/products/oral-b-pro-expert-extra-clean-eco-toothbrush/597054-809086-809087,Oral-B Pro Expert Extra Clean Eco Toothbrush,1Each,£2.00,£2 each,Half Price. Was £4.00,"Toiletries, Health & Beauty"
596815,Better You Magnesium Sleep Body Spray,G,false,1557,https://ecom-su-static-prod.wtrecom.com/images/products/3/LN_596815_BP_3.jpg,https://www.waitrose.com/ecom/products/better-you-magnesium-sleep-body-spray/596815-763816-763817,Better You Magnesium Sleep Body Spray,100ml,£14.65,£14.65/100ml,,"Toiletries, Health & Beauty"
596138,Sure Uplifting & Fresh 72H Deodorant,G,true,1558,https://ecom-su-static-prod.wtrecom.com/images/products/3/LN_596138_BP_3.jpg,https://www.waitrose.com/ecom/products/sure-uplifting-fresh-72h-deodorant/596138-780649-780650,Sure Uplifting & Fresh 72H Deodorant,250ml,£2.85,£1.14/100ml,25% Off. Was £3.80,"Toiletries, Health & Beauty"
595773,Garnier Vitamin C Day Cream,G,true,1559,https://ecom-su-static-prod.wtrecom.com/images/products/3/LN_595773_BP_3.jpg,https://www.waitrose.com/ecom/products/garnier-vitamin-c-day-cream/595773-824816-824817,Garnier Vitamin C Day Cream,50ml,£5.00,£10/100ml,Save 1/3. Was £7.50,"Toiletries, Health & Beauty"
595537,Neal's Yard Rose Facial Wash,G,false,1560,https://ecom-su-static-prod.wtrecom.com/images/products/3/LN_595537_BP_3.jpg,https://www.waitrose.com/ecom/products/neals-yard-rose-facial-wash/595537-136020-136021,Neal's Yard Rose Facial Wash,100ml,£19.00,£19/100ml,,"Toiletries, Health & Beauty"
594896,Nature's Bounty Magnesium,G,true,1561,https://ecom-su-static-prod.wtrecom.com/images/products/3/LN_594896_BP_3.jpg,https://www.waitrose.com/ecom/products/natures-bounty-magnesium/594896-746175-746176,Nature's Bounty Magnesium,100s,£8.40,8.4p each,Save 1/3. Was £12.60,"Toiletries, Health & Beauty"
594749,Bondi Sands Self Tan Foam Light,G,true,1562,https://ecom-su-static-prod.wtrecom.com/images/products/3/LN_594749_BP_3.jpg,https://www.waitrose.com/ecom/products/bondi-sands-self-tan-foam-light/594749-824814-824815,Bondi Sands Self Tan Foam Light,200ml,£13.99,£7/100ml,save £3.51. Was £17.50,"Toiletries, Health & Beauty"
594520,Zoflora Cleaning Wipes Midnight Bloom,G,false,1563,https://ecom-su-static-prod.wtrecom.com/images/products/3/LN_594520_BP_3.jpg,https://www.waitrose.com/ecom/products/zoflora-cleaning-wipes-midnight-bloom/594520-813272-813273,Zoflora Cleaning Wipes Midnight Bloom,70Each,£3.00,4.3p each,,"Toiletries, Health & Beauty"
593789,SenSpa Nourishing Hair & Scalp Mask,G,false,1564,https://ecom-su-static-prod.wtrecom.com/images/products/3/LN_593789_BP_3.jpg,https://www.waitrose.com/ecom/products/senspa-nourishing-hair-scalp-mask/593789-762020-762021,SenSpa Nourishing Hair & Scalp Mask,200ml,£7.50,£3.75/100ml,,"Toiletries, Health & Beauty"
593000,Aussie SOS Kiss of Life Conditioner,G,true,1565,https://ecom-su-static-prod.wtrecom.com/images/products/3/LN_593000_BP_3.jpg,https://www.waitrose.com/ecom/products/aussie-sos-kiss-of-life-conditioner/593000-746321-746322,Aussie SOS Kiss of Life Conditioner,200ml,£4.00,£20/litre,Save 1/3. Was £6.00,"Toiletries, Health & Beauty"
592993,Umberto Giannini Curl Jelly Refresh,G,false,1566,https://ecom-su-static-prod.wtrecom.com/images/products/3/LN_592993_BP_3.jpg,https://www.waitrose.com/ecom/products/umberto-giannini-curl-jelly-refresh/592993-780639-780640,Umberto Giannini Curl Jelly Refresh,150ml,£9.40,£6.27/100ml,,"Toiletries, Health & Beauty"
592562,Baylis & Harding Goodness Lavender & Bergamot Soak,G,false,1567,https://ecom-su-static-prod.wtrecom.com/images/products/3/LN_592562_BP_3.jpg,https://www.waitrose.com/ecom/products/baylis-harding-goodness-lavender-bergamot-soak/592562-782992-782993,Baylis & Harding Goodness Lavender & Bergamot Soak,500ml,£5.25,£1.05/100ml,,"Toiletries, Health & Beauty"
592316,MONO PRINT FULL BRIEF 14,G,false,1568,https://ecom-su-static-prod.wtrecom.com/images/products/3/LN_592316_BP_3.jpg,https://www.waitrose.com/ecom/products/mono-print-full-brief-14/592316-806243-806244,MONO PRINT FULL BRIEF 14,5s,£14.00,£2.80 each,,"Toiletries, Health & Beauty"
591748,Waitrose Pure Face Wash,G,false,1569,https://ecom-su-static-prod.wtrecom.com/images/products/3/LN_591748_BP_3.jpg,https://www.waitrose.com/ecom/products/waitrose-pure-face-wash/591748-772758-772759,Waitrose Pure Face Wash,150ml,£2.50,£1.67/100ml,,"Toiletries, Health & Beauty"
590733,Revitalift Laser Renew Anti-Age,G,true,1570,https://ecom-su-static-prod.wtrecom.com/images/products/3/LN_590733_BP_3.jpg,https://www.waitrose.com/ecom/products/revitalift-laser-renew-anti-age/590733-704123-704124,Revitalift Laser Renew Anti-Age,50ml,£15.75,£31.50/100ml,Half Price. Was £31.50,"Toiletries, Health & Beauty"
590142,Nivea Soft Moisturising Cream,G,false,1571,https://ecom-su-static-prod.wtrecom.com/images/products/3/LN_590142_BP_3.jpg,https://www.waitrose.com/ecom/products/nivea-soft-moisturising-cream/590142-824812-824813,Nivea Soft Moisturising Cream,500ml,£11.50,£2.30/100ml,,"Toiletries, Health & Beauty"
590012,Pink Trainer Socks,G,false,1572,https://ecom-su-static-prod.wtrecom.com/images/products/3/LN_590012_BP_3.jpg,https://www.waitrose.com/ecom/products/pink-trainer-socks/590012-798732-798733,Pink Trainer Socks,3s,£8.00,£2.67 each,,"Toiletries, Health & Beauty"
589473,Richard Ward Dry Rejuvenating Shampoo,G,true,1573,https://ecom-su-static-prod.wtrecom.com/images/products/3/LN_589473_BP_3.jpg,https://www.waitrose.com/ecom/products/richard-ward-dry-rejuvenating-shampoo/589473-757353-757354,Richard Ward Dry Rejuvenating Shampoo,200ml,£4.00,£2/100ml,Half Price. Was £8.00,"Toiletries, Health & Beauty"
589449,Incognito Insect Repellent Lotion,G,true,1574,https://ecom-su-static-prod.wtrecom.com/images/products/3/LN_589449_BP_3.jpg,https://www.waitrose.com/ecom/products/incognito-insect-repellent-lotion/589449-805951-805952,Incognito Insect Repellent Lotion,100ml,£15.00,£15/100ml,Buyers Choice,"Toiletries, Health & Beauty"
587934,Lil-Lets Teens Towels with Wings,G,true,1575,https://ecom-su-static-prod.wtrecom.com/images/products/3/LN_587934_BP_3.jpg,https://www.waitrose.com/ecom/products/lil-lets-teens-towels-with-wings/587934-141208-141209,Lil-Lets Teens Towels with Wings,14s,£2.00,14.3p each,Add 2 for £2.50,"Toiletries, Health & Beauty"
587180,Galpharm Rehydration Sachets,G,false,1576,https://ecom-su-static-prod.wtrecom.com/images/products/3/LN_587180_BP_3.jpg,https://www.waitrose.com/ecom/products/galpharm-rehydration-sachets/587180-763758-763759,Galpharm Rehydration Sachets,6s,£2.80,£2.80 each,,"Toiletries, Health & Beauty"
586866,Sambucol Liquid Immuno Forte,G,true,1577,https://ecom-su-static-prod.wtrecom.com/images/products/3/LN_586866_BP_3.jpg,https://www.waitrose.com/ecom/products/sambucol-liquid-immuno-forte/586866-83185-83186,Sambucol Liquid Immuno Forte,120ml,£8.00,£6.67/100ml,save £2.40. Was £10.40,"Toiletries, Health & Beauty"
586595,Aveeno Blackberry Blend Conditioner,G,false,1578,https://ecom-su-static-prod.wtrecom.com/images/products/3/LN_586595_BP_3.jpg,https://www.waitrose.com/ecom/products/aveeno-blackberry-blend-conditioner/586595-800248-800249,Aveeno Blackberry Blend Conditioner,300ml,£8.40,£2.80/100ml,,"Toiletries, Health & Beauty"
586171,Neal's Yard Aromatic Shower Gel,G,false,1579,https://ecom-su-static-prod.wtrecom.com/images/products/3/LN_586171_BP_3.jpg,https://www.waitrose.com/ecom/products/neals-yard-aromatic-shower-gel/586171-667014-667015,Neal's Yard Aromatic Shower Gel,200ml,£15.00,£7.50/100ml,,"Toiletries, Health & Beauty"
586136,Always Ultra Sanitary Towels Day & Night Size3 Pads,G,false,1580,https://ecom-su-static-prod.wtrecom.com/images/products/3/LN_586136_BP_3.jpg,https://www.waitrose.com/ecom/products/always-ultra-sanitary-towels-day-night-size3-pads/586136-406716-406717,Always Ultra Sanitary Towels Day & Night Size3 Pads,9s,£2.35,26.1p each,,"Toiletries, Health & Beauty"
585505,40D Ankle High Black,G,false,1581,https://ecom-su-static-prod.wtrecom.com/images/products/3/LN_585505_BP_3.jpg,https://www.waitrose.com/ecom/products/40d-ankle-high-black/585505-791336-791337,40D Ankle High Black,2s,£4.50,£2.25 each,,"Toiletries, Health & Beauty"
585290,Waitrose Pure Day Cream,G,false,1582,https://ecom-su-static-prod.wtrecom.com/images/products/3/LN_585290_BP_3.jpg,https://www.waitrose.com/ecom/products/waitrose-pure-day-cream/585290-772756-772757,Waitrose Pure Day Cream,50ml,£3.50,£7/100ml,,"Toiletries, Health & Beauty"
585273,Noughty Get Set Grow Thicken Conditioner,G,true,1583,https://ecom-su-static-prod.wtrecom.com/images/products/3/LN_585273_BP_3.jpg,https://www.waitrose.com/ecom/products/noughty-get-set-grow-thicken-conditioner/585273-769748-769749,Noughty Get Set Grow Thicken Conditioner,250ML,£5.30,£2.12/100ml,Save 1/3. Was £7.99,"Toiletries, Health & Beauty"
584545,Garnier Vitamin C Brightening Serum Cream SPF25,G,true,1584,https://ecom-su-static-prod.wtrecom.com/images/products/3/LN_584545_BP_3.jpg,https://www.waitrose.com/ecom/products/garnier-vitamin-c-brightening-serum-cream-spf25/584545-824808-824809,Garnier Vitamin C Brightening Serum Cream SPF25,50ml,£7.33,£14.66/100ml,Save 1/3. Was £11.00,"Toiletries, Health & Beauty"
584013,Argan+ Rose Otto Oil Tinted Lip Balm,G,true,1585,https://ecom-su-static-prod.wtrecom.com/images/products/3/LN_584013_BP_3.jpg,https://www.waitrose.com/ecom/products/argan-rose-otto-oil-tinted-lip-balm/584013-730716-730717,Argan+ Rose Otto Oil Tinted Lip Balm,15ml,£4.00,£26.67/100ml,Add 2 get 2nd half price Cheaper Item Half Price,"Toiletries, Health & Beauty"
583946,Neal's Yard Organic Lavender Shampoo,G,false,1586,https://ecom-su-static-prod.wtrecom.com/images/products/3/LN_583946_BP_3.jpg,https://www.waitrose.com/ecom/products/neals-yard-organic-lavender-shampoo/583946-82773-82774,Neal's Yard Organic Lavender Shampoo,200ml,£11.50,£5.75/100ml,,"Toiletries, Health & Beauty"
583047,Bodyform Ultra Long 22 pack,G,true,1587,https://ecom-su-static-prod.wtrecom.com/images/products/3/LN_583047_BP_3.jpg,https://www.waitrose.com/ecom/products/bodyform-ultra-long-22-pack/583047-174566-174567,Bodyform Ultra Long 22 pack,22s,£2.75,12.5p each,Add 2 for £4,"Toiletries, Health & Beauty"
582908,King of Shaves Antibacterial Gel,G,false,1588,https://ecom-su-static-prod.wtrecom.com/images/products/3/LN_582908_BP_3.jpg,https://www.waitrose.com/ecom/products/king-of-shaves-antibacterial-gel/582908-82623-82624,King of Shaves Antibacterial Gel,175ml,£5.25,£3/100ml,,"Toiletries, Health & Beauty"
582586,Ordo Sonic Brush Heads - Charcoal Grey,G,true,1589,https://ecom-su-static-prod.wtrecom.com/images/products/3/LN_582586_BP_3.jpg,https://www.waitrose.com/ecom/products/ordo-sonic-brush-heads-charcoal-grey/582586-822139-822140,Ordo Sonic Brush Heads - Charcoal Grey,4x13g,£15.00,,save £3.00. Was £18.00,"Toiletries, Health & Beauty"
582539,80D Opaque Tights Black Small,G,false,1590,https://ecom-su-static-prod.wtrecom.com/images/products/3/LN_582539_BP_3.jpg,https://www.waitrose.com/ecom/products/80d-opaque-tights-black-small/582539-791334-791335,80D Opaque Tights Black Small,2s,£10.00,£5 each,,"Toiletries, Health & Beauty"
582132,OGX Hydrate & Revive+ Argan Oil Shampoo,G,true,1591,https://ecom-su-static-prod.wtrecom.com/images/products/3/LN_582132_BP_3.jpg,https://www.waitrose.com/ecom/products/ogx-hydrate-revive-argan-oil-shampoo/582132-472091-472092,OGX Hydrate & Revive+ Argan Oil Shampoo,385ml,£4.72,£12.26/litre,Half Price. Was £9.45,"Toiletries, Health & Beauty"
581123,Navy Cotton Silk,G,false,1592,https://ecom-su-static-prod.wtrecom.com/images/products/3/LN_581123_BP_3.jpg,https://www.waitrose.com/ecom/products/navy-cotton-silk/581123-781859-781860,Navy Cotton Silk,each,£7.00,£7 each,,"Toiletries, Health & Beauty"
579809,Waitrose Pure Night Cream,G,false,1593,https://ecom-su-static-prod.wtrecom.com/images/products/3/LN_579809_BP_3.jpg,https://www.waitrose.com/ecom/products/waitrose-pure-night-cream/579809-772754-772755,Waitrose Pure Night Cream,50ml,£3.50,£7/100ml,,"Toiletries, Health & Beauty"
579763,Waken Peppermint Dental Floss,G,false,1594,https://ecom-su-static-prod.wtrecom.com/images/products/3/LN_579763_BP_3.jpg,https://www.waitrose.com/ecom/products/waken-peppermint-dental-floss/579763-776710-776711,Waken Peppermint Dental Floss,Each,£3.50,£3.50 each,,"Toiletries, Health & Beauty"
579637,Colgate Deep Clean Whitening Toothpaste,G,true,1595,https://ecom-su-static-prod.wtrecom.com/images/products/3/LN_579637_BP_3.jpg,https://www.waitrose.com/ecom/products/colgate-deep-clean-whitening-toothpaste/579637-814971-814972,Colgate Deep Clean Whitening Toothpaste,125ml,£2.50,£2/100ml,Half Price. Was £5.00,"Toiletries, Health & Beauty"
579584,60D Bodyshaper Opaque Tights M,G,false,1596,https://ecom-su-static-prod.wtrecom.com/images/products/3/LN_579584_BP_3.jpg,https://www.waitrose.com/ecom/products/60d-bodyshaper-opaque-tights-m/579584-791332-791333,60D Bodyshaper Opaque Tights M,each,£10.50,£10.50 each,,"Toiletries, Health & Beauty"
579536,O'Keeffe's Working Hands Jar,G,false,1597,https://ecom-su-static-prod.wtrecom.com/images/products/3/LN_579536_BP_3.jpg,https://www.waitrose.com/ecom/products/okeeffes-working-hands-jar/579536-819538-819539,O'Keeffe's Working Hands Jar,96g,£9.50,£9.90/100g,,"Toiletries, Health & Beauty"
579008,Gillette Fusion Proglide 5,G,true,1598,https://ecom-su-static-prod.wtrecom.com/images/products/3/LN_579008_BP_3.jpg,https://www.waitrose.com/ecom/products/gillette-fusion-proglide-5/579008-716565-716566,Gillette Fusion Proglide 5,Each,£15.75,£15.75 each,Save 1/3. Was £23.65,"Toiletries, Health & Beauty"
578927,Burt's Bees Honey Lip Balm,G,false,1599,https://ecom-su-static-prod.wtrecom.com/images/products/3/LN_578927_BP_3.jpg,https://www.waitrose.com/ecom/products/burts-bees-honey-lip-balm/578927-667008-667009,Burt's Bees Honey Lip Balm,4.25g,£4.95,£116.48/100g,,"Toiletries, Health & Beauty"
578724,Sudafed Blocked Nose Capsules,G,false,1600,https://ecom-su-static-prod.wtrecom.com/images/products/3/LN_578724_BP_3.jpg,https://www.waitrose.com/ecom/products/sudafed-blocked-nose-capsules/578724-763716-763717,Sudafed Blocked Nose Capsules,16s,£5.80,36.3p each,,"Toiletries, Health & Beauty"
578596,Kind Protein Double Dark Chocolate Nut,G,true,1601,https://ecom-su-static-prod.wtrecom.com/images/products/3/LN_578596_BP_3.jpg,https://www.waitrose.com/ecom/products/kind-protein-double-dark-chocolate-nut/578596-713566-713567,Kind Protein Double Dark Chocolate Nut,50g,£2.30,£4.60/100g,"£5 Food to Go Meal Deal: Add 1 Main, 1 Snack and 1 Drink","Toiletries, Health & Beauty"
577837,Super Facialist Vitamin C+ Brighten Cleansing Oil,G,false,1602,https://ecom-su-static-prod.wtrecom.com/images/products/3/LN_577837_BP_3.jpg,https://www.waitrose.com/ecom/products/super-facialist-vitamin-c-brighten-cleansing-oil/577837-730708-730709,Super Facialist Vitamin C+ Brighten Cleansing Oil,200ml,£14.00,£7/100ml,,"Toiletries, Health & Beauty"
577191,Nicorette Icy White Nicotine Gum 2mg,G,false,1603,https://ecom-su-static-prod.wtrecom.com/images/products/3/LN_577191_BP_3.jpg,https://www.waitrose.com/ecom/products/nicorette-icy-white-nicotine-gum-2mg/577191-755921-755922,Nicorette Icy White Nicotine Gum 2mg,210s,£23.00,11p each,,"Toiletries, Health & Beauty"
576385,Senspa Lightweight Hydrate Conditioner,G,false,1604,https://ecom-su-static-prod.wtrecom.com/images/products/3/LN_576385_BP_3.jpg,https://www.waitrose.com/ecom/products/senspa-lightweight-hydrate-conditioner/576385-762014-762015,Senspa Lightweight Hydrate Conditioner,200ml,£6.25,£3.13/100ml,,"Toiletries, Health & Beauty"
576250,L'Oréal Extraordinary Oil,G,false,1605,https://ecom-su-static-prod.wtrecom.com/images/products/3/LN_576250_BP_3.jpg,https://www.waitrose.com/ecom/products/loreal-extraordinary-oil/576250-716547-716548,L'Oréal Extraordinary Oil,100ml,£10.00,£10/100ml,,"Toiletries, Health & Beauty"
576196,Colgate Max White Battery Toothbrush,G,false,1606,https://ecom-su-static-prod.wtrecom.com/images/products/3/LN_576196_BP_3.jpg,https://www.waitrose.com/ecom/products/colgate-max-white-battery-toothbrush/576196-793456-793457,Colgate Max White Battery Toothbrush,Each,£7.00,£7 each,,"Toiletries, Health & Beauty"
575961,Nexium Control Heartburn Relief Capsules,G,false,1607,https://ecom-su-static-prod.wtrecom.com/images/products/3/LN_575961_BP_3.jpg,https://www.waitrose.com/ecom/products/nexium-control-heartburn-relief-capsules/575961-625126-625127,Nexium Control Heartburn Relief Capsules,14s,£14.70,£1.05 each,,"Toiletries, Health & Beauty"
575660,Fybogel Hi-Fibre Orange Flavour Drink,G,false,1608,https://ecom-su-static-prod.wtrecom.com/images/products/3/LN_575660_BP_3.jpg,https://www.waitrose.com/ecom/products/fybogel-hi-fibre-orange-flavour-drink/575660-802566-802567,Fybogel Hi-Fibre Orange Flavour Drink,30s,£10.25,34.2p each,,"Toiletries, Health & Beauty"
575607,Bull Dog Original Beard Balm,G,true,1609,https://ecom-su-static-prod.wtrecom.com/images/products/3/LN_575607_BP_3.jpg,https://www.waitrose.com/ecom/products/bull-dog-original-beard-balm/575607-773778-773779,Bull Dog Original Beard Balm,75ml,£5.60,£7.47/100ml,Save 1/3. Was £8.40,"Toiletries, Health & Beauty"
574804,Mitchum Unscented Roll-On Deodorant,G,false,1610,https://ecom-su-static-prod.wtrecom.com/images/products/3/LN_574804_BP_3.jpg,https://www.waitrose.com/ecom/products/mitchum-unscented-roll-on-deodorant/574804-760574-760575,Mitchum Unscented Roll-On Deodorant,100ml,£3.50,£3.50/100ml,,"Toiletries, Health & Beauty"
574201,Herbal Essences Hello Hydration,G,false,1611,https://ecom-su-static-prod.wtrecom.com/images/products/3/LN_574201_BP_3.jpg,https://www.waitrose.com/ecom/products/herbal-essences-hello-hydration/574201-793454-793455,Herbal Essences Hello Hydration,400ml,£3.00,75p/100ml,,"Toiletries, Health & Beauty"
574088,Bulldog Lemon & Bergamot Shower Gel,G,true,1612,https://ecom-su-static-prod.wtrecom.com/images/products/3/LN_574088_BP_3.jpg,https://www.waitrose.com/ecom/products/bulldog-lemon-bergamot-shower-gel/574088-729698-729699,Bulldog Lemon & Bergamot Shower Gel,500ml,£3.50,70p/100ml,Save 1/3. Was £5.25,"Toiletries, Health & Beauty"
573784,Always Discreet Underwear Incontinence Pants Plus Medium,G,false,1613,https://ecom-su-static-prod.wtrecom.com/images/products/3/LN_573784_BP_3.jpg,https://www.waitrose.com/ecom/products/always-discreet-underwear-incontinence-pants-plus-medium/573784-461072-461073,Always Discreet Underwear Incontinence Pants Plus Medium,9s,£9.45,£1.05 each,,"Toiletries, Health & Beauty"
573703,Faith In Nature Rosemary Shampoo,G,false,1614,https://ecom-su-static-prod.wtrecom.com/images/products/3/LN_573703_BP_3.jpg,https://www.waitrose.com/ecom/products/faith-in-nature-rosemary-shampoo/573703-820608-820609,Faith In Nature Rosemary Shampoo,400ml,£8.00,£2/100ml,,"Toiletries, Health & Beauty"
573669,Richard Ward Vegan Cleansing Shampoo,G,true,1615,https://ecom-su-static-prod.wtrecom.com/images/products/3/LN_573669_BP_3.jpg,https://www.waitrose.com/ecom/products/richard-ward-vegan-cleansing-shampoo/573669-757345-757346,Richard Ward Vegan Cleansing Shampoo,300ml,£4.00,£1.34/100ml,Half Price. Was £8.00,"Toiletries, Health & Beauty"
573596,Ultrasun UV Face & Scalp Sun Mist SPF50,G,true,1616,https://ecom-su-static-prod.wtrecom.com/images/products/3/LN_573596_BP_3.jpg,https://www.waitrose.com/ecom/products/ultrasun-uv-face-scalp-sun-mist-spf50/573596-777344-777345,Ultrasun UV Face & Scalp Sun Mist SPF50,75ml,£16.00,£21.34/100ml,save £4.00. Was £20.00,"Toiletries, Health & Beauty"
573559,John Lewis Merino Ankle Socks 2 Pair,G,false,1617,https://ecom-su-static-prod.wtrecom.com/images/products/3/LN_573559_BP_3.jpg,https://www.waitrose.com/ecom/products/john-lewis-merino-ankle-socks-2-pair/573559-737385-737386,John Lewis Merino Ankle Socks 2 Pair,2s,£12.00,£6 each,,"Toiletries, Health & Beauty"
573278,Super Facialist Energising Face Wash,G,false,1618,https://ecom-su-static-prod.wtrecom.com/images/products/3/LN_573278_BP_3.jpg,https://www.waitrose.com/ecom/products/super-facialist-energising-face-wash/573278-772752-772753,Super Facialist Energising Face Wash,150ml,£9.45,£6.30/100ml,,"Toiletries, Health & Beauty"
573244,Harry's Razor Blades,G,false,1619,https://ecom-su-static-prod.wtrecom.com/images/products/3/LN_573244_BP_3.jpg,https://www.waitrose.com/ecom/products/harrys-razor-blades/573244-773776-773777,Harry's Razor Blades,8s,£17.85,£2.24 each,,"Toiletries, Health & Beauty"
572859,Radox Mineral Therapy Muscle Bath Soak,G,false,1620,https://ecom-su-static-prod.wtrecom.com/images/products/3/LN_572859_BP_3.jpg,https://www.waitrose.com/ecom/products/radox-mineral-therapy-muscle-bath-soak/572859-746171-746172,Radox Mineral Therapy Muscle Bath Soak,500ml,£1.60,32p/100ml,,"Toiletries, Health & Beauty"
572801,PÄRLA Mouthwash Probiotic Tabs,G,false,1621,https://ecom-su-static-prod.wtrecom.com/images/products/3/LN_572801_BP_3.jpg,https://www.waitrose.com/ecom/products/parla-mouthwash-probiotic-tabs/572801-822135-822136,PÄRLA Mouthwash Probiotic Tabs,45s,£7.00,15.6p each,,"Toiletries, Health & Beauty"
572664,Old Spice Captain Deodorant Stick,G,true,1622,https://ecom-su-static-prod.wtrecom.com/images/products/3/LN_572664_BP_3.jpg,https://www.waitrose.com/ecom/products/old-spice-captain-deodorant-stick/572664-770676-770677,Old Spice Captain Deodorant Stick,50ml,£2.60,£5.20/100ml,Save 1/3. Was £3.95,"Toiletries, Health & Beauty"
572094,Nivea Sun SPF50+ Sensitive Protect,G,true,1623,https://ecom-su-static-prod.wtrecom.com/images/products/3/LN_572094_BP_3.jpg,https://www.waitrose.com/ecom/products/nivea-sun-spf50-sensitive-protect/572094-692339-692340,Nivea Sun SPF50+ Sensitive Protect,200ml,£7.60,£3.80/100ml,save £1.90. Was £9.50,"Toiletries, Health & Beauty"
570969,Tisserand Tea Tree Essential Oil,G,true,1624,https://ecom-su-static-prod.wtrecom.com/images/products/3/LN_570969_BP_3.jpg,https://www.waitrose.com/ecom/products/tisserand-tea-tree-essential-oil/570969-763664-763665,Tisserand Tea Tree Essential Oil,9ml,£4.50,£50/100ml,25% Off. Was £6.00,"Toiletries, Health & Beauty"
570636,Nelsons Arnicare Arnica Cream,G,false,1625,https://ecom-su-static-prod.wtrecom.com/images/products/3/LN_570636_BP_3.jpg,https://www.waitrose.com/ecom/products/nelsons-arnicare-arnica-cream/570636-229127-229128,Nelsons Arnicare Arnica Cream,50g,£9.10,£18.20/100g,,"Toiletries, Health & Beauty"
570056,Olay Regenerist Day Cream,G,true,1626,https://ecom-su-static-prod.wtrecom.com/images/products/3/LN_570056_BP_3.jpg,https://www.waitrose.com/ecom/products/olay-regenerist-day-cream/570056-80732-80733,Olay Regenerist Day Cream,50ml,£17.85,£35.70/100ml,Half Price. Was £35.70,"Toiletries, Health & Beauty"
569439,Faith in Nature Seaweed & Citrus Body Wash,G,false,1627,https://ecom-su-static-prod.wtrecom.com/images/products/3/LN_569439_BP_3.jpg,https://www.waitrose.com/ecom/products/faith-in-nature-seaweed-citrus-body-wash/569439-719562-719563,Faith in Nature Seaweed & Citrus Body Wash,400ml,£6.30,£1.58/100ml,,"Toiletries, Health & Beauty"
569394,Balance Me Super Berry Cleansing Balm,G,false,1628,https://ecom-su-static-prod.wtrecom.com/images/products/3/LN_569394_BP_3.jpg,https://www.waitrose.com/ecom/products/balance-me-super-berry-cleansing-balm/569394-800214-800215,Balance Me Super Berry Cleansing Balm,100ml,£39.00,£39/100ml,,"Toiletries, Health & Beauty"
567673,Tresemme Lamellar Shine Leave-In Cream Serum,G,true,1629,https://ecom-su-static-prod.wtrecom.com/images/products/3/LN_567673_BP_3.jpg,https://www.waitrose.com/ecom/products/tresemme-lamellar-shine-leave-in-cream-serum/567673-820606-820607,Tresemme Lamellar Shine Leave-In Cream Serum,200ml,£3.86,£1.93/100ml,Save 1/3. Was £5.80,"Toiletries, Health & Beauty"
567602,Sanex Dermo Care Roll On,G,true,1630,https://ecom-su-static-prod.wtrecom.com/images/products/3/LN_567602_BP_3.jpg,https://www.waitrose.com/ecom/products/sanex-dermo-care-roll-on/567602-802564-802565,Sanex Dermo Care Roll On,50ml,£1.25,£2.50/100ml,save 55p. Was £1.80,"Toiletries, Health & Beauty"
567278,TRUYU Slant Tip Tweezers,G,false,1631,https://ecom-su-static-prod.wtrecom.com/images/products/3/LN_567278_BP_3.jpg,https://www.waitrose.com/ecom/products/truyu-slant-tip-tweezers/567278-814967-814968,TRUYU Slant Tip Tweezers,Each,£4.00,£4 each,,"Toiletries, Health & Beauty"
566880,Haliborange Softies Omega-3 & Vitamins,G,true,1632,https://ecom-su-static-prod.wtrecom.com/images/products/3/LN_566880_BP_3.jpg,https://www.waitrose.com/ecom/products/haliborange-softies-omega-3-vitamins/566880-327600-327601,Haliborange Softies Omega-3 & Vitamins,30s,£5.00,16.7p each,save £1.10. Was £6.10,"Toiletries, Health & Beauty"
566090,Bulldog Sensitive Moisturiser,G,true,1633,https://ecom-su-static-prod.wtrecom.com/images/products/3/LN_566090_BP_3.jpg,https://www.waitrose.com/ecom/products/bulldog-sensitive-moisturiser/566090-246245-246246,Bulldog Sensitive Moisturiser,100ml,£4.60,£4.60/100ml,Save 1/3. Was £6.95,"Toiletries, Health & Beauty"
565663,Bulldog Original Face Scrub,G,true,1634,https://ecom-su-static-prod.wtrecom.com/images/products/3/LN_565663_BP_3.jpg,https://www.waitrose.com/ecom/products/bulldog-original-face-scrub/565663-423023-423024,Bulldog Original Face Scrub,125ml,£3.85,£3.08/100ml,Save 1/3. Was £5.80,"Toiletries, Health & Beauty"
565327,Ultrasun Family Sun Lotion SPF30,G,true,1635,https://ecom-su-static-prod.wtrecom.com/images/products/3/LN_565327_BP_3.jpg,https://www.waitrose.com/ecom/products/ultrasun-family-sun-lotion-spf30/565327-800202-800203,Ultrasun Family Sun Lotion SPF30,100ml,£19.20,£19.20/100ml,save £4.80. Was £24.00,"Toiletries, Health & Beauty"
564805,Neal's Yard Frankincense Toner,G,false,1636,https://ecom-su-static-prod.wtrecom.com/images/products/3/LN_564805_BP_3.jpg,https://www.waitrose.com/ecom/products/neals-yard-frankincense-toner/564805-719548-719549,Neal's Yard Frankincense Toner,200ml,£22.00,£11/100ml,,"Toiletries, Health & Beauty"
564069,Bio-Kult Everyday Biotics Gut Supplement Capsules,G,false,1637,https://ecom-su-static-prod.wtrecom.com/images/products/3/LN_564069_BP_3.jpg,https://www.waitrose.com/ecom/products/bio-kult-everyday-biotics-gut-supplement-capsules/564069-810396-810397,Bio-Kult Everyday Biotics Gut Supplement Capsules,60Each,£20.00,33.3p each,,"Toiletries, Health & Beauty"
563905,Iglu Pastilles,G,false,1638,https://ecom-su-static-prod.wtrecom.com/images/products/3/LN_563905_BP_3.jpg,https://www.waitrose.com/ecom/products/iglu-pastilles/563905-788588-788589,Iglu Pastilles,24s,£7.00,29.2p each,,"Toiletries, Health & Beauty"
563851,Gillette Blue 3 Disposable Razors,G,false,1639,https://ecom-su-static-prod.wtrecom.com/images/products/3/LN_563851_BP_3.jpg,https://www.waitrose.com/ecom/products/gillette-blue-3-disposable-razors/563851-79852-79853,Gillette Blue 3 Disposable Razors,4s,£4.00,£1 each,,"Toiletries, Health & Beauty"
563203,Anusol Wipes,G,false,1640,https://ecom-su-static-prod.wtrecom.com/images/products/3/LN_563203_BP_3.jpg,https://www.waitrose.com/ecom/products/anusol-wipes/563203-723802-723803,Anusol Wipes,30's,£5.80,19.3p each,,"Toiletries, Health & Beauty"
563036,Buttercup Cough Syrup,G,false,1641,https://ecom-su-static-prod.wtrecom.com/images/products/3/LN_563036_BP_3.jpg,https://www.waitrose.com/ecom/products/buttercup-cough-syrup/563036-374617-374618,Buttercup Cough Syrup,200ml,£7.70,£3.85/100ml,,"Toiletries, Health & Beauty"
562838,Lynx Epic Fresh Shower Gel,G,false,1642,https://ecom-su-static-prod.wtrecom.com/images/products/3/LN_562838_BP_3.jpg,https://www.waitrose.com/ecom/products/lynx-epic-fresh-shower-gel/562838-812898-812899,Lynx Epic Fresh Shower Gel,500ml,£3.00,60p/100ml,,"Toiletries, Health & Beauty"
562823,Calpol Saline Nasal Spray,G,false,1643,https://ecom-su-static-prod.wtrecom.com/images/products/3/LN_562823_BP_3.jpg,https://www.waitrose.com/ecom/products/calpol-saline-nasal-spray/562823-730698-730699,Calpol Saline Nasal Spray,15ml,£4.95,£33/100ml,,"Toiletries, Health & Beauty"
562780,Benadryl One A Day Tablets,G,false,1644,https://ecom-su-static-prod.wtrecom.com/images/products/3/LN_562780_BP_3.jpg,https://www.waitrose.com/ecom/products/benadryl-one-a-day-tablets/562780-576742-576743,Benadryl One A Day Tablets,30s,£10.50,35p each,,"Toiletries, Health & Beauty"
562703,L'Oreal Men Expert Hydra Energetic Wash,G,false,1645,https://ecom-su-static-prod.wtrecom.com/images/products/3/LN_562703_BP_3.jpg,https://www.waitrose.com/ecom/products/loreal-men-expert-hydra-energetic-wash/562703-683662-683663,L'Oreal Men Expert Hydra Energetic Wash,100ml,£6.00,£6/100ml,,"Toiletries, Health & Beauty"
561973,Histallay Hayfever Allergy Relief Tablets,G,true,1646,https://ecom-su-static-prod.wtrecom.com/images/products/3/LN_561973_BP_3.jpg,https://www.waitrose.com/ecom/products/histallay-hayfever-allergy-relief-tablets/561973-822127-822128,Histallay Hayfever Allergy Relief Tablets,30s,£9.00,30p each,save £2.00. Was £11.00,"Toiletries, Health & Beauty"
561472,Seven Seas Omega 3 & Multivitamins Man,G,false,1647,https://ecom-su-static-prod.wtrecom.com/images/products/3/LN_561472_BP_3.jpg,https://www.waitrose.com/ecom/products/seven-seas-omega-3-multivitamins-man/561472-802559-802559,Seven Seas Omega 3 & Multivitamins Man,60s,£18.90,31.5p each,,"Toiletries, Health & Beauty"
561426,L'Oréal Casting Crème Gloss 515 Choc Truffle,G,true,1648,https://ecom-su-static-prod.wtrecom.com/images/products/3/LN_561426_BP_3.jpg,https://www.waitrose.com/ecom/products/loreal-casting-creme-gloss-515-choc-truffle/561426-79508-79509,L'Oréal Casting Crème Gloss 515 Choc Truffle,Each,£10.50,£10.50 each,Add 2 for £12,"Toiletries, Health & Beauty"
560728,SenSpa Relaxing Bath Soak,G,false,1649,https://ecom-su-static-prod.wtrecom.com/images/products/3/LN_560728_BP_3.jpg,https://www.waitrose.com/ecom/products/senspa-relaxing-bath-soak/560728-782986-782987,SenSpa Relaxing Bath Soak,250ml,£7.00,£2.80/100ml,,"Toiletries, Health & Beauty"
560589,Corsodyl Active Gum Repair Fresh Mint Toothpaste,G,true,1650,https://ecom-su-static-prod.wtrecom.com/images/products/3/LN_560589_BP_3.jpg,https://www.waitrose.com/ecom/products/corsodyl-active-gum-repair-fresh-mint-toothpaste/560589-822125-822126,Corsodyl Active Gum Repair Fresh Mint Toothpaste,75ml,£4.10,£5.47/100ml,25% Off. Was £5.50,"Toiletries, Health & Beauty"
560320,SenSpa Lightweight Hydration Shampoo,G,false,1651,https://ecom-su-static-prod.wtrecom.com/images/products/3/LN_560320_BP_3.jpg,https://www.waitrose.com/ecom/products/senspa-lightweight-hydration-shampoo/560320-762000-762001,SenSpa Lightweight Hydration Shampoo,200ml,£6.25,£3.13/100ml,,"Toiletries, Health & Beauty"
559779,L'Oreal Elnett Strong Hold,G,false,1652,https://ecom-su-static-prod.wtrecom.com/images/products/3/LN_559779_BP_3.jpg,https://www.waitrose.com/ecom/products/loreal-elnett-strong-hold/559779-820524-820525,L'Oreal Elnett Strong Hold,200ml,£4.75,£2.38/100ml,,"Toiletries, Health & Beauty"
559198,Reviving Shower Scents Collection,G,false,1653,https://ecom-su-static-prod.wtrecom.com/images/products/3/LN_559198_BP_3.jpg,https://www.waitrose.com/ecom/products/reviving-shower-scents-collection/559198-806277-806278,Reviving Shower Scents Collection,300ml,£25.00,£8.34/100ml,,"Toiletries, Health & Beauty"
558458,Haliborange Softies Vitamins Strawberry,G,true,1654,https://ecom-su-static-prod.wtrecom.com/images/products/3/LN_558458_BP_3.jpg,https://www.waitrose.com/ecom/products/haliborange-softies-vitamins-strawberry/558458-79032-79033,Haliborange Softies Vitamins Strawberry,30s,£5.00,16.7p each,save £1.20. Was £6.20,"Toiletries, Health & Beauty"
558427,Gillette Mach 3 Turbo Blades,G,true,1655,https://ecom-su-static-prod.wtrecom.com/images/products/3/LN_558427_BP_3.jpg,https://www.waitrose.com/ecom/products/gillette-mach-3-turbo-blades/558427-79030-79031,Gillette Mach 3 Turbo Blades,4s,£12.10,£3.03 each,Add 2 for £18,"Toiletries, Health & Beauty"
558369,Neal's Yard Rehydrating Rose Toner,G,false,1656,https://ecom-su-static-prod.wtrecom.com/images/products/3/LN_558369_BP_3.jpg,https://www.waitrose.com/ecom/products/neals-yard-rehydrating-rose-toner/558369-135988-135989,Neal's Yard Rehydrating Rose Toner,200ml,£19.00,£9.50/100ml,,"Toiletries, Health & Beauty"
557743,Bondi Sands Everyday Gradual Tanning Milk,G,true,1657,https://ecom-su-static-prod.wtrecom.com/images/products/3/LN_557743_BP_3.jpg,https://www.waitrose.com/ecom/products/bondi-sands-everyday-gradual-tanning-milk/557743-824796-824797,Bondi Sands Everyday Gradual Tanning Milk,375ml,£11.59,£3.10/100ml,save £2.91. Was £14.50,"Toiletries, Health & Beauty"
557420,Head & Shoulders Smooth & Silky,G,true,1658,https://ecom-su-static-prod.wtrecom.com/images/products/3/LN_557420_BP_3.jpg,https://www.waitrose.com/ecom/products/head-shoulders-smooth-silky/557420-793446-793447,Head & Shoulders Smooth & Silky,400ml,£3.50,87.5p/100ml,save £1.50. Was £5.00,"Toiletries, Health & Beauty"
557111,John Lewis Spot Footsies 5 Pair,G,false,1659,https://ecom-su-static-prod.wtrecom.com/images/products/3/LN_557111_BP_3.jpg,https://www.waitrose.com/ecom/products/john-lewis-spot-footsies-5-pair/557111-749529-749530,John Lewis Spot Footsies 5 Pair,5s,£6.00,£1.20 each,,"Toiletries, Health & Beauty"
557097,Fish Original Texturising Cream,G,false,1660,https://ecom-su-static-prod.wtrecom.com/images/products/3/LN_557097_BP_3.jpg,https://www.waitrose.com/ecom/products/fish-original-texturising-cream/557097-588493-588494,Fish Original Texturising Cream,100ml,£7.00,£70/litre,,"Toiletries, Health & Beauty"
556973,Head & Shoulders Coconut Conditioner,G,true,1661,https://ecom-su-static-prod.wtrecom.com/images/products/3/LN_556973_BP_3.jpg,https://www.waitrose.com/ecom/products/head-shoulders-coconut-conditioner/556973-720181-720182,Head & Shoulders Coconut Conditioner,275ml,£3.50,£1.28/100ml,save £1.50. Was £5.00,"Toiletries, Health & Beauty"
556807,Aveeno Daily Moisturising After Shower Mist,G,false,1662,https://ecom-su-static-prod.wtrecom.com/images/products/3/LN_556807_BP_3.jpg,https://www.waitrose.com/ecom/products/aveeno-daily-moisturising-after-shower-mist/556807-527034-527035,Aveeno Daily Moisturising After Shower Mist,200ml,£9.00,£4.50/100ml,,"Toiletries, Health & Beauty"
556473,Balance Me Wonder Eye Cream,G,false,1663,https://ecom-su-static-prod.wtrecom.com/images/products/3/LN_556473_BP_3.jpg,https://www.waitrose.com/ecom/products/balance-me-wonder-eye-cream/556473-135986-135987,Balance Me Wonder Eye Cream,15ml,£22.00,£146.67/100ml,,"Toiletries, Health & Beauty"
556276,"Goodness Oud, Cedar & Amber Bath Soak",G,false,1664,https://ecom-su-static-prod.wtrecom.com/images/products/3/LN_556276_BP_3.jpg,https://www.waitrose.com/ecom/products/goodness-oud-cedar-amber-bath-soak/556276-782984-782985,"Goodness Oud, Cedar & Amber Bath Soak",500ml,£4.20,84p/100ml,,"Toiletries, Health & Beauty"
556175,PÄRLA Plastic Free Floss 30m,G,false,1665,https://ecom-su-static-prod.wtrecom.com/images/products/3/LN_556175_BP_3.jpg,https://www.waitrose.com/ecom/products/parla-plastic-free-floss-30m/556175-822123-822124,PÄRLA Plastic Free Floss 30m,Each,£4.50,£4.50 each,,"Toiletries, Health & Beauty"
555692,Heath Revitalise Hair + Body Wash,G,false,1666,https://ecom-su-static-prod.wtrecom.com/images/products/3/LN_555692_BP_3.jpg,https://www.waitrose.com/ecom/products/heath-revitalise-hair-body-wash/555692-588487-588488,Heath Revitalise Hair + Body Wash,250ml,£8.00,£3.20/100ml,,"Toiletries, Health & Beauty"
555322,Balance Me Pure Skin Face Wash,G,false,1667,https://ecom-su-static-prod.wtrecom.com/images/products/3/LN_555322_BP_3.jpg,https://www.waitrose.com/ecom/products/balance-me-pure-skin-face-wash/555322-133961-133962,Balance Me Pure Skin Face Wash,125ml,£18.00,£14.40/100ml,,"Toiletries, Health & Beauty"
554912,Better You Vitamin D Oral Spray,G,false,1668,https://ecom-su-static-prod.wtrecom.com/images/products/3/LN_554912_BP_3.jpg,https://www.waitrose.com/ecom/products/better-you-vitamin-d-oral-spray/554912-696540-696541,Better You Vitamin D Oral Spray,15ml,£10.40,£69.34/100ml,,"Toiletries, Health & Beauty"
554462,Lynx Epic Fresh Antiperspirant Deodorant,G,false,1669,https://ecom-su-static-prod.wtrecom.com/images/products/3/LN_554462_BP_3.jpg,https://www.waitrose.com/ecom/products/lynx-epic-fresh-antiperspirant-deodorant/554462-812888-812889,Lynx Epic Fresh Antiperspirant Deodorant,150ml,£4.20,£2.80/100ml,,"Toiletries, Health & Beauty"
554084,Head & Shoulders Citrus Fresh Shampoo,G,true,1670,https://ecom-su-static-prod.wtrecom.com/images/products/3/LN_554084_BP_3.jpg,https://www.waitrose.com/ecom/products/head-shoulders-citrus-fresh-shampoo/554084-793444-793445,Head & Shoulders Citrus Fresh Shampoo,400ml,£3.50,87.5p/100ml,save £1.50. Was £5.00,"Toiletries, Health & Beauty"
554034,Listerine Advanced White Clean Mint,G,false,1671,https://ecom-su-static-prod.wtrecom.com/images/products/3/LN_554034_BP_3.jpg,https://www.waitrose.com/ecom/products/listerine-advanced-white-clean-mint/554034-447353-447354,Listerine Advanced White Clean Mint,500ml,£6.30,£1.26/100ml,,"Toiletries, Health & Beauty"
553716,Argan+ Shine Conditioner,G,true,1672,https://ecom-su-static-prod.wtrecom.com/images/products/3/LN_553716_BP_3.jpg,https://www.waitrose.com/ecom/products/argan-shine-conditioner/553716-761994-761995,Argan+ Shine Conditioner,250ml,£6.25,£2.50/100ml,Add 2 get 2nd half price Cheaper Item Half Price,"Toiletries, Health & Beauty"
553687,Colgate Max White Overnight Pen,G,false,1673,https://ecom-su-static-prod.wtrecom.com/images/products/3/LN_553687_BP_3.jpg,https://www.waitrose.com/ecom/products/colgate-max-white-overnight-pen/553687-793442-793443,Colgate Max White Overnight Pen,each,£21.00,£21 each,,"Toiletries, Health & Beauty"
552826,Herbal Essences Rose Conditioner,G,false,1674,https://ecom-su-static-prod.wtrecom.com/images/products/3/LN_552826_BP_3.jpg,https://www.waitrose.com/ecom/products/herbal-essences-rose-conditioner/552826-820602-820603,Herbal Essences Rose Conditioner,250ml,£4.75,£1.90/100ml,,"Toiletries, Health & Beauty"
552399,Durex Extra Safe Thick Condoms,G,false,1675,https://ecom-su-static-prod.wtrecom.com/images/products/3/LN_552399_BP_3.jpg,https://www.waitrose.com/ecom/products/durex-extra-safe-thick-condoms/552399-338525-338526,Durex Extra Safe Thick Condoms,12s,£11.55,96.3p each,,"Toiletries, Health & Beauty"
552325,Dove Men +Care Deodorant Odour Defence,G,true,1676,https://ecom-su-static-prod.wtrecom.com/images/products/3/LN_552325_BP_3.jpg,https://www.waitrose.com/ecom/products/dove-men-care-deodorant-odour-defence/552325-804572-804573,Dove Men +Care Deodorant Odour Defence,200ml,£3.15,£1.58/100ml,Save 1/3. Was £4.75,"Toiletries, Health & Beauty"
552258,Bulldog Original Moisturiser,G,true,1677,https://ecom-su-static-prod.wtrecom.com/images/products/3/LN_552258_BP_3.jpg,https://www.waitrose.com/ecom/products/bulldog-original-moisturiser/552258-78057-78058,Bulldog Original Moisturiser,100ml,£4.60,£4.60/100ml,Save 1/3. Was £6.95,"Toiletries, Health & Beauty"
552211,Venus Swirl Blades,G,true,1678,https://ecom-su-static-prod.wtrecom.com/images/products/3/LN_552211_BP_3.jpg,https://www.waitrose.com/ecom/products/venus-swirl-blades/552211-482811-482812,Venus Swirl Blades,3s,£11.65,£3.89 each,save £2.00. Was £13.65,"Toiletries, Health & Beauty"
551773,Dove DermaSpa Medium to Dark Body Lotion,G,true,1679,https://ecom-su-static-prod.wtrecom.com/images/products/3/LN_551773_BP_3.jpg,https://www.waitrose.com/ecom/products/dove-dermaspa-medium-to-dark-body-lotion/551773-711128-711129,Dove DermaSpa Medium to Dark Body Lotion,200ml,£5.96,£2.98/100ml,Save 1/3. Was £8.95,"Toiletries, Health & Beauty"
551770,Piz Buin Aftersun Tan intensifying lotion 200ml,G,true,1680,https://ecom-su-static-prod.wtrecom.com/images/products/3/LN_551770_BP_3.jpg,https://www.waitrose.com/ecom/products/piz-buin-aftersun-tan-intensifying-lotion-200ml/551770-805927-805928,Piz Buin Aftersun Tan intensifying lotion 200ml,200ml,£6.40,£3.20/100ml,save £1.60. Was £8.00,"Toiletries, Health & Beauty"
550750,Colgate Max White Ultra Foam Toothpaste,G,false,1681,https://ecom-su-static-prod.wtrecom.com/images/products/3/LN_550750_BP_3.jpg,https://www.waitrose.com/ecom/products/colgate-max-white-ultra-foam-toothpaste/550750-793440-793441,Colgate Max White Ultra Foam Toothpaste,75ml,£10.00,£13.34/100ml,,"Toiletries, Health & Beauty"
550284,Neal's Yard Bee Lovely Hand Wash,G,false,1682,https://ecom-su-static-prod.wtrecom.com/images/products/3/LN_550284_BP_3.jpg,https://www.waitrose.com/ecom/products/neals-yard-bee-lovely-hand-wash/550284-391893-391894,Neal's Yard Bee Lovely Hand Wash,295ml,£15.00,£5.09/100ml,,"Toiletries, Health & Beauty"
550239,Venus Deluxe Rosegold Razor,G,true,1683,https://ecom-su-static-prod.wtrecom.com/images/products/3/LN_550239_BP_3.jpg,https://www.waitrose.com/ecom/products/venus-deluxe-rosegold-razor/550239-755897-755898,Venus Deluxe Rosegold Razor,Each,£10.00,£10 each,Save 1/3. Was £15.00,"Toiletries, Health & Beauty"
550161,Neutrogena T Gel Therapeutic Shampoo,G,false,1684,https://ecom-su-static-prod.wtrecom.com/images/products/3/LN_550161_BP_3.jpg,https://www.waitrose.com/ecom/products/neutrogena-t-gel-therapeutic-shampoo/550161-729688-729689,Neutrogena T Gel Therapeutic Shampoo,250ml,£8.75,£3.50/100ml,,"Toiletries, Health & Beauty"
549947,Timotei Hydrating Shampoo,G,false,1685,https://ecom-su-static-prod.wtrecom.com/images/products/3/LN_549947_BP_3.jpg,https://www.waitrose.com/ecom/products/timotei-hydrating-shampoo/549947-809162-809163,Timotei Hydrating Shampoo,300ml,£3.00,£1/100ml,,"Toiletries, Health & Beauty"
549899,Nurofen 256mg Ibuprofen Pain Relief Caplets,G,false,1686,https://ecom-su-static-prod.wtrecom.com/images/products/3/LN_549899_BP_3.jpg,https://www.waitrose.com/ecom/products/nurofen-256mg-ibuprofen-pain-relief-caplets/549899-763542-763543,Nurofen 256mg Ibuprofen Pain Relief Caplets,16s,£4.20,26.3p each,,"Toiletries, Health & Beauty"
549761,Man Cave Olivestone Face Scrub,G,false,1687,https://ecom-su-static-prod.wtrecom.com/images/products/3/LN_549761_BP_3.jpg,https://www.waitrose.com/ecom/products/man-cave-olivestone-face-scrub/549761-588485-588486,Man Cave Olivestone Face Scrub,100ml,£8.00,£8/100ml,,"Toiletries, Health & Beauty"
549308,Balance Me Wrinkle Repair Cream,G,false,1688,https://ecom-su-static-prod.wtrecom.com/images/products/3/LN_549308_BP_3.jpg,https://www.waitrose.com/ecom/products/balance-me-wrinkle-repair-cream/549308-239397-239398,Balance Me Wrinkle Repair Cream,50ml,£33.00,£66/100ml,,"Toiletries, Health & Beauty"
548900,Nivea Q10 Power Night Cream 60+,G,true,1689,https://ecom-su-static-prod.wtrecom.com/images/products/3/LN_548900_BP_3.jpg,https://www.waitrose.com/ecom/products/nivea-q10-power-night-cream-60/548900-711650-711651,Nivea Q10 Power Night Cream 60+,50ml,£10.66,£21.32/100ml,Save 1/3. Was £16.00,"Toiletries, Health & Beauty"
548565,Sure Bright Bouquet 72H Deodorant,G,false,1690,https://ecom-su-static-prod.wtrecom.com/images/products/3/LN_548565_BP_3.jpg,https://www.waitrose.com/ecom/products/sure-bright-bouquet-72h-deodorant/548565-780599-780600,Sure Bright Bouquet 72H Deodorant,150ml,£2.65,£1.77/100ml,,"Toiletries, Health & Beauty"
547460,Califig Syrup,G,false,1691,https://ecom-su-static-prod.wtrecom.com/images/products/3/LN_547460_BP_3.jpg,https://www.waitrose.com/ecom/products/califig-syrup/547460-763522-763523,Califig Syrup,100ml,£7.55,£7.55/100ml,,"Toiletries, Health & Beauty"
546988,Nature's Bounty Calcium Mg and Zn,G,true,1692,https://ecom-su-static-prod.wtrecom.com/images/products/3/LN_546988_BP_3.jpg,https://www.waitrose.com/ecom/products/natures-bounty-calcium-mg-and-zn/546988-746163-746164,Nature's Bounty Calcium Mg and Zn,100s,£6.66,6.7p each,Save 1/3. Was £10.00,"Toiletries, Health & Beauty"
546845,Gillette Deodorant Cool Wave Clear Gel,G,true,1693,https://ecom-su-static-prod.wtrecom.com/images/products/3/LN_546845_BP_3.jpg,https://www.waitrose.com/ecom/products/gillette-deodorant-cool-wave-clear-gel/546845-77317-77318,Gillette Deodorant Cool Wave Clear Gel,70ml,£3.00,£4.29/100ml,Save 1/3. Was £4.50,"Toiletries, Health & Beauty"
546704,10D 3PP Tights Black S,G,false,1694,https://ecom-su-static-prod.wtrecom.com/images/products/3/LN_546704_BP_3.jpg,https://www.waitrose.com/ecom/products/10d-3pp-tights-black-s/546704-819686-819687,10D 3PP Tights Black S,3s,£8.00,£2.67 each,,"Toiletries, Health & Beauty"
546515,Wellbaby Multi-Vitamin Liquid,G,false,1695,https://ecom-su-static-prod.wtrecom.com/images/products/3/LN_546515_BP_3.jpg,https://www.waitrose.com/ecom/products/wellbaby-multi-vitamin-liquid/546515-77259-77260,Wellbaby Multi-Vitamin Liquid,150ml,£5.25,£3.50/100ml,,"Toiletries, Health & Beauty"
545725,Super Facialist Vit C+ Brighten Micro Polish Wash,G,false,1696,https://ecom-su-static-prod.wtrecom.com/images/products/3/LN_545725_BP_3.jpg,https://www.waitrose.com/ecom/products/super-facialist-vit-c-brighten-micro-polish-wash/545725-730686-730687,Super Facialist Vit C+ Brighten Micro Polish Wash,125ml,£10.50,£8.40/100ml,,"Toiletries, Health & Beauty"
544996,Balance Me Flash Cleanse Micellar,G,false,1697,https://ecom-su-static-prod.wtrecom.com/images/products/3/LN_544996_BP_3.jpg,https://www.waitrose.com/ecom/products/balance-me-flash-cleanse-micellar/544996-695048-695049,Balance Me Flash Cleanse Micellar,180ml,£18.00,£10/100ml,,"Toiletries, Health & Beauty"
544299,TRESemmé Beauty-Full Strength Treatment,G,true,1698,https://ecom-su-static-prod.wtrecom.com/images/products/3/LN_544299_BP_3.jpg,https://www.waitrose.com/ecom/products/tresemme-beauty-full-strength-treatment/544299-800166-800167,TRESemmé Beauty-Full Strength Treatment,200ml,£4.20,£2.10/100ml,Save 1/3. Was £6.30,"Toiletries, Health & Beauty"
544211,Optrex ActiMist Dry and Irritated Eye Spray,G,false,1699,https://ecom-su-static-prod.wtrecom.com/images/products/3/LN_544211_BP_3.jpg,https://www.waitrose.com/ecom/products/optrex-actimist-dry-and-irritated-eye-spray/544211-76942-76943,Optrex ActiMist Dry and Irritated Eye Spray,10ml,£14.20,£142/100ml,,"Toiletries, Health & Beauty"
543939,Cotton Velvet Tights Black Medium,G,false,1700,https://ecom-su-static-prod.wtrecom.com/images/products/3/LN_543939_BP_3.jpg,https://www.waitrose.com/ecom/products/cotton-velvet-tights-black-medium/543939-790467-790468,Cotton Velvet Tights Black Medium,each,£11.00,£11 each,,"Toiletries, Health & Beauty"
543655,Cowshed Refresh Hand Cream,G,true,1701,https://ecom-su-static-prod.wtrecom.com/images/products/3/LN_543655_BP_3.jpg,https://www.waitrose.com/ecom/products/cowshed-refresh-hand-cream/543655-706347-706348,Cowshed Refresh Hand Cream,300ml,£16.50,£5.50/100ml,25% Off. Was £22.00,"Toiletries, Health & Beauty"
543638,Nivea Men Hyaluron Face Gel,G,false,1702,https://ecom-su-static-prod.wtrecom.com/images/products/3/LN_543638_BP_3.jpg,https://www.waitrose.com/ecom/products/nivea-men-hyaluron-face-gel/543638-755891-755892,Nivea Men Hyaluron Face Gel,50ml,£16.50,£33/100ml,,"Toiletries, Health & Beauty"
543264,Acetone Nail Polish Remover,G,false,1703,https://ecom-su-static-prod.wtrecom.com/images/products/3/LN_543264_BP_3.jpg,https://www.waitrose.com/ecom/products/acetone-nail-polish-remover/543264-793436-793437,Acetone Nail Polish Remover,150ml,£6.00,£4/100ml,,"Toiletries, Health & Beauty"
542970,Neat Foaming Hand Wash Refill Mango & Fig,G,false,1704,https://ecom-su-static-prod.wtrecom.com/images/products/3/LN_542970_BP_3.jpg,https://www.waitrose.com/ecom/products/neat-foaming-hand-wash-refill-mango-fig/542970-805763-805764,Neat Foaming Hand Wash Refill Mango & Fig,30ml,£3.15,£10.50/100ml,,"Toiletries, Health & Beauty"
542194,Aveeno Apple Cider Vinegar Shampoo,G,false,1705,https://ecom-su-static-prod.wtrecom.com/images/products/3/LN_542194_BP_3.jpg,https://www.waitrose.com/ecom/products/aveeno-apple-cider-vinegar-shampoo/542194-800156-800157,Aveeno Apple Cider Vinegar Shampoo,300ml,£8.40,£2.80/100ml,,"Toiletries, Health & Beauty"
541946,Olbas Oil,G,false,1706,https://ecom-su-static-prod.wtrecom.com/images/products/3/LN_541946_BP_3.jpg,https://www.waitrose.com/ecom/products/olbas-oil/541946-788566-788567,Olbas Oil,30ml,£8.20,£27.34/100ml,,"Toiletries, Health & Beauty"
541450,Age Perfect Hydrating Eye Cream,G,false,1707,https://ecom-su-static-prod.wtrecom.com/images/products/3/LN_541450_BP_3.jpg,https://www.waitrose.com/ecom/products/age-perfect-hydrating-eye-cream/541450-504119-504120,Age Perfect Hydrating Eye Cream,15ml,£15.00,£100/100ml,,"Toiletries, Health & Beauty"
541356,Cantu Cleansing Cream Shampoo,G,true,1708,https://ecom-su-static-prod.wtrecom.com/images/products/3/LN_541356_BP_3.jpg,https://www.waitrose.com/ecom/products/cantu-cleansing-cream-shampoo/541356-746159-746160,Cantu Cleansing Cream Shampoo,400ml,£4.90,£1.23/100ml,Save 1/3. Was £7.35,"Toiletries, Health & Beauty"
540412,Nivea Biodegradable Cleansing Wipes,G,true,1709,https://ecom-su-static-prod.wtrecom.com/images/products/3/LN_540412_BP_3.jpg,https://www.waitrose.com/ecom/products/nivea-biodegradable-cleansing-wipes/540412-824790-824791,Nivea Biodegradable Cleansing Wipes,25Each,£3.30,13.2p each,Mix & Match Add 2 for 1 Cheaper Item Free,"Toiletries, Health & Beauty"
540336,Love Ocean Bubble Bath Bottle,G,false,1710,https://ecom-su-static-prod.wtrecom.com/images/products/3/LN_540336_BP_3.jpg,https://www.waitrose.com/ecom/products/love-ocean-bubble-bath-bottle/540336-812792-812793,Love Ocean Bubble Bath Bottle,300ml,£9.00,£30/litre,,"Toiletries, Health & Beauty"
540298,E45 Eczema Repair Cream,G,false,1711,https://ecom-su-static-prod.wtrecom.com/images/products/3/LN_540298_BP_3.jpg,https://www.waitrose.com/ecom/products/e45-eczema-repair-cream/540298-665915-665916,E45 Eczema Repair Cream,200ml,£20.00,£10/100ml,,"Toiletries, Health & Beauty"
539822,OGX Coconut Miracle Oil Hair Mask,G,true,1712,https://ecom-su-static-prod.wtrecom.com/images/products/3/LN_539822_BP_3.jpg,https://www.waitrose.com/ecom/products/ogx-coconut-miracle-oil-hair-mask/539822-793434-793435,OGX Coconut Miracle Oil Hair Mask,300ml,£4.72,£1.58/100ml,Half Price. Was £9.45,"Toiletries, Health & Beauty"
538864,Olay Beauty Fluid Regular,G,false,1713,https://ecom-su-static-prod.wtrecom.com/images/products/3/LN_538864_BP_3.jpg,https://www.waitrose.com/ecom/products/olay-beauty-fluid-regular/538864-800146-800147,Olay Beauty Fluid Regular,200ml,£7.00,£3.50/100ml,,"Toiletries, Health & Beauty"
537714,Colgate Max White Ultimate Radiance Toothpaste,G,false,1714,https://ecom-su-static-prod.wtrecom.com/images/products/3/LN_537714_BP_3.jpg,https://www.waitrose.com/ecom/products/colgate-max-white-ultimate-radiance-toothpaste/537714-719498-719499,Colgate Max White Ultimate Radiance Toothpaste,75ml,£25.20,£33.60/100ml,,"Toiletries, Health & Beauty"
537455,Strepsils Extra Blackcurrant Lozenges,G,false,1715,https://ecom-su-static-prod.wtrecom.com/images/products/3/LN_537455_BP_3.jpg,https://www.waitrose.com/ecom/products/strepsils-extra-blackcurrant-lozenges/537455-447283-447284,Strepsils Extra Blackcurrant Lozenges,24s,£5.65,23.5p each,,"Toiletries, Health & Beauty"
537392,Age Perfect Golden Age Day Cream,G,false,1716,https://ecom-su-static-prod.wtrecom.com/images/products/3/LN_537392_BP_3.jpg,https://www.waitrose.com/ecom/products/age-perfect-golden-age-day-cream/537392-504109-504110,Age Perfect Golden Age Day Cream,50ml,£21.00,£42/100ml,,"Toiletries, Health & Beauty"
537154,OGX Colour Care Shampoo,G,true,1717,https://ecom-su-static-prod.wtrecom.com/images/products/3/LN_537154_BP_3.jpg,https://www.waitrose.com/ecom/products/ogx-colour-care-shampoo/537154-793426-793427,OGX Colour Care Shampoo,385ml,£4.72,£1.23/100ml,Half Price. Was £9.45,"Toiletries, Health & Beauty"
536524,Ultrasun Lip Protection Sun Stick SPF30,G,false,1718,https://ecom-su-static-prod.wtrecom.com/images/products/3/LN_536524_BP_3.jpg,https://www.waitrose.com/ecom/products/ultrasun-lip-protection-sun-stick-spf30/536524-592013-592014,Ultrasun Lip Protection Sun Stick SPF30,4.8g,£6.50,£135.42/100g,,"Toiletries, Health & Beauty"
536407,Wild Deodorant Refill Cotton,G,false,1719,https://ecom-su-static-prod.wtrecom.com/images/products/3/LN_536407_BP_3.jpg,https://www.waitrose.com/ecom/products/wild-deodorant-refill-cotton/536407-772586-772587,Wild Deodorant Refill Cotton,43g,£6.30,£14.66/100g,,"Toiletries, Health & Beauty"
536020,Venus Deluxe Smooth Sensitve Blades,G,true,1720,https://ecom-su-static-prod.wtrecom.com/images/products/3/LN_536020_BP_3.jpg,https://www.waitrose.com/ecom/products/venus-deluxe-smooth-sensitve-blades/536020-755883-755884,Venus Deluxe Smooth Sensitve Blades,3s,£11.65,£3.89 each,save £2.00. Was £13.65,"Toiletries, Health & Beauty"
535807,Herbal Essences Lavender Shampoo,G,false,1721,https://ecom-su-static-prod.wtrecom.com/images/products/3/LN_535807_BP_3.jpg,https://www.waitrose.com/ecom/products/herbal-essences-lavender-shampoo/535807-820600-820601,Herbal Essences Lavender Shampoo,350ml,£4.50,£1.29/100ml,,"Toiletries, Health & Beauty"
535603,TENA Men Level 2,G,false,1722,https://ecom-su-static-prod.wtrecom.com/images/products/3/LN_535603_BP_3.jpg,https://www.waitrose.com/ecom/products/tena-men-level-2/535603-75738-75739,TENA Men Level 2,10s,£4.75,47.5p each,,"Toiletries, Health & Beauty"
535255,Eco Warrior Body Scrub Bar,G,false,1723,https://ecom-su-static-prod.wtrecom.com/images/products/3/LN_535255_BP_3.jpg,https://www.waitrose.com/ecom/products/eco-warrior-body-scrub-bar/535255-777328-777329,Eco Warrior Body Scrub Bar,100g,£3.75,£3.75/100g,,"Toiletries, Health & Beauty"
535053,Faith in Nature Grapefruit & Orange Conditioner,G,false,1724,https://ecom-su-static-prod.wtrecom.com/images/products/3/LN_535053_BP_3.jpg,https://www.waitrose.com/ecom/products/faith-in-nature-grapefruit-orange-conditioner/535053-723764-723765,Faith in Nature Grapefruit & Orange Conditioner,400ml,£8.00,£2/100ml,,"Toiletries, Health & Beauty"
534831,Prai Menoglow Super Hydrating Sleep Creme,G,false,1725,https://ecom-su-static-prod.wtrecom.com/images/products/3/LN_534831_BP_3.jpg,https://www.waitrose.com/ecom/products/prai-menoglow-super-hydrating-sleep-creme/534831-824788-824789,Prai Menoglow Super Hydrating Sleep Creme,50ml,£33.00,£66/100ml,,"Toiletries, Health & Beauty"
534380,Brut Original Deodorant,G,false,1726,https://ecom-su-static-prod.wtrecom.com/images/products/3/LN_534380_BP_3.jpg,https://www.waitrose.com/ecom/products/brut-original-deodorant/534380-306856-306857,Brut Original Deodorant,200ml,£2.60,£1.30/100ml,,"Toiletries, Health & Beauty"
534371,Durex Nude Condoms Regular Fit,G,false,1727,https://ecom-su-static-prod.wtrecom.com/images/products/3/LN_534371_BP_3.jpg,https://www.waitrose.com/ecom/products/durex-nude-condoms-regular-fit/534371-802553-802554,Durex Nude Condoms Regular Fit,12s,£17.20,£1.44 each,,"Toiletries, Health & Beauty"
534365,Olay Retinol 24 Regenerist Normal Night Face Serum,G,true,1728,https://ecom-su-static-prod.wtrecom.com/images/products/3/LN_534365_BP_3.jpg,https://www.waitrose.com/ecom/products/olay-retinol-24-regenerist-normal-night-face-serum/534365-824786-824787,Olay Retinol 24 Regenerist Normal Night Face Serum,40ml,£19.00,£47.50/100ml,Half Price. Was £38.00,"Toiletries, Health & Beauty"
533876,Aussie Conditioning Hair Insurance Spray,G,true,1729,https://ecom-su-static-prod.wtrecom.com/images/products/3/LN_533876_BP_3.jpg,https://www.waitrose.com/ecom/products/aussie-conditioning-hair-insurance-spray/533876-770048-770049,Aussie Conditioning Hair Insurance Spray,250ml,£3.33,£1.34/100ml,Save 1/3. Was £5.00,"Toiletries, Health & Beauty"
533801,Prai MenoGlow Collagen Boosting Cremegel Moisturiser,G,false,1730,https://ecom-su-static-prod.wtrecom.com/images/products/3/LN_533801_BP_3.jpg,https://www.waitrose.com/ecom/products/prai-menoglow-collagen-boosting-cremegel-moisturiser/533801-824784-824785,Prai MenoGlow Collagen Boosting Cremegel Moisturiser,50ml,£30.00,£60/100ml,,"Toiletries, Health & Beauty"
533649,Pantene Infinite Lengths Conditioner,G,false,1731,https://ecom-su-static-prod.wtrecom.com/images/products/3/LN_533649_BP_3.jpg,https://www.waitrose.com/ecom/products/pantene-infinite-lengths-conditioner/533649-809156-809157,Pantene Infinite Lengths Conditioner,350ml,£4.75,£1.36/100ml,,"Toiletries, Health & Beauty"
533426,Broncho Stop Cough Syrup,G,false,1732,https://ecom-su-static-prod.wtrecom.com/images/products/3/LN_533426_BP_3.jpg,https://www.waitrose.com/ecom/products/broncho-stop-cough-syrup/533426-447255-447256,Broncho Stop Cough Syrup,200ml,£10.35,£5.18/100ml,,"Toiletries, Health & Beauty"
533329,Embroidered Hearts Ankle Sock 3pk,G,false,1733,https://ecom-su-static-prod.wtrecom.com/images/products/3/LN_533329_BP_3.jpg,https://www.waitrose.com/ecom/products/embroidered-hearts-ankle-sock-3pk/533329-818472-818473,Embroidered Hearts Ankle Sock 3pk,3s,£10.00,£3.34 each,,"Toiletries, Health & Beauty"
532859,Super Facialist Vit C+ Brighten Daily Moisturiser,G,false,1734,https://ecom-su-static-prod.wtrecom.com/images/products/3/LN_532859_BP_3.jpg,https://www.waitrose.com/ecom/products/super-facialist-vit-c-brighten-daily-moisturiser/532859-730682-730683,Super Facialist Vit C+ Brighten Daily Moisturiser,75ml,£17.85,£23.80/100ml,,"Toiletries, Health & Beauty"
532767,Ordo Sonic Lite Toothbrush - Stone,G,true,1735,https://ecom-su-static-prod.wtrecom.com/images/products/3/LN_532767_BP_3.jpg,https://www.waitrose.com/ecom/products/ordo-sonic-lite-toothbrush-stone/532767-822119-822120,Ordo Sonic Lite Toothbrush - Stone,1Each,£30.00,£30 each,save £5.00. Was £35.00,"Toiletries, Health & Beauty"
532316,VO5 Activated Complex Heat Protect Spray,G,false,1736,https://ecom-su-static-prod.wtrecom.com/images/products/3/LN_532316_BP_3.jpg,https://www.waitrose.com/ecom/products/vo5-activated-complex-heat-protect-spray/532316-75258-75259,VO5 Activated Complex Heat Protect Spray,200ml,£4.45,£2.23/100ml,,"Toiletries, Health & Beauty"
532297,SenSpa Nourishing Body Butter,G,false,1737,https://ecom-su-static-prod.wtrecom.com/images/products/3/LN_532297_BP_3.jpg,https://www.waitrose.com/ecom/products/senspa-nourishing-body-butter/532297-766858-766859,SenSpa Nourishing Body Butter,200ml,£7.25,£3.63/100ml,,"Toiletries, Health & Beauty"
531849,Berocca Mango,G,false,1738,https://ecom-su-static-prod.wtrecom.com/images/products/3/LN_531849_BP_3.jpg,https://www.waitrose.com/ecom/products/berocca-mango/531849-383518-383519,Berocca Mango,15s,£5.85,39p each,,"Toiletries, Health & Beauty"
531309,Venus Spa Breeze Comfort Glide,G,true,1739,https://ecom-su-static-prod.wtrecom.com/images/products/3/LN_531309_BP_3.jpg,https://www.waitrose.com/ecom/products/venus-spa-breeze-comfort-glide/531309-655461-655462,Venus Spa Breeze Comfort Glide,Each,£6.65,£6.65 each,Save 1/3. Was £10.00,"Toiletries, Health & Beauty"
531112,Strepsils Orange and Vitamin C Lozenges,G,false,1740,https://ecom-su-static-prod.wtrecom.com/images/products/3/LN_531112_BP_3.jpg,https://www.waitrose.com/ecom/products/strepsils-orange-and-vitamin-c-lozenges/531112-75089-75090,Strepsils Orange and Vitamin C Lozenges,36s,£5.65,15.7p each,,"Toiletries, Health & Beauty"
530468,"Dove Men +Care Sensitive Body, Face & Hair Wash",G,true,1741,https://ecom-su-static-prod.wtrecom.com/images/products/3/LN_530468_BP_3.jpg,https://www.waitrose.com/ecom/products/dove-men-care-sensitive-body-face-hair-wash/530468-812882-812883,"Dove Men +Care Sensitive Body, Face & Hair Wash",400ml,£2.30,57.5p/100ml,Save 1/3. Was £3.50,"Toiletries, Health & Beauty"
530285,Piz Buin Allergy Sun Sensitive Skin Lotion SPF 30,G,true,1742,https://ecom-su-static-prod.wtrecom.com/images/products/3/LN_530285_BP_3.jpg,https://www.waitrose.com/ecom/products/piz-buin-allergy-sun-sensitive-skin-lotion-spf-30/530285-805915-805916,Piz Buin Allergy Sun Sensitive Skin Lotion SPF 30,200ml,£8.00,£4/100ml,save £2.00. Was £10.00,"Toiletries, Health & Beauty"
530221,Nivea Cellular Luminous 630 Anti Dark-Spot Night Cream,G,false,1743,https://ecom-su-static-prod.wtrecom.com/images/products/3/LN_530221_BP_3.jpg,https://www.waitrose.com/ecom/products/nivea-cellular-luminous-630-anti-dark-spot-night-cream/530221-824782-824783,Nivea Cellular Luminous 630 Anti Dark-Spot Night Cream,50ml,£27.00,£54/100ml,,"Toiletries, Health & Beauty"
530097,Optrex Multi Action Eye Wash,G,false,1744,https://ecom-su-static-prod.wtrecom.com/images/products/3/LN_530097_BP_3.jpg,https://www.waitrose.com/ecom/products/optrex-multi-action-eye-wash/530097-822115-822116,Optrex Multi Action Eye Wash,100ml,£5.40,£5.40/100ml,,"Toiletries, Health & Beauty"
530047,Nivea Biodegradable Cleansing Wipes,G,true,1745,https://ecom-su-static-prod.wtrecom.com/images/products/3/LN_530047_BP_3.jpg,https://www.waitrose.com/ecom/products/nivea-biodegradable-cleansing-wipes/530047-824780-824781,Nivea Biodegradable Cleansing Wipes,25Each,£4.20,16.8p each,Mix & Match Add 2 for 1 Cheaper Item Free,"Toiletries, Health & Beauty"
530026,Neal's Yard Goodnight Pillow Mist,G,false,1746,https://ecom-su-static-prod.wtrecom.com/images/products/3/LN_530026_BP_3.jpg,https://www.waitrose.com/ecom/products/neals-yard-goodnight-pillow-mist/530026-722023-722024,Neal's Yard Goodnight Pillow Mist,45ml,£20.00,£44.45/100ml,,"Toiletries, Health & Beauty"
529957,Venus Tropical Disposable Razors,G,true,1747,https://ecom-su-static-prod.wtrecom.com/images/products/3/LN_529957_BP_3.jpg,https://www.waitrose.com/ecom/products/venus-tropical-disposable-razors/529957-729682-729683,Venus Tropical Disposable Razors,3s,£4.65,£1.55 each,Save 1/3. Was £7.00,"Toiletries, Health & Beauty"
529897,Skin Deep Light Plasters,G,false,1748,https://ecom-su-static-prod.wtrecom.com/images/products/3/LN_529897_BP_3.jpg,https://www.waitrose.com/ecom/products/skin-deep-light-plasters/529897-741116-741117,Skin Deep Light Plasters,40s,£1.60,4p each,,"Toiletries, Health & Beauty"
529865,Super Facialist Vitamin C+ Overnight Resync Night Cream,G,false,1749,https://ecom-su-static-prod.wtrecom.com/images/products/3/LN_529865_BP_3.jpg,https://www.waitrose.com/ecom/products/super-facialist-vitamin-c-overnight-resync-night-cream/529865-824778-824779,Super Facialist Vitamin C+ Overnight Resync Night Cream,50ml,£20.00,£40/100ml,,"Toiletries, Health & Beauty"
529864,Vital Proteins Collagen Peptides,G,false,1750,https://ecom-su-static-prod.wtrecom.com/images/products/3/LN_529864_BP_3.jpg,https://www.waitrose.com/ecom/products/vital-proteins-collagen-peptides/529864-802551-802552,Vital Proteins Collagen Peptides,284g,£28.00,£9.86/100g,,"Toiletries, Health & Beauty"
529760,Nexium Control Heartburn Relief Tablets,G,false,1751,https://ecom-su-static-prod.wtrecom.com/images/products/3/LN_529760_BP_3.jpg,https://www.waitrose.com/ecom/products/nexium-control-heartburn-relief-tablets/529760-374473-374474,Nexium Control Heartburn Relief Tablets,7s,£7.85,£1.13 each,,"Toiletries, Health & Beauty"
529672,L'Oréal Casting Crème Gloss 600 Light Brown,G,true,1752,https://ecom-su-static-prod.wtrecom.com/images/products/3/LN_529672_BP_3.jpg,https://www.waitrose.com/ecom/products/loreal-casting-creme-gloss-600-light-brown/529672-74910-74911,L'Oréal Casting Crème Gloss 600 Light Brown,Each,£10.50,£10.50 each,Add 2 for £12,"Toiletries, Health & Beauty"
529648,"Together Health Immune Vitamin C, Zinc, D3 Capsules",G,true,1753,https://ecom-su-static-prod.wtrecom.com/images/products/3/LN_529648_BP_3.jpg,https://www.waitrose.com/ecom/products/together-health-immune-vitamin-c-zinc-d3-capsules/529648-822111-822112,"Together Health Immune Vitamin C, Zinc, D3 Capsules",30Each,£9.00,30p each,25% Off. Was £12.00,"Toiletries, Health & Beauty"
529086,Richard Ward Silk Volumising Shampoo,G,true,1754,https://ecom-su-static-prod.wtrecom.com/images/products/3/LN_529086_BP_3.jpg,https://www.waitrose.com/ecom/products/richard-ward-silk-volumising-shampoo/529086-757331-757332,Richard Ward Silk Volumising Shampoo,300ml,£4.00,£1.34/100ml,Half Price. Was £8.00,"Toiletries, Health & Beauty"
528341,Organic Bubble Bath Lavender 250ml,G,false,1755,https://ecom-su-static-prod.wtrecom.com/images/products/3/LN_528341_BP_3.jpg,https://www.waitrose.com/ecom/products/organic-bubble-bath-lavender-250ml/528341-805761-805762,Organic Bubble Bath Lavender 250ml,250ml,£6.50,£2.60/100ml,,"Toiletries, Health & Beauty"
528100,Solgar Calcium Magnesium plus Zinc,G,false,1756,https://ecom-su-static-prod.wtrecom.com/images/products/3/LN_528100_BP_3.jpg,https://www.waitrose.com/ecom/products/solgar-calcium-magnesium-plus-zinc/528100-746153-746154,Solgar Calcium Magnesium plus Zinc,100s,£9.00,9p each,,"Toiletries, Health & Beauty"
527918,Noughty To The Rescue Hair Mask,G,true,1757,https://ecom-su-static-prod.wtrecom.com/images/products/3/LN_527918_BP_3.jpg,https://www.waitrose.com/ecom/products/noughty-to-the-rescue-hair-mask/527918-695487-695488,Noughty To The Rescue Hair Mask,300ml,£6.65,£2.22/100ml,Save 1/3. Was £9.99,"Toiletries, Health & Beauty"
527690,Ambre Solaire Aftersun Lotion,G,false,1758,https://ecom-su-static-prod.wtrecom.com/images/products/3/LN_527690_BP_3.jpg,https://www.waitrose.com/ecom/products/ambre-solaire-aftersun-lotion/527690-823937-823938,Ambre Solaire Aftersun Lotion,200ml,£8.75,£4.38/100ml,,"Toiletries, Health & Beauty"
526291,Head & Shoulders Ultra Hair Booster Shampoo,G,true,1759,https://ecom-su-static-prod.wtrecom.com/images/products/3/LN_526291_BP_3.jpg,https://www.waitrose.com/ecom/products/head-shoulders-ultra-hair-booster-shampoo/526291-563327-563328,Head & Shoulders Ultra Hair Booster Shampoo,330ml,£3.50,£1.07/100ml,save £1.50. Was £5.00,"Toiletries, Health & Beauty"
526152,Magic Retouch Dark Brown,G,false,1760,https://ecom-su-static-prod.wtrecom.com/images/products/3/LN_526152_BP_3.jpg,https://www.waitrose.com/ecom/products/magic-retouch-dark-brown/526152-471807-471808,Magic Retouch Dark Brown,75ml,£10.50,£14/100ml,,"Toiletries, Health & Beauty"
525678,VITL Daily Biotic,G,false,1761,https://ecom-su-static-prod.wtrecom.com/images/products/3/LN_525678_BP_3.jpg,https://www.waitrose.com/ecom/products/vitl-daily-biotic/525678-822109-822110,VITL Daily Biotic,30s,£15.00,50p each,,"Toiletries, Health & Beauty"
523827,Oral-B Pro Sensitive Clean Toothbrush Heads,G,true,1762,https://ecom-su-static-prod.wtrecom.com/images/products/3/LN_523827_BP_3.jpg,https://www.waitrose.com/ecom/products/oral-b-pro-sensitive-clean-toothbrush-heads/523827-658191-658192,Oral-B Pro Sensitive Clean Toothbrush Heads,4s,£13.30,£3.33 each,Save 1/3. Was £19.95,"Toiletries, Health & Beauty"
523260,Listerine Total Care Mouthwash Clean Mint,G,false,1763,https://ecom-su-static-prod.wtrecom.com/images/products/3/LN_523260_BP_3.jpg,https://www.waitrose.com/ecom/products/listerine-total-care-mouthwash-clean-mint/523260-716187-716188,Listerine Total Care Mouthwash Clean Mint,1000ml,£7.35,73.5p/100ml,,"Toiletries, Health & Beauty"
522647,Bio Oil,G,true,1764,https://ecom-su-static-prod.wtrecom.com/images/products/3/LN_522647_BP_3.jpg,https://www.waitrose.com/ecom/products/bio-oil/522647-406508-406509,Bio Oil,200ml,£19.50,£9.75/100ml,25% Off. Was £26.00,"Toiletries, Health & Beauty"
522001,Super Facialist Rosehip Hydrate Facial Oil,G,false,1765,https://ecom-su-static-prod.wtrecom.com/images/products/3/LN_522001_BP_3.jpg,https://www.waitrose.com/ecom/products/super-facialist-rosehip-hydrate-facial-oil/522001-800116-800117,Super Facialist Rosehip Hydrate Facial Oil,30ml,£16.00,£53.34/100ml,,"Toiletries, Health & Beauty"
521923,Centrum Men Multivitamin Tablets,G,false,1766,https://ecom-su-static-prod.wtrecom.com/images/products/3/LN_521923_BP_3.jpg,https://www.waitrose.com/ecom/products/centrum-men-multivitamin-tablets/521923-274773-274774,Centrum Men Multivitamin Tablets,30s,£7.35,24.5p each,,"Toiletries, Health & Beauty"
520813,Elastoplast Waterproof Dressings,G,true,1767,https://ecom-su-static-prod.wtrecom.com/images/products/3/LN_520813_BP_3.jpg,https://www.waitrose.com/ecom/products/elastoplast-waterproof-dressings/520813-788550-788551,Elastoplast Waterproof Dressings,5s,£3.32,66.4p each,20% Off. Was £4.15,"Toiletries, Health & Beauty"
520799,Always Ultra Sanitary Towels Secure Night Extra Size 5 Pads,G,false,1768,https://ecom-su-static-prod.wtrecom.com/images/products/3/LN_520799_BP_3.jpg,https://www.waitrose.com/ecom/products/always-ultra-sanitary-towels-secure-night-extra-size-5-pads/520799-791497-791498,Always Ultra Sanitary Towels Secure Night Extra Size 5 Pads,8s,£2.35,29.4p each,,"Toiletries, Health & Beauty"
520325,10D 3PP Ankle Highs Black,G,false,1769,https://ecom-su-static-prod.wtrecom.com/images/products/3/LN_520325_BP_3.jpg,https://www.waitrose.com/ecom/products/10d-3pp-ankle-highs-black/520325-816322-816323,10D 3PP Ankle Highs Black,3s,£5.00,£1.67 each,,"Toiletries, Health & Beauty"
519471,Ambre Solaire SPF30 Clear Protect +,G,true,1770,https://ecom-su-static-prod.wtrecom.com/images/products/3/LN_519471_BP_3.jpg,https://www.waitrose.com/ecom/products/ambre-solaire-spf30-clear-protect/519471-509240-509241,Ambre Solaire SPF30 Clear Protect +,200ml,£6.00,£3/100ml,20% Off. Was £7.50,"Toiletries, Health & Beauty"
518980,L'Oreal Elvive Hydra Conditioner,G,false,1771,https://ecom-su-static-prod.wtrecom.com/images/products/3/LN_518980_BP_3.jpg,https://www.waitrose.com/ecom/products/loreal-elvive-hydra-conditioner/518980-780573-780574,L'Oreal Elvive Hydra Conditioner,400ml,£8.00,£2/100ml,,"Toiletries, Health & Beauty"
518806,Colgate Max White Ultra Fresh Pearls Toothpaste,G,false,1772,https://ecom-su-static-prod.wtrecom.com/images/products/3/LN_518806_BP_3.jpg,https://www.waitrose.com/ecom/products/colgate-max-white-ultra-fresh-pearls-toothpaste/518806-793416-793417,Colgate Max White Ultra Fresh Pearls Toothpaste,75ml,£10.00,£13.34/100ml,,"Toiletries, Health & Beauty"
518520,E45 Itch Relief Gel,G,false,1773,https://ecom-su-static-prod.wtrecom.com/images/products/3/LN_518520_BP_3.jpg,https://www.waitrose.com/ecom/products/e45-itch-relief-gel/518520-800104-800105,E45 Itch Relief Gel,100ml,£11.00,£11/100ml,,"Toiletries, Health & Beauty"
518061,Allevia Hayfever Allergy Relief Tablets,G,false,1774,https://ecom-su-static-prod.wtrecom.com/images/products/3/LN_518061_BP_3.jpg,https://www.waitrose.com/ecom/products/allevia-hayfever-allergy-relief-tablets/518061-777324-777325,Allevia Hayfever Allergy Relief Tablets,15s,£6.85,45.7p each,,"Toiletries, Health & Beauty"
517810,Bulldog Peppermint Shower Gel,G,true,1775,https://ecom-su-static-prod.wtrecom.com/images/products/3/LN_517810_BP_3.jpg,https://www.waitrose.com/ecom/products/bulldog-peppermint-shower-gel/517810-704939-704940,Bulldog Peppermint Shower Gel,500ml,£3.50,70p/100ml,Save 1/3. Was £5.25,"Toiletries, Health & Beauty"
517602,Elnett Flexible Hold Hairspray,G,false,1776,https://ecom-su-static-prod.wtrecom.com/images/products/3/LN_517602_BP_3.jpg,https://www.waitrose.com/ecom/products/elnett-flexible-hold-hairspray/517602-695473-695474,Elnett Flexible Hold Hairspray,400ml,£8.40,£2.10/100ml,,"Toiletries, Health & Beauty"
517199,Head & Shoulders Derma Anti-dandruff Conditioner,G,false,1777,https://ecom-su-static-prod.wtrecom.com/images/products/3/LN_517199_BP_3.jpg,https://www.waitrose.com/ecom/products/head-shoulders-derma-anti-dandruff-conditioner/517199-793412-793413,Head & Shoulders Derma Anti-dandruff Conditioner,200ml,£7.90,£3.95/100ml,,"Toiletries, Health & Beauty"
516651,L'Oreal Bright Reveal Serum,G,false,1778,https://ecom-su-static-prod.wtrecom.com/images/products/3/LN_516651_BP_3.jpg,https://www.waitrose.com/ecom/products/loreal-bright-reveal-serum/516651-824776-824777,L'Oreal Bright Reveal Serum,30ml,£32.00,£106.67/100ml,,"Toiletries, Health & Beauty"
516311,Pantene Miracles Bond Repair Strengthening Conditioner,G,true,1779,https://ecom-su-static-prod.wtrecom.com/images/products/3/LN_516311_BP_3.jpg,https://www.waitrose.com/ecom/products/pantene-miracles-bond-repair-strengthening-conditioner/516311-820596-820597,Pantene Miracles Bond Repair Strengthening Conditioner,160ml,£3.15,£1.97/100ml,Half Price. Was £6.30,"Toiletries, Health & Beauty"
515156,Gillette Venus Snap With Embrace,G,true,1780,https://ecom-su-static-prod.wtrecom.com/images/products/3/LN_515156_BP_3.jpg,https://www.waitrose.com/ecom/products/gillette-venus-snap-with-embrace/515156-401066-401067,Gillette Venus Snap With Embrace,Each,£7.30,£7.30 each,Save 1/3. Was £11.00,"Toiletries, Health & Beauty"
515144,Waken Whitening Peppermint Mouthwash,G,true,1781,https://ecom-su-static-prod.wtrecom.com/images/products/3/LN_515144_BP_3.jpg,https://www.waitrose.com/ecom/products/waken-whitening-peppermint-mouthwash/515144-776682-776683,Waken Whitening Peppermint Mouthwash,500ml,£4.20,84p/100ml,Save 1/3. Was £6.30,"Toiletries, Health & Beauty"
514932,Stérimar Hayfever & Allergy Relief,G,false,1782,https://ecom-su-static-prod.wtrecom.com/images/products/3/LN_514932_BP_3.jpg,https://www.waitrose.com/ecom/products/sterimar-hayfever-allergy-relief/514932-723742-723743,Stérimar Hayfever & Allergy Relief,50ml,£5.25,£10.50/100ml,,"Toiletries, Health & Beauty"
513580,Flarin Joint & Muscular Pain Relief,G,false,1783,https://ecom-su-static-prod.wtrecom.com/images/products/3/LN_513580_BP_3.jpg,https://www.waitrose.com/ecom/products/flarin-joint-muscular-pain-relief/513580-788546-788547,Flarin Joint & Muscular Pain Relief,12s,£5.80,48.3p each,,"Toiletries, Health & Beauty"
512335,Seven Seas Omega 3 + Turmeric,G,false,1784,https://ecom-su-static-prod.wtrecom.com/images/products/3/LN_512335_BP_3.jpg,https://www.waitrose.com/ecom/products/seven-seas-omega-3-turmeric/512335-763341-763341,Seven Seas Omega 3 + Turmeric,30s,£21.00,70p each,,"Toiletries, Health & Beauty"
511693,Olay Regenerist Day Cream,G,true,1785,https://ecom-su-static-prod.wtrecom.com/images/products/3/LN_511693_BP_3.jpg,https://www.waitrose.com/ecom/products/olay-regenerist-day-cream/511693-690120-690121,Olay Regenerist Day Cream,50ml,£17.85,£35.70/100ml,Half Price. Was £35.70,"Toiletries, Health & Beauty"
511328,L'Oreal Men Expert Total Clean Shower Gel,G,false,1786,https://ecom-su-static-prod.wtrecom.com/images/products/3/LN_511328_BP_3.jpg,https://www.waitrose.com/ecom/products/loreal-men-expert-total-clean-shower-gel/511328-727137-727138,L'Oreal Men Expert Total Clean Shower Gel,300ml,£3.00,£1/100ml,,"Toiletries, Health & Beauty"
511308,Optibac Every Day Probiotic Capsules,G,true,1787,https://ecom-su-static-prod.wtrecom.com/images/products/3/LN_511308_BP_3.jpg,https://www.waitrose.com/ecom/products/optibac-every-day-probiotic-capsules/511308-72266-72267,Optibac Every Day Probiotic Capsules,30s,£11.00,36.7p each,save £2.65. Was £13.65,"Toiletries, Health & Beauty"
511244,Sure Men Invisible Ice,G,true,1788,https://ecom-su-static-prod.wtrecom.com/images/products/3/LN_511244_BP_3.jpg,https://www.waitrose.com/ecom/products/sure-men-invisible-ice/511244-773768-773769,Sure Men Invisible Ice,250ml,£2.85,£1.14/100ml,25% Off. Was £3.80,"Toiletries, Health & Beauty"
510266,Richard Ward Detangling Hairbrush,G,false,1789,https://ecom-su-static-prod.wtrecom.com/images/products/3/LN_510266_BP_3.jpg,https://www.waitrose.com/ecom/products/richard-ward-detangling-hairbrush/510266-494780-494781,Richard Ward Detangling Hairbrush,Each,£12.00,£12 each,,"Toiletries, Health & Beauty"
509523,Oral-B Floss Action Electric Toothbrush Heads,G,false,1790,https://ecom-su-static-prod.wtrecom.com/images/products/3/LN_509523_BP_3.jpg,https://www.waitrose.com/ecom/products/oral-b-floss-action-electric-toothbrush-heads/509523-759465-759466,Oral-B Floss Action Electric Toothbrush Heads,4s,£21.00,£5.25 each,,"Toiletries, Health & Beauty"
508728,Berocca Orange Flavour Effervescent Tablets,G,false,1791,https://ecom-su-static-prod.wtrecom.com/images/products/3/LN_508728_BP_3.jpg,https://www.waitrose.com/ecom/products/berocca-orange-flavour-effervescent-tablets/508728-383382-383383,Berocca Orange Flavour Effervescent Tablets,15Each,£5.85,39p each,,"Toiletries, Health & Beauty"
508483,SiS Go Energy Orange,G,true,1792,https://ecom-su-static-prod.wtrecom.com/images/products/3/LN_508483_BP_3.jpg,https://www.waitrose.com/ecom/products/sis-go-energy-orange/508483-141152-141153,SiS Go Energy Orange,60ml,£1.10,£1.84/100ml,save 65p. Was £1.75,"Toiletries, Health & Beauty"
508458,Nexium Control Heartburn Relief Tablets Large Pack,G,false,1793,https://ecom-su-static-prod.wtrecom.com/images/products/3/LN_508458_BP_3.jpg,https://www.waitrose.com/ecom/products/nexium-control-heartburn-relief-tablets-large-pack/508458-374375-374376,Nexium Control Heartburn Relief Tablets Large Pack,14s,£14.70,£1.05 each,,"Toiletries, Health & Beauty"
508340,Optrex Soothing Itchy Eyes Eye Drops,G,false,1794,https://ecom-su-static-prod.wtrecom.com/images/products/3/LN_508340_BP_3.jpg,https://www.waitrose.com/ecom/products/optrex-soothing-itchy-eyes-eye-drops/508340-822101-822102,Optrex Soothing Itchy Eyes Eye Drops,10ml,£5.40,£54/100ml,,"Toiletries, Health & Beauty"
508297,E45 Dermatitis Cream,G,false,1795,https://ecom-su-static-prod.wtrecom.com/images/products/3/LN_508297_BP_3.jpg,https://www.waitrose.com/ecom/products/e45-dermatitis-cream/508297-730666-730667,E45 Dermatitis Cream,50ml,£20.00,£4/10ml,,"Toiletries, Health & Beauty"
507861,Scholl Complete Corn Treatment Kit,G,true,1796,https://ecom-su-static-prod.wtrecom.com/images/products/3/LN_507861_BP_3.jpg,https://www.waitrose.com/ecom/products/scholl-complete-corn-treatment-kit/507861-625068-625069,Scholl Complete Corn Treatment Kit,Each,£5.00,£5 each,20% Off. Was £6.35,"Toiletries, Health & Beauty"
507450,Neal's Yard Geranium & Orange Hand Cream,G,false,1797,https://ecom-su-static-prod.wtrecom.com/images/products/3/LN_507450_BP_3.jpg,https://www.waitrose.com/ecom/products/neals-yard-geranium-orange-hand-cream/507450-299081-299082,Neal's Yard Geranium & Orange Hand Cream,50ml,£13.00,£26/100ml,,"Toiletries, Health & Beauty"
507433,Stérimar Breathe Easy Nasal Spray,G,false,1798,https://ecom-su-static-prod.wtrecom.com/images/products/3/LN_507433_BP_3.jpg,https://www.waitrose.com/ecom/products/sterimar-breathe-easy-nasal-spray/507433-763300-763301,Stérimar Breathe Easy Nasal Spray,50ml,£5.15,,,"Toiletries, Health & Beauty"
507269,Lemsip First Action Nasal Spray,G,false,1799,https://ecom-su-static-prod.wtrecom.com/images/products/3/LN_507269_BP_3.jpg,https://www.waitrose.com/ecom/products/lemsip-first-action-nasal-spray/507269-763298-763299,Lemsip First Action Nasal Spray,20ml,£7.35,£36.75/100ml,,"Toiletries, Health & Beauty"
507144,Centrum Men 50+ Multivitamin Tablets,G,false,1800,https://ecom-su-static-prod.wtrecom.com/images/products/3/LN_507144_BP_3.jpg,https://www.waitrose.com/ecom/products/centrum-men-50-multivitamin-tablets/507144-383374-383375,Centrum Men 50+ Multivitamin Tablets,30s,£9.05,30.2p each,,"Toiletries, Health & Beauty"
507113,Wellman 50+ Tablets,G,false,1801,https://ecom-su-static-prod.wtrecom.com/images/products/3/LN_507113_BP_3.jpg,https://www.waitrose.com/ecom/products/wellman-50-tablets/507113-71664-71665,Wellman 50+ Tablets,30s,£10.40,34.7p each,,"Toiletries, Health & Beauty"
507021,Kent Pebble Matt Black Brush,G,false,1802,https://ecom-su-static-prod.wtrecom.com/images/products/3/LN_507021_BP_3.jpg,https://www.waitrose.com/ecom/products/kent-pebble-matt-black-brush/507021-769724-769725,Kent Pebble Matt Black Brush,Each,£7.75,£7.75 each,,"Toiletries, Health & Beauty"
506826,Wilkinson Sword Xtreme 3 Beauty Razor,G,false,1803,https://ecom-su-static-prod.wtrecom.com/images/products/3/LN_506826_BP_3.jpg,https://www.waitrose.com/ecom/products/wilkinson-sword-xtreme-3-beauty-razor/506826-719462-719463,Wilkinson Sword Xtreme 3 Beauty Razor,Each,£4.60,£4.60 each,,"Toiletries, Health & Beauty"
506660,Head & Shoulders Citrus 2in1 Shampoo,G,true,1804,https://ecom-su-static-prod.wtrecom.com/images/products/3/LN_506660_BP_3.jpg,https://www.waitrose.com/ecom/products/head-shoulders-citrus-2in1-shampoo/506660-793406-793407,Head & Shoulders Citrus 2in1 Shampoo,330ml,£3.50,£1.07/100ml,save £1.50. Was £5.00,"Toiletries, Health & Beauty"
506600,Waitrose Pure Eye Serum,G,false,1805,https://ecom-su-static-prod.wtrecom.com/images/products/3/LN_506600_BP_3.jpg,https://www.waitrose.com/ecom/products/waitrose-pure-eye-serum/506600-772748-772749,Waitrose Pure Eye Serum,15ml,£3.00,£20/100ml,,"Toiletries, Health & Beauty"
505665,Head & Shoulders Caffeine Shampoo,G,true,1806,https://ecom-su-static-prod.wtrecom.com/images/products/3/LN_505665_BP_3.jpg,https://www.waitrose.com/ecom/products/head-shoulders-caffeine-shampoo/505665-793404-793405,Head & Shoulders Caffeine Shampoo,400ml,£3.50,87.5p/100ml,save £1.50. Was £5.00,"Toiletries, Health & Beauty"
505001,Dragonfly Tea Night Sky Calm 20 Tea Bags,G,true,1807,https://ecom-su-static-prod.wtrecom.com/images/products/3/LN_505001_BP_3.jpg,https://www.waitrose.com/ecom/products/dragonfly-tea-night-sky-calm-20-tea-bags/505001-692856-692857,Dragonfly Tea Night Sky Calm 20 Tea Bags,30g,£2.30,£7.67/100g,20% Off. Was £2.90,"Toiletries, Health & Beauty"
504718,Aveeno Calm & Restore Oat Serum,G,false,1808,https://ecom-su-static-prod.wtrecom.com/images/products/3/LN_504718_BP_3.jpg,https://www.waitrose.com/ecom/products/aveeno-calm-restore-oat-serum/504718-777322-777323,Aveeno Calm & Restore Oat Serum,30ml,£16.80,£56/100ml,,"Toiletries, Health & Beauty"
504567,Strepsils Sore Throat & Cough Lozenges,G,false,1809,https://ecom-su-static-prod.wtrecom.com/images/products/3/LN_504567_BP_3.jpg,https://www.waitrose.com/ecom/products/strepsils-sore-throat-cough-lozenges/504567-145566-145567,Strepsils Sore Throat & Cough Lozenges,24s,£5.65,23.5p each,,"Toiletries, Health & Beauty"
504553,Centrum Advance 50+ Multivitamin Tablets,G,true,1810,https://ecom-su-static-prod.wtrecom.com/images/products/3/LN_504553_BP_3.jpg,https://www.waitrose.com/ecom/products/centrum-advance-50-multivitamin-tablets/504553-71255-71256,Centrum Advance 50+ Multivitamin Tablets,30s,£5.84,19.5p each,20% Off. Was £7.30,"Toiletries, Health & Beauty"
504476,Seven Seas Cod Liver Oil Maximum Strength,G,false,1811,https://ecom-su-static-prod.wtrecom.com/images/products/3/LN_504476_BP_3.jpg,https://www.waitrose.com/ecom/products/seven-seas-cod-liver-oil-maximum-strength/504476-802541-802542,Seven Seas Cod Liver Oil Maximum Strength,300ml,£12.60,£4.20/100ml,,"Toiletries, Health & Beauty"
504117,Richard Ward Bodifying Spritz,G,true,1812,https://ecom-su-static-prod.wtrecom.com/images/products/3/LN_504117_BP_3.jpg,https://www.waitrose.com/ecom/products/richard-ward-bodifying-spritz/504117-757309-757310,Richard Ward Bodifying Spritz,150ml,£4.00,£2.67/100ml,Half Price. Was £8.00,"Toiletries, Health & Beauty"
503495,Ultrasun Eye Cream Sun Lotion SPF30,G,true,1813,https://ecom-su-static-prod.wtrecom.com/images/products/3/LN_503495_BP_3.jpg,https://www.waitrose.com/ecom/products/ultrasun-eye-cream-sun-lotion-spf30/503495-823933-823934,Ultrasun Eye Cream Sun Lotion SPF30,15ml,£16.00,,save £4.00. Was £20.00,"Toiletries, Health & Beauty"
502880,Balance Me Vitamin C Repair Serum,G,false,1814,https://ecom-su-static-prod.wtrecom.com/images/products/3/LN_502880_BP_3.jpg,https://www.waitrose.com/ecom/products/balance-me-vitamin-c-repair-serum/502880-672375-672376,Balance Me Vitamin C Repair Serum,30ml,£35.00,£116.67/100ml,,"Toiletries, Health & Beauty"
502671,MONO PRINT FULL BRIEF 18,G,false,1815,https://ecom-su-static-prod.wtrecom.com/images/products/3/LN_502671_BP_3.jpg,https://www.waitrose.com/ecom/products/mono-print-full-brief-18/502671-806231-806232,MONO PRINT FULL BRIEF 18,5s,£14.00,£2.80 each,,"Toiletries, Health & Beauty"
502555,Head & Shoulders Supreme Moisture Conditioner,G,true,1816,https://ecom-su-static-prod.wtrecom.com/images/products/3/LN_502555_BP_3.jpg,https://www.waitrose.com/ecom/products/head-shoulders-supreme-moisture-conditioner/502555-652294-652295,Head & Shoulders Supreme Moisture Conditioner,275ml,£3.50,£1.28/100ml,save £1.50. Was £5.00,"Toiletries, Health & Beauty"
502384,Umberto Giannini Curl Foam Anti-Frizz Styling Mousse,G,false,1817,https://ecom-su-static-prod.wtrecom.com/images/products/3/LN_502384_BP_3.jpg,https://www.waitrose.com/ecom/products/umberto-giannini-curl-foam-anti-frizz-styling-mousse/502384-820592-820593,Umberto Giannini Curl Foam Anti-Frizz Styling Mousse,200ml,£8.95,£4.48/100ml,,"Toiletries, Health & Beauty"
502050,Hask Argan Oil Repairing Shampoo,G,true,1818,https://ecom-su-static-prod.wtrecom.com/images/products/3/LN_502050_BP_3.jpg,https://www.waitrose.com/ecom/products/hask-argan-oil-repairing-shampoo/502050-631293-631294,Hask Argan Oil Repairing Shampoo,355ml,£4.93,£1.39/100ml,Save 1/3. Was £7.40,"Toiletries, Health & Beauty"
501663,Galpharm Cetirizine Tablets,G,false,1819,https://ecom-su-static-prod.wtrecom.com/images/products/3/LN_501663_BP_3.jpg,https://www.waitrose.com/ecom/products/galpharm-cetirizine-tablets/501663-763258-763259,Galpharm Cetirizine Tablets,14s,£2.15,£2.15 each,,"Toiletries, Health & Beauty"
500934,Vicks Inhaler Nasal Stick,G,false,1820,https://ecom-su-static-prod.wtrecom.com/images/products/3/LN_500934_BP_3.jpg,https://www.waitrose.com/ecom/products/vicks-inhaler-nasal-stick/500934-70783-70784,Vicks Inhaler Nasal Stick,0.5ml,£2.90,,,"Toiletries, Health & Beauty"
500744,Grenade Carb Killa Peanut Nutter,G,true,1821,https://ecom-su-static-prod.wtrecom.com/images/products/3/LN_500744_BP_3.jpg,https://www.waitrose.com/ecom/products/grenade-carb-killa-peanut-nutter/500744-743736-743737,Grenade Carb Killa Peanut Nutter,60g,£2.20,£3.67/100g,save 80p. Was £3.00,"Toiletries, Health & Beauty"
499977,7D 2PP Barley There Body Shaper Caramel L,G,false,1822,https://ecom-su-static-prod.wtrecom.com/images/products/3/LN_499977_BP_3.jpg,https://www.waitrose.com/ecom/products/7d-2pp-barley-there-body-shaper-caramel-l/499977-819656-819657,7D 2PP Barley There Body Shaper Caramel L,2s,£15.00,£7.50 each,,"Toiletries, Health & Beauty"
499744,Heath Face Wash,G,false,1823,https://ecom-su-static-prod.wtrecom.com/images/products/3/LN_499744_BP_3.jpg,https://www.waitrose.com/ecom/products/heath-face-wash/499744-588417-588418,Heath Face Wash,150ml,£10.00,£6.67/100ml,,"Toiletries, Health & Beauty"
498546,Dove Anti-perspirant Deodorant Fresh,G,true,1824,https://ecom-su-static-prod.wtrecom.com/images/products/3/LN_498546_BP_3.jpg,https://www.waitrose.com/ecom/products/dove-anti-perspirant-deodorant-fresh/498546-802539-802540,Dove Anti-perspirant Deodorant Fresh,200ml,£2.60,£1.30/100ml,25% Off. Was £3.50,"Toiletries, Health & Beauty"
498472,Neutrogena Clear & Defend Facial Scrub,G,true,1825,https://ecom-su-static-prod.wtrecom.com/images/products/3/LN_498472_BP_3.jpg,https://www.waitrose.com/ecom/products/neutrogena-clear-defend-facial-scrub/498472-824766-824767,Neutrogena Clear & Defend Facial Scrub,150ml,£4.00,£2.67/100ml,Save 1/3. Was £6.00,"Toiletries, Health & Beauty"
498283,Lemsip Max All in 1 Cold & Flu Capsules,G,false,1826,https://ecom-su-static-prod.wtrecom.com/images/products/3/LN_498283_BP_3.jpg,https://www.waitrose.com/ecom/products/lemsip-max-all-in-1-cold-flu-capsules/498283-70404-70405,Lemsip Max All in 1 Cold & Flu Capsules,16s,£6.70,41.9p each,,"Toiletries, Health & Beauty"
496783,John Frieda Frizz Ease Strength Serum,G,false,1827,https://ecom-su-static-prod.wtrecom.com/images/products/3/LN_496783_BP_3.jpg,https://www.waitrose.com/ecom/products/john-frieda-frizz-ease-strength-serum/496783-780549-780550,John Frieda Frizz Ease Strength Serum,50ml,£8.00,£16/100ml,,"Toiletries, Health & Beauty"
496678,Rescue remedy 20ml night drop,G,false,1828,https://ecom-su-static-prod.wtrecom.com/images/products/3/LN_496678_BP_3.jpg,https://www.waitrose.com/ecom/products/rescue-remedy-20ml-night-drop/496678-788524-788525,Rescue remedy 20ml night drop,20ml,£13.00,£65/100ml,,"Toiletries, Health & Beauty"
496562,"VITL Hair, Skin & Nails Capsules",G,false,1829,https://ecom-su-static-prod.wtrecom.com/images/products/3/LN_496562_BP_3.jpg,https://www.waitrose.com/ecom/products/vitl-hair-skin-nails-capsules/496562-822091-822092,"VITL Hair, Skin & Nails Capsules",30s,£10.00,33.3p each,,"Toiletries, Health & Beauty"
496073,Aveeno Calm & Restore Oat Gel,G,false,1830,https://ecom-su-static-prod.wtrecom.com/images/products/3/LN_496073_BP_3.jpg,https://www.waitrose.com/ecom/products/aveeno-calm-restore-oat-gel/496073-777320-777321,Aveeno Calm & Restore Oat Gel,50ml,£12.60,£25.20/100ml,,"Toiletries, Health & Beauty"
495886,Age Perfect Golden Age Cream SPF20,G,false,1831,https://ecom-su-static-prod.wtrecom.com/images/products/3/LN_495886_BP_3.jpg,https://www.waitrose.com/ecom/products/age-perfect-golden-age-cream-spf20/495886-503961-503962,Age Perfect Golden Age Cream SPF20,50ml,£21.00,£42/100ml,,"Toiletries, Health & Beauty"
495755,L'Oreal Revitalift Filler Day Cream SPF50,G,false,1832,https://ecom-su-static-prod.wtrecom.com/images/products/3/LN_495755_BP_3.jpg,https://www.waitrose.com/ecom/products/loreal-revitalift-filler-day-cream-spf50/495755-824762-824763,L'Oreal Revitalift Filler Day Cream SPF50,50ml,£25.00,£50/100ml,,"Toiletries, Health & Beauty"
494942,Gaviscon Double Action Mint Tablets,G,false,1833,https://ecom-su-static-prod.wtrecom.com/images/products/3/LN_494942_BP_3.jpg,https://www.waitrose.com/ecom/products/gaviscon-double-action-mint-tablets/494942-802535-802536,Gaviscon Double Action Mint Tablets,12s,£4.00,33.3p each,,"Toiletries, Health & Beauty"
494340,Neal's Yard Rose Shampoo,G,false,1834,https://ecom-su-static-prod.wtrecom.com/images/products/3/LN_494340_BP_3.jpg,https://www.waitrose.com/ecom/products/neals-yard-rose-shampoo/494340-69860-69861,Neal's Yard Rose Shampoo,200ml,£11.50,£5.75/100ml,,"Toiletries, Health & Beauty"
493900,Aveeno Face Calm & Restore Night Cream,G,false,1835,https://ecom-su-static-prod.wtrecom.com/images/products/3/LN_493900_BP_3.jpg,https://www.waitrose.com/ecom/products/aveeno-face-calm-restore-night-cream/493900-824760-824761,Aveeno Face Calm & Restore Night Cream,50ml,£13.00,£26/100ml,,"Toiletries, Health & Beauty"
493811,L'Oreal Bright Reveal SPF50+ Cream,G,false,1836,https://ecom-su-static-prod.wtrecom.com/images/products/3/LN_493811_BP_3.jpg,https://www.waitrose.com/ecom/products/loreal-bright-reveal-spf50-cream/493811-824758-824759,L'Oreal Bright Reveal SPF50+ Cream,50ml,£30.00,£60/100ml,,"Toiletries, Health & Beauty"
493758,Goodrays CBD Night Oil,G,false,1837,https://ecom-su-static-prod.wtrecom.com/images/products/3/LN_493758_BP_3.jpg,https://www.waitrose.com/ecom/products/goodrays-cbd-night-oil/493758-803855-803856,Goodrays CBD Night Oil,15ml,£24.95,£166.34/100ml,,"Toiletries, Health & Beauty"
493595,Argan+ Strengthen Conditioner,G,true,1838,https://ecom-su-static-prod.wtrecom.com/images/products/3/LN_493595_BP_3.jpg,https://www.waitrose.com/ecom/products/argan-strengthen-conditioner/493595-761962-761963,Argan+ Strengthen Conditioner,250ml,£6.25,£2.50/100ml,Add 2 get 2nd half price Cheaper Item Half Price,"Toiletries, Health & Beauty"
493470,Deep Heat Muscle Rescue Heat Spray,G,false,1839,https://ecom-su-static-prod.wtrecom.com/images/products/3/LN_493470_BP_3.jpg,https://www.waitrose.com/ecom/products/deep-heat-muscle-rescue-heat-spray/493470-810378-810379,Deep Heat Muscle Rescue Heat Spray,72.5ml,£6.00,£8.28/100ml,,"Toiletries, Health & Beauty"
492960,Teapigs Snooze Sleepy 15 Tea Temples,G,false,1840,https://ecom-su-static-prod.wtrecom.com/images/products/3/LN_492960_BP_3.jpg,https://www.waitrose.com/ecom/products/teapigs-snooze-sleepy-15-tea-temples/492960-589117-589118,Teapigs Snooze Sleepy 15 Tea Temples,45g,£4.75,£10.56/100g,,"Toiletries, Health & Beauty"
492949,Nivea Sun After Sun Moisture,G,true,1841,https://ecom-su-static-prod.wtrecom.com/images/products/3/LN_492949_BP_3.jpg,https://www.waitrose.com/ecom/products/nivea-sun-after-sun-moisture/492949-692333-692334,Nivea Sun After Sun Moisture,200ml,£7.99,£4/100ml,20% Off. Was £9.99,"Toiletries, Health & Beauty"
492466,Hask Keratin Protein Smoothing Shampoo,G,true,1842,https://ecom-su-static-prod.wtrecom.com/images/products/3/LN_492466_BP_3.jpg,https://www.waitrose.com/ecom/products/hask-keratin-protein-smoothing-shampoo/492466-631281-631282,Hask Keratin Protein Smoothing Shampoo,355ml,£4.93,£1.39/100ml,Save 1/3. Was £7.40,"Toiletries, Health & Beauty"
492125,Bed Head Resurrection Shampoo,G,false,1843,https://ecom-su-static-prod.wtrecom.com/images/products/3/LN_492125_BP_3.jpg,https://www.waitrose.com/ecom/products/bed-head-resurrection-shampoo/492125-809130-809131,Bed Head Resurrection Shampoo,400ml,£6.50,£1.63/100ml,,"Toiletries, Health & Beauty"
492090,Percy & Reed Volumising Shampoo,G,true,1844,https://ecom-su-static-prod.wtrecom.com/images/products/3/LN_492090_BP_3.jpg,https://www.waitrose.com/ecom/products/percy-reed-volumising-shampoo/492090-729670-729671,Percy & Reed Volumising Shampoo,250ml,£14.66,£5.87/100ml,Save 1/3. Was £22.00,"Toiletries, Health & Beauty"
491991,Garnier Micellar Cleansing Water,G,false,1845,https://ecom-su-static-prod.wtrecom.com/images/products/3/LN_491991_BP_3.jpg,https://www.waitrose.com/ecom/products/garnier-micellar-cleansing-water/491991-391471-391472,Garnier Micellar Cleansing Water,400ml,£8.00,£2/100ml,,"Toiletries, Health & Beauty"
491750,Faith in Nature Lavender & Geranium Body Wash,G,false,1846,https://ecom-su-static-prod.wtrecom.com/images/products/3/LN_491750_BP_3.jpg,https://www.waitrose.com/ecom/products/faith-in-nature-lavender-geranium-body-wash/491750-719438-719439,Faith in Nature Lavender & Geranium Body Wash,400ml,£6.30,£1.58/100ml,,"Toiletries, Health & Beauty"
491652,TRUYU Curved Nail Scissors,G,false,1847,https://ecom-su-static-prod.wtrecom.com/images/products/3/LN_491652_BP_3.jpg,https://www.waitrose.com/ecom/products/truyu-curved-nail-scissors/491652-814959-814960,TRUYU Curved Nail Scissors,Each,£4.70,£4.70 each,,"Toiletries, Health & Beauty"
491077,Kent Narrow Large Quill Brush,G,false,1848,https://ecom-su-static-prod.wtrecom.com/images/products/3/LN_491077_BP_3.jpg,https://www.waitrose.com/ecom/products/kent-narrow-large-quill-brush/491077-769712-769713,Kent Narrow Large Quill Brush,Each,£10.50,£10.50 each,,"Toiletries, Health & Beauty"
490632,Wilkinson Sword Intuition Razor,G,false,1849,https://ecom-su-static-prod.wtrecom.com/images/products/3/LN_490632_BP_3.jpg,https://www.waitrose.com/ecom/products/wilkinson-sword-intuition-razor/490632-746141-746142,Wilkinson Sword Intuition Razor,Each,£8.95,£8.95 each,,"Toiletries, Health & Beauty"
490551,Pantene Smooth & Sleek 3in1,G,false,1850,https://ecom-su-static-prod.wtrecom.com/images/products/3/LN_490551_BP_3.jpg,https://www.waitrose.com/ecom/products/pantene-smooth-sleek-3in1/490551-793391-793392,Pantene Smooth & Sleek 3in1,400ml,£4.75,£1.19/100ml,,"Toiletries, Health & Beauty"
490420,MONO PRINT FULL BRIEF 12,G,false,1851,https://ecom-su-static-prod.wtrecom.com/images/products/3/LN_490420_BP_3.jpg,https://www.waitrose.com/ecom/products/mono-print-full-brief-12/490420-806229-806230,MONO PRINT FULL BRIEF 12,5s,£14.00,£2.80 each,,"Toiletries, Health & Beauty"
489711,Better You Boost Spray,G,false,1852,https://ecom-su-static-prod.wtrecom.com/images/products/3/LN_489711_BP_3.jpg,https://www.waitrose.com/ecom/products/better-you-boost-spray/489711-696502-696503,Better You Boost Spray,25ml,£12.60,£50.40/100ml,,"Toiletries, Health & Beauty"
489563,Super Facialist Rosehip Hydrate Day Cream SPF15,G,false,1853,https://ecom-su-static-prod.wtrecom.com/images/products/3/LN_489563_BP_3.jpg,https://www.waitrose.com/ecom/products/super-facialist-rosehip-hydrate-day-cream-spf15/489563-752417-752418,Super Facialist Rosehip Hydrate Day Cream SPF15,75ml,£16.80,£22.40/100ml,,"Toiletries, Health & Beauty"
489393,Palmer's Coconut Oil Body Lotion,G,false,1854,https://ecom-su-static-prod.wtrecom.com/images/products/3/LN_489393_BP_3.jpg,https://www.waitrose.com/ecom/products/palmers-coconut-oil-body-lotion/489393-758466-758467,Palmer's Coconut Oil Body Lotion,250ml,£4.65,£1.86/100ml,,"Toiletries, Health & Beauty"
488768,Dr.PAWPAW Lip Balm SPF 20,G,true,1855,https://ecom-su-static-prod.wtrecom.com/images/products/3/LN_488768_BP_3.jpg,https://www.waitrose.com/ecom/products/drpawpaw-lip-balm-spf-20/488768-824756-824757,Dr.PAWPAW Lip Balm SPF 20,8ml,£5.00,£62.50/100ml,Add 2 get 2nd half price Cheaper Item Half Price,"Toiletries, Health & Beauty"
488601,Gillette Pro Sensitive Shave Gel,G,false,1856,https://ecom-su-static-prod.wtrecom.com/images/products/3/LN_488601_BP_3.jpg,https://www.waitrose.com/ecom/products/gillette-pro-sensitive-shave-gel/488601-812703-812704,Gillette Pro Sensitive Shave Gel,200ml,£5.00,£25/litre,,"Toiletries, Health & Beauty"
488474,Dr Salts Post Workout Epsom Bath Salts,G,true,1857,https://ecom-su-static-prod.wtrecom.com/images/products/3/LN_488474_BP_3.jpg,https://www.waitrose.com/ecom/products/dr-salts-post-workout-epsom-bath-salts/488474-766819-766820,Dr Salts Post Workout Epsom Bath Salts,750g,£4.50,60p/100g,Save 1/3. Was £6.75,"Toiletries, Health & Beauty"
488154,Berocca Orange Effervescent Tablets,G,false,1858,https://ecom-su-static-prod.wtrecom.com/images/products/3/LN_488154_BP_3.jpg,https://www.waitrose.com/ecom/products/berocca-orange-effervescent-tablets/488154-691482-691483,Berocca Orange Effervescent Tablets,45Each,£15.75,35p each,,"Toiletries, Health & Beauty"
488079,Ageless Upper Arm Creme 110ml,G,true,1859,https://ecom-su-static-prod.wtrecom.com/images/products/3/LN_488079_BP_3.jpg,https://www.waitrose.com/ecom/products/ageless-upper-arm-creme-110ml/488079-813640-813641,Ageless Upper Arm Creme 110ml,110ml,£24.00,,Buyers Choice,"Toiletries, Health & Beauty"
487855,Umberto Giannini Curl Jelly Shine Curl Balm,G,false,1860,https://ecom-su-static-prod.wtrecom.com/images/products/3/LN_487855_BP_3.jpg,https://www.waitrose.com/ecom/products/umberto-giannini-curl-jelly-shine-curl-balm/487855-820588-820589,Umberto Giannini Curl Jelly Shine Curl Balm,180ml,£10.75,£5.98/100ml,,"Toiletries, Health & Beauty"
487447,Prai Ageless T&D Night Creme,G,false,1861,https://ecom-su-static-prod.wtrecom.com/images/products/3/LN_487447_BP_3.jpg,https://www.waitrose.com/ecom/products/prai-ageless-td-night-creme/487447-813636-813637,Prai Ageless T&D Night Creme,50ml,£37.00,£740/litre,,"Toiletries, Health & Beauty"
486960,Neat Refillable Foaming Hand Wash Mango & Fig,G,false,1862,https://ecom-su-static-prod.wtrecom.com/images/products/3/LN_486960_BP_3.jpg,https://www.waitrose.com/ecom/products/neat-refillable-foaming-hand-wash-mango-fig/486960-805755-805756,Neat Refillable Foaming Hand Wash Mango & Fig,30ml,£8.00,£26.67/100ml,,"Toiletries, Health & Beauty"
485871,Waken Peppermint Toothpaste,G,true,1863,https://ecom-su-static-prod.wtrecom.com/images/products/3/LN_485871_BP_3.jpg,https://www.waitrose.com/ecom/products/waken-peppermint-toothpaste/485871-776670-776671,Waken Peppermint Toothpaste,75ml,£3.15,£4.20/100ml,Save 1/3. Was £4.75,"Toiletries, Health & Beauty"
485812,L'Oréal Elvive Bond Repair Shampoo,G,false,1864,https://ecom-su-static-prod.wtrecom.com/images/products/3/LN_485812_BP_3.jpg,https://www.waitrose.com/ecom/products/loreal-elvive-bond-repair-shampoo/485812-800032-800033,L'Oréal Elvive Bond Repair Shampoo,200ml,£13.65,£6.83/100ml,,"Toiletries, Health & Beauty"
485601,Vicks First Defence Spray,G,false,1865,https://ecom-su-static-prod.wtrecom.com/images/products/3/LN_485601_BP_3.jpg,https://www.waitrose.com/ecom/products/vicks-first-defence-spray/485601-719430-719431,Vicks First Defence Spray,15ml,£8.40,£56/100ml,,"Toiletries, Health & Beauty"
485355,ManCave Texturising Hair Paste,G,false,1866,https://ecom-su-static-prod.wtrecom.com/images/products/3/LN_485355_BP_3.jpg,https://www.waitrose.com/ecom/products/mancave-texturising-hair-paste/485355-826104-826105,ManCave Texturising Hair Paste,75ml,£9.00,£12/100ml,,"Toiletries, Health & Beauty"
485074,Nivea Moisturising Night Cream,G,true,1867,https://ecom-su-static-prod.wtrecom.com/images/products/3/LN_485074_BP_3.jpg,https://www.waitrose.com/ecom/products/nivea-moisturising-night-cream/485074-824754-824755,Nivea Moisturising Night Cream,50ml,£3.33,£6.66/100ml,Save 1/3. Was £5.00,"Toiletries, Health & Beauty"
484853,TENA Pants Plus XL,G,false,1868,https://ecom-su-static-prod.wtrecom.com/images/products/3/LN_484853_BP_3.jpg,https://www.waitrose.com/ecom/products/tena-pants-plus-xl/484853-327144-327145,TENA Pants Plus XL,12s,£14.65,£1.23 each,,"Toiletries, Health & Beauty"
484709,Bulldog Sensitive Aftershave Balm,G,true,1869,https://ecom-su-static-prod.wtrecom.com/images/products/3/LN_484709_BP_3.jpg,https://www.waitrose.com/ecom/products/bulldog-sensitive-aftershave-balm/484709-812788-812789,Bulldog Sensitive Aftershave Balm,100ml,£3.30,£33/litre,Save 1/3. Was £5.00,"Toiletries, Health & Beauty"
483783,Olbas Inhaler Nasal Stick,G,false,1870,https://ecom-su-static-prod.wtrecom.com/images/products/3/LN_483783_BP_3.jpg,https://www.waitrose.com/ecom/products/olbas-inhaler-nasal-stick/483783-145542-145543,Olbas Inhaler Nasal Stick,Each,£3.95,£3.95 each,,"Toiletries, Health & Beauty"
483657,John Frieda Blonde+ Repair System Shampoo,G,false,1871,https://ecom-su-static-prod.wtrecom.com/images/products/3/LN_483657_BP_3.jpg,https://www.waitrose.com/ecom/products/john-frieda-blonde-repair-system-shampoo/483657-820584-820585,John Frieda Blonde+ Repair System Shampoo,250ml,£9.45,£3.78/100ml,,"Toiletries, Health & Beauty"
483355,Bioré Pore Strips Deep Cleansing,G,false,1872,https://ecom-su-static-prod.wtrecom.com/images/products/3/LN_483355_BP_3.jpg,https://www.waitrose.com/ecom/products/biore-pore-strips-deep-cleansing/483355-239351-239352,Bioré Pore Strips Deep Cleansing,6s,£8.40,£1.40 each,,"Toiletries, Health & Beauty"
483144,Huggies Little Swimmers Size 2-3 Swim nappies,G,true,1873,https://ecom-su-static-prod.wtrecom.com/images/products/3/LN_483144_BP_3.jpg,https://www.waitrose.com/ecom/products/huggies-little-swimmers-size-2-3-swim-nappies/483144-292636-292637,Huggies Little Swimmers Size 2-3 Swim nappies,12s,£4.50,37.5p each,save £1.00. Was £5.50,"Toiletries, Health & Beauty"
482701,Neutrogena T-Gel 2in1 Shampoo & Conditioner,G,false,1874,https://ecom-su-static-prod.wtrecom.com/images/products/3/LN_482701_BP_3.jpg,https://www.waitrose.com/ecom/products/neutrogena-t-gel-2in1-shampoo-conditioner/482701-809122-809123,Neutrogena T-Gel 2in1 Shampoo & Conditioner,250ml,£8.15,£3.26/100ml,,"Toiletries, Health & Beauty"
482375,10D 2PP Ladder Resist Tights Almond L,G,false,1875,https://ecom-su-static-prod.wtrecom.com/images/products/3/LN_482375_BP_3.jpg,https://www.waitrose.com/ecom/products/10d-2pp-ladder-resist-tights-almond-l/482375-819636-819637,10D 2PP Ladder Resist Tights Almond L,2s,£15.00,£7.50 each,,"Toiletries, Health & Beauty"
480845,Centrum Mixed Fruit MultiGummies,G,false,1876,https://ecom-su-static-prod.wtrecom.com/images/products/3/LN_480845_BP_3.jpg,https://www.waitrose.com/ecom/products/centrum-mixed-fruit-multigummies/480845-665887-665888,Centrum Mixed Fruit MultiGummies,30s,£7.90,26.3p each,,"Toiletries, Health & Beauty"
479845,Harry's Razor Blades,G,false,1877,https://ecom-su-static-prod.wtrecom.com/images/products/3/LN_479845_BP_3.jpg,https://www.waitrose.com/ecom/products/harrys-razor-blades/479845-773764-773765,Harry's Razor Blades,4s,£9.00,£2.25 each,,"Toiletries, Health & Beauty"
479772,Sanex Mens Sensitive Shower Gel 400ml,G,false,1878,https://ecom-su-static-prod.wtrecom.com/images/products/3/LN_479772_BP_3.jpg,https://www.waitrose.com/ecom/products/sanex-mens-sensitive-shower-gel-400ml/479772-804566-804567,Sanex Mens Sensitive Shower Gel 400ml,400ml,£3.15,78.8p/100ml,,"Toiletries, Health & Beauty"
479756,Neal's Yard Rose Facial Oil,G,false,1879,https://ecom-su-static-prod.wtrecom.com/images/products/3/LN_479756_BP_3.jpg,https://www.waitrose.com/ecom/products/neals-yard-rose-facial-oil/479756-135928-135929,Neal's Yard Rose Facial Oil,28ml,£29.00,£103.58/100ml,,"Toiletries, Health & Beauty"
479613,Waitrose Pure Body Wash,G,false,1880,https://ecom-su-static-prod.wtrecom.com/images/products/3/LN_479613_BP_3.jpg,https://www.waitrose.com/ecom/products/waitrose-pure-body-wash/479613-772744-772745,Waitrose Pure Body Wash,250ml,£2.50,£1/100ml,,"Toiletries, Health & Beauty"
479478,Nivea Sun Kids 50+ Spray,G,false,1881,https://ecom-su-static-prod.wtrecom.com/images/products/3/LN_479478_BP_3.jpg,https://www.waitrose.com/ecom/products/nivea-sun-kids-50-spray/479478-752415-752416,Nivea Sun Kids 50+ Spray,200ml,£7.50,£3.75/100ml,,"Toiletries, Health & Beauty"
479378,Head & Shoulders Deep Cleanse Itch Prevention Shampoo,G,false,1882,https://ecom-su-static-prod.wtrecom.com/images/products/3/LN_479378_BP_3.jpg,https://www.waitrose.com/ecom/products/head-shoulders-deep-cleanse-itch-prevention-shampoo/479378-820582-820583,Head & Shoulders Deep Cleanse Itch Prevention Shampoo,300ml,£6.30,£2.10/100ml,,"Toiletries, Health & Beauty"
479035,John Lewis Blue Trainer Socks,G,false,1883,https://ecom-su-static-prod.wtrecom.com/images/products/3/LN_479035_BP_3.jpg,https://www.waitrose.com/ecom/products/john-lewis-blue-trainer-socks/479035-798710-798711,John Lewis Blue Trainer Socks,each,£8.00,£8 each,,"Toiletries, Health & Beauty"
479033,Riemann P20 Sensitive Face SPF50+ Cream,G,true,1884,https://ecom-su-static-prod.wtrecom.com/images/products/3/LN_479033_BP_3.jpg,https://www.waitrose.com/ecom/products/riemann-p20-sensitive-face-spf50-cream/479033-805893-805894,Riemann P20 Sensitive Face SPF50+ Cream,50g,£20.80,£41.60/100g,20% Off. Was £26.00,"Toiletries, Health & Beauty"
478834,Balance Me Collagen Boost Moisturiser,G,false,1885,https://ecom-su-static-prod.wtrecom.com/images/products/3/LN_478834_BP_3.jpg,https://www.waitrose.com/ecom/products/balance-me-collagen-boost-moisturiser/478834-690060-690061,Balance Me Collagen Boost Moisturiser,50ml,£29.00,£58/100ml,,"Toiletries, Health & Beauty"
478649,Gillette Mach3 Turbo Blades,G,false,1886,https://ecom-su-static-prod.wtrecom.com/images/products/3/LN_478649_BP_3.jpg,https://www.waitrose.com/ecom/products/gillette-mach3-turbo-blades/478649-735744-735745,Gillette Mach3 Turbo Blades,8s,£22.00,£2.75 each,,"Toiletries, Health & Beauty"
477834,Weleda Skin Food Body Lotion,G,false,1887,https://ecom-su-static-prod.wtrecom.com/images/products/3/LN_477834_BP_3.jpg,https://www.waitrose.com/ecom/products/weleda-skin-food-body-lotion/477834-769084-769085,Weleda Skin Food Body Lotion,200ml,£15.70,£7.85/100ml,,"Toiletries, Health & Beauty"
477753,Percy & Reed Scalp Soothing Shampoo,G,true,1888,https://ecom-su-static-prod.wtrecom.com/images/products/3/LN_477753_BP_3.jpg,https://www.waitrose.com/ecom/products/percy-reed-scalp-soothing-shampoo/477753-761952-761953,Percy & Reed Scalp Soothing Shampoo,250ml,£15.33,£6.14/100ml,Save 1/3. Was £23.00,"Toiletries, Health & Beauty"
477568,Grenade Carb Killa White Chocolate Cookie,G,true,1889,https://ecom-su-static-prod.wtrecom.com/images/products/3/LN_477568_BP_3.jpg,https://www.waitrose.com/ecom/products/grenade-carb-killa-white-chocolate-cookie/477568-748965-748966,Grenade Carb Killa White Chocolate Cookie,60g,£2.20,£3.67/100g,save 80p. Was £3.00,"Toiletries, Health & Beauty"
477329,Colgate 360 Sensitive PRO-Relief Toothbrush,G,true,1890,https://ecom-su-static-prod.wtrecom.com/images/products/3/LN_477329_BP_3.jpg,https://www.waitrose.com/ecom/products/colgate-360-sensitive-pro-relief-toothbrush/477329-551234-551235,Colgate 360 Sensitive PRO-Relief Toothbrush,Each,£2.50,£2.50 each,save £2.25. Was £4.75,"Toiletries, Health & Beauty"
476098,Neal's Yard Wild Rose Hand Cream,G,false,1891,https://ecom-su-static-prod.wtrecom.com/images/products/3/LN_476098_BP_3.jpg,https://www.waitrose.com/ecom/products/neals-yard-wild-rose-hand-cream/476098-374223-374224,Neal's Yard Wild Rose Hand Cream,50ml,£13.00,£26/100ml,,"Toiletries, Health & Beauty"
475844,Prai Ageless Throat & Decolletage Creme,G,false,1892,https://ecom-su-static-prod.wtrecom.com/images/products/3/LN_475844_BP_3.jpg,https://www.waitrose.com/ecom/products/prai-ageless-throat-decolletage-creme/475844-813630-813631,Prai Ageless Throat & Decolletage Creme,50ml,£29.00,£580/litre,,"Toiletries, Health & Beauty"
475640,Essential Ibuprofen,G,false,1893,https://ecom-su-static-prod.wtrecom.com/images/products/3/LN_475640_BP_3.jpg,https://www.waitrose.com/ecom/products/essential-ibuprofen/475640-311142-311143,Essential Ibuprofen,8s,£2.00,25p each,,"Toiletries, Health & Beauty"
475537,TCP Liquid Antiseptic,G,false,1894,https://ecom-su-static-prod.wtrecom.com/images/products/3/LN_475537_BP_3.jpg,https://www.waitrose.com/ecom/products/tcp-liquid-antiseptic/475537-185091-185092,TCP Liquid Antiseptic,200ml,£5.50,£2.75/100ml,,"Toiletries, Health & Beauty"
475446,Pantene Dry Oil Repair & Protect,G,false,1895,https://ecom-su-static-prod.wtrecom.com/images/products/3/LN_475446_BP_3.jpg,https://www.waitrose.com/ecom/products/pantene-dry-oil-repair-protect/475446-336799-336800,Pantene Dry Oil Repair & Protect,100ml,£8.40,£8.40/100ml,,"Toiletries, Health & Beauty"
474970,Richard Ward Anti-Age Shampoo,G,true,1896,https://ecom-su-static-prod.wtrecom.com/images/products/3/LN_474970_BP_3.jpg,https://www.waitrose.com/ecom/products/richard-ward-anti-age-shampoo/474970-757293-757294,Richard Ward Anti-Age Shampoo,300ml,£4.00,£1.34/100ml,Half Price. Was £8.00,"Toiletries, Health & Beauty"
474902,Voltarol Back & Muscle Pain Relief Gel Travel Size,G,false,1897,https://ecom-su-static-prod.wtrecom.com/images/products/3/LN_474902_BP_3.jpg,https://www.waitrose.com/ecom/products/voltarol-back-muscle-pain-relief-gel-travel-size/474902-691458-691459,Voltarol Back & Muscle Pain Relief Gel Travel Size,30g,£6.30,£21/100g,,"Toiletries, Health & Beauty"
474545,Pantene Miracles Silky Conditioner,G,true,1898,https://ecom-su-static-prod.wtrecom.com/images/products/3/LN_474545_BP_3.jpg,https://www.waitrose.com/ecom/products/pantene-miracles-silky-conditioner/474545-757291-757292,Pantene Miracles Silky Conditioner,275ml,£3.00,£1.10/100ml,Half Price. Was £6.00,"Toiletries, Health & Beauty"
474255,Natracare Ultra Extra Pads Long,G,false,1899,https://ecom-su-static-prod.wtrecom.com/images/products/3/LN_474255_BP_3.jpg,https://www.waitrose.com/ecom/products/natracare-ultra-extra-pads-long/474255-696056-696057,Natracare Ultra Extra Pads Long,8s,£2.55,31.9p each,,"Toiletries, Health & Beauty"
474187,Olay Complete Day Cream Sensitive SPF15,G,false,1900,https://ecom-su-static-prod.wtrecom.com/images/products/3/LN_474187_BP_3.jpg,https://www.waitrose.com/ecom/products/olay-complete-day-cream-sensitive-spf15/474187-824750-824751,Olay Complete Day Cream Sensitive SPF15,50ml,£14.00,£28/100ml,,"Toiletries, Health & Beauty"
473384,Sambucol Liquid For Kids,G,true,1901,https://ecom-su-static-prod.wtrecom.com/images/products/3/LN_473384_BP_3.jpg,https://www.waitrose.com/ecom/products/sambucol-liquid-for-kids/473384-746139-746140,Sambucol Liquid For Kids,120ml,£8.00,£6.67/100ml,save £2.40. Was £10.40,"Toiletries, Health & Beauty"
473088,Bull Dog Original Beard Oil,G,true,1902,https://ecom-su-static-prod.wtrecom.com/images/products/3/LN_473088_BP_3.jpg,https://www.waitrose.com/ecom/products/bull-dog-original-beard-oil/473088-526688-526689,Bull Dog Original Beard Oil,30ml,£3.50,£11.67/100ml,Save 1/3. Was £5.25,"Toiletries, Health & Beauty"
472801,Vicks Tripleaction Sugar Free Lozenge,G,false,1903,https://ecom-su-static-prod.wtrecom.com/images/products/3/LN_472801_BP_3.jpg,https://www.waitrose.com/ecom/products/vicks-tripleaction-sugar-free-lozenge/472801-763086-763087,Vicks Tripleaction Sugar Free Lozenge,42g,£1.35,£3.22/100g,,"Toiletries, Health & Beauty"
472749,Simple Micellar Cleansing Water make-up remover,G,true,1904,https://ecom-su-static-prod.wtrecom.com/images/products/3/LN_472749_BP_3.jpg,https://www.waitrose.com/ecom/products/simple-micellar-cleansing-water-make-up-remover/472749-719422-719423,Simple Micellar Cleansing Water make-up remover,400ml,£4.00,£1/100ml,Save 1/3. Was £6.00,"Toiletries, Health & Beauty"
472245,Sanctuary Spa Signature Natural Oils Salt Scrub,G,true,1905,https://ecom-su-static-prod.wtrecom.com/images/products/3/LN_472245_BP_3.jpg,https://www.waitrose.com/ecom/products/sanctuary-spa-signature-natural-oils-salt-scrub/472245-812860-812861,Sanctuary Spa Signature Natural Oils Salt Scrub,650g,£12.00,£1.85/100g,Save 1/3. Was £18.00,"Toiletries, Health & Beauty"
472240,Herbal Essence Argan Oil Repair Shampoo,G,false,1906,https://ecom-su-static-prod.wtrecom.com/images/products/3/LN_472240_BP_3.jpg,https://www.waitrose.com/ecom/products/herbal-essence-argan-oil-repair-shampoo/472240-591833-591834,Herbal Essence Argan Oil Repair Shampoo,350ml,£4.75,£1.36/100ml,,"Toiletries, Health & Beauty"
471364,60D Velvet Touch Tights Black L,G,false,1907,https://ecom-su-static-prod.wtrecom.com/images/products/3/LN_471364_BP_3.jpg,https://www.waitrose.com/ecom/products/60d-velvet-touch-tights-black-l/471364-791320-791321,60D Velvet Touch Tights Black L,each,£9.00,£9 each,,"Toiletries, Health & Beauty"
471294,Together Health Omega 3 Vegan DHA & EPA Softgels,G,true,1908,https://ecom-su-static-prod.wtrecom.com/images/products/3/LN_471294_BP_3.jpg,https://www.waitrose.com/ecom/products/together-health-omega-3-vegan-dha-epa-softgels/471294-822079-822080,Together Health Omega 3 Vegan DHA & EPA Softgels,30Each,£10.50,35p each,25% Off. Was £14.00,"Toiletries, Health & Beauty"
470369,Sanctuary Spa Me Time Minis Gift Set,G,false,1909,https://ecom-su-static-prod.wtrecom.com/images/products/3/LN_470369_BP_3.jpg,https://www.waitrose.com/ecom/products/sanctuary-spa-me-time-minis-gift-set/470369-817395-817396,Sanctuary Spa Me Time Minis Gift Set,1Each,£10.00,£10 each,,"Toiletries, Health & Beauty"
470049,Man Cave Wild Mint Shower Gel,G,false,1910,https://ecom-su-static-prod.wtrecom.com/images/products/3/LN_470049_BP_3.jpg,https://www.waitrose.com/ecom/products/man-cave-wild-mint-shower-gel/470049-729662-729663,Man Cave Wild Mint Shower Gel,200ml,£6.00,£3/100ml,,"Toiletries, Health & Beauty"
470025,Harry's Aloe Shave Gel,G,false,1911,https://ecom-su-static-prod.wtrecom.com/images/products/3/LN_470025_BP_3.jpg,https://www.waitrose.com/ecom/products/harrys-aloe-shave-gel/470025-772742-772743,Harry's Aloe Shave Gel,200ml,£5.50,£2.75/100ml,,"Toiletries, Health & Beauty"
469288,Ultrasun Sports Spray Sun Gel SPF50,G,true,1912,https://ecom-su-static-prod.wtrecom.com/images/products/3/LN_469288_BP_3.jpg,https://www.waitrose.com/ecom/products/ultrasun-sports-spray-sun-gel-spf50/469288-578569-578570,Ultrasun Sports Spray Sun Gel SPF50,150ml,£22.40,£14.94/100ml,save £5.60. Was £28.00,"Toiletries, Health & Beauty"
468935,Sanctuary Spa Signature Collection Body Wash,G,true,1913,https://ecom-su-static-prod.wtrecom.com/images/products/3/LN_468935_BP_3.jpg,https://www.waitrose.com/ecom/products/sanctuary-spa-signature-collection-body-wash/468935-812854-812855,Sanctuary Spa Signature Collection Body Wash,250ml,£4.66,£1.87/100ml,Save 1/3. Was £7.00,"Toiletries, Health & Beauty"
467688,Together Health Joint Aid Turmeric & Boswellia Capsules,G,true,1914,https://ecom-su-static-prod.wtrecom.com/images/products/3/LN_467688_BP_3.jpg,https://www.waitrose.com/ecom/products/together-health-joint-aid-turmeric-boswellia-capsules/467688-822075-822076,Together Health Joint Aid Turmeric & Boswellia Capsules,30Each,£8.25,27.5p each,25% Off. Was £11.00,"Toiletries, Health & Beauty"
467653,Durex Naturals Intimate Gel Pure,G,false,1915,https://ecom-su-static-prod.wtrecom.com/images/products/3/LN_467653_BP_3.jpg,https://www.waitrose.com/ecom/products/durex-naturals-intimate-gel-pure/467653-568670-568671,Durex Naturals Intimate Gel Pure,100ml,£12.60,£12.60/100ml,,"Toiletries, Health & Beauty"
467138,Wisdom Green Clean Medium Toothbrush,G,false,1916,https://ecom-su-static-prod.wtrecom.com/images/products/3/LN_467138_BP_3.jpg,https://www.waitrose.com/ecom/products/wisdom-green-clean-medium-toothbrush/467138-822073-822074,Wisdom Green Clean Medium Toothbrush,3x1Each,£3.50,£1.17 each,,"Toiletries, Health & Beauty"
466628,Waitrose Glucosamine & Chondroitin,G,false,1917,https://ecom-su-static-prod.wtrecom.com/images/products/3/LN_466628_BP_3.jpg,https://www.waitrose.com/ecom/products/waitrose-glucosamine-chondroitin/466628-763050-763051,Waitrose Glucosamine & Chondroitin,90Each,£11.55,12.8p each,,"Toiletries, Health & Beauty"
465918,Childs Farm 3 in 1 Swim,G,false,1918,https://ecom-su-static-prod.wtrecom.com/images/products/3/LN_465918_BP_3.jpg,https://www.waitrose.com/ecom/products/childs-farm-3-in-1-swim/465918-429379-429380,Childs Farm 3 in 1 Swim,250ml,£4.75,£1.90/100ml,,"Toiletries, Health & Beauty"
465751,Oral-B Pro Cross Action Black Toothbrush Heads,G,true,1919,https://ecom-su-static-prod.wtrecom.com/images/products/3/LN_465751_BP_3.jpg,https://www.waitrose.com/ecom/products/oral-b-pro-cross-action-black-toothbrush-heads/465751-730648-730649,Oral-B Pro Cross Action Black Toothbrush Heads,4s,£13.30,£3.33 each,Save 1/3. Was £19.95,"Toiletries, Health & Beauty"
465733,Centrum Advance Multivitamin Tablets,G,true,1920,https://ecom-su-static-prod.wtrecom.com/images/products/3/LN_465733_BP_3.jpg,https://www.waitrose.com/ecom/products/centrum-advance-multivitamin-tablets/465733-65641-65642,Centrum Advance Multivitamin Tablets,30s,£5.00,16.7p each,20% Off. Was £6.25,"Toiletries, Health & Beauty"
465694,Weleda Skin Food Body Butter,G,false,1921,https://ecom-su-static-prod.wtrecom.com/images/products/3/LN_465694_BP_3.jpg,https://www.waitrose.com/ecom/products/weleda-skin-food-body-butter/465694-719413-719414,Weleda Skin Food Body Butter,150ml,£23.30,£15.54/100ml,,"Toiletries, Health & Beauty"
465326,Galpharm Cream Bite & Sting Relief,G,false,1922,https://ecom-su-static-prod.wtrecom.com/images/products/3/LN_465326_BP_3.jpg,https://www.waitrose.com/ecom/products/galpharm-cream-bite-sting-relief/465326-131597-131598,Galpharm Cream Bite & Sting Relief,10g,£4.20,£42/100g,,"Toiletries, Health & Beauty"
464774,Gillette Fusion 5 Starter Pack,G,true,1923,https://ecom-su-static-prod.wtrecom.com/images/products/3/LN_464774_BP_3.jpg,https://www.waitrose.com/ecom/products/gillette-fusion-5-starter-pack/464774-711596-711597,Gillette Fusion 5 Starter Pack,Each,£14.00,£14 each,Save 1/3. Was £21.00,"Toiletries, Health & Beauty"
464746,Dove Men +Care Deodorant Invisible Dry,G,true,1924,https://ecom-su-static-prod.wtrecom.com/images/products/3/LN_464746_BP_3.jpg,https://www.waitrose.com/ecom/products/dove-men-care-deodorant-invisible-dry/464746-804564-804565,Dove Men +Care Deodorant Invisible Dry,200ml,£3.15,£1.58/100ml,Save 1/3. Was £4.75,"Toiletries, Health & Beauty"
464730,Essential Eye Wash & Bath,G,false,1925,https://ecom-su-static-prod.wtrecom.com/images/products/3/LN_464730_BP_3.jpg,https://www.waitrose.com/ecom/products/essential-eye-wash-bath/464730-274743-274744,Essential Eye Wash & Bath,300ml,£5.55,£1.85/100ml,,"Toiletries, Health & Beauty"
463724,Bulldog Original Shave Gel,G,true,1926,https://ecom-su-static-prod.wtrecom.com/images/products/3/LN_463724_BP_3.jpg,https://www.waitrose.com/ecom/products/bulldog-original-shave-gel/463724-65355-65356,Bulldog Original Shave Gel,175ml,£2.65,£1.52/100ml,Save 1/3. Was £4.00,"Toiletries, Health & Beauty"
463663,L'Oréal Barber Club Hair & Beard Wash,G,false,1927,https://ecom-su-static-prod.wtrecom.com/images/products/3/LN_463663_BP_3.jpg,https://www.waitrose.com/ecom/products/loreal-barber-club-hair-beard-wash/463663-770620-770621,L'Oréal Barber Club Hair & Beard Wash,300ml,£4.00,£1/100ml,,"Toiletries, Health & Beauty"
463262,Goodness Mens Shower Gel Bergamot,G,false,1928,https://ecom-su-static-prod.wtrecom.com/images/products/3/LN_463262_BP_3.jpg,https://www.waitrose.com/ecom/products/goodness-mens-shower-gel-bergamot/463262-804562-804563,Goodness Mens Shower Gel Bergamot,500ml,£4.00,80p/100ml,,"Toiletries, Health & Beauty"
463159,Herbal Essences Rose Hair Mask,G,false,1929,https://ecom-su-static-prod.wtrecom.com/images/products/3/LN_463159_BP_3.jpg,https://www.waitrose.com/ecom/products/herbal-essences-rose-hair-mask/463159-820580-820581,Herbal Essences Rose Hair Mask,500ml,£8.25,£1.65/100ml,,"Toiletries, Health & Beauty"
462224,John Frieda Frizz Ease Original Serum,G,false,1930,https://ecom-su-static-prod.wtrecom.com/images/products/3/LN_462224_BP_3.jpg,https://www.waitrose.com/ecom/products/john-frieda-frizz-ease-original-serum/462224-780531-780532,John Frieda Frizz Ease Original Serum,50ml,£8.00,£16/100ml,,"Toiletries, Health & Beauty"
460992,Nytol Sleep & Calm Elixir,G,false,1931,https://ecom-su-static-prod.wtrecom.com/images/products/3/LN_460992_BP_3.jpg,https://www.waitrose.com/ecom/products/nytol-sleep-calm-elixir/460992-453307-453308,Nytol Sleep & Calm Elixir,100ml,£7.90,£7.90/100ml,,"Toiletries, Health & Beauty"
460714,Calpol Vapour Plug Refill Pads,G,false,1932,https://ecom-su-static-prod.wtrecom.com/images/products/3/LN_460714_BP_3.jpg,https://www.waitrose.com/ecom/products/calpol-vapour-plug-refill-pads/460714-626435-626436,Calpol Vapour Plug Refill Pads,5s,£8.00,£1.60 each,,"Toiletries, Health & Beauty"
460535,Piz Buin Tan & Protect Spray SunCream SPF 30,G,true,1933,https://ecom-su-static-prod.wtrecom.com/images/products/3/LN_460535_BP_3.jpg,https://www.waitrose.com/ecom/products/piz-buin-tan-protect-spray-suncream-spf-30/460535-805885-805886,Piz Buin Tan & Protect Spray SunCream SPF 30,150ml,£8.00,£5.34/100ml,save £2.00. Was £10.00,"Toiletries, Health & Beauty"
460532,Nivea Nourishing Night Cream,G,false,1934,https://ecom-su-static-prod.wtrecom.com/images/products/3/LN_460532_BP_3.jpg,https://www.waitrose.com/ecom/products/nivea-nourishing-night-cream/460532-803114-803115,Nivea Nourishing Night Cream,50ml,£5.00,£10/100ml,,"Toiletries, Health & Beauty"
459466,Essential Shaving Gel Aloe Vera,G,false,1935,https://ecom-su-static-prod.wtrecom.com/images/products/3/LN_459466_BP_3.jpg,https://www.waitrose.com/ecom/products/essential-shaving-gel-aloe-vera/459466-410609-410610,Essential Shaving Gel Aloe Vera,250ml,£1.50,60p/100ml,,"Toiletries, Health & Beauty"
459240,Nivea Gentle Exfoliating Scrub,G,true,1936,https://ecom-su-static-prod.wtrecom.com/images/products/3/LN_459240_BP_3.jpg,https://www.waitrose.com/ecom/products/nivea-gentle-exfoliating-scrub/459240-803112-803113,Nivea Gentle Exfoliating Scrub,150ml,£3.33,£2.22/100ml,Save 1/3. Was £5.00,"Toiletries, Health & Beauty"
459116,Balance Me Glow on the Go,G,false,1937,https://ecom-su-static-prod.wtrecom.com/images/products/3/LN_459116_BP_3.jpg,https://www.waitrose.com/ecom/products/balance-me-glow-on-the-go/459116-813626-813627,Balance Me Glow on the Go,1Each,£18.00,£18 each,,"Toiletries, Health & Beauty"
458579,Dove Pro Age Body Lotion,G,true,1938,https://ecom-su-static-prod.wtrecom.com/images/products/3/LN_458579_BP_3.jpg,https://www.waitrose.com/ecom/products/dove-pro-age-body-lotion/458579-819534-819535,Dove Pro Age Body Lotion,400ml,£4.33,£1.09/100ml,Save 1/3. Was £6.50,"Toiletries, Health & Beauty"
458530,200D Thermal Tights Black Medium,G,false,1939,https://ecom-su-static-prod.wtrecom.com/images/products/3/LN_458530_BP_3.jpg,https://www.waitrose.com/ecom/products/200d-thermal-tights-black-medium/458530-791316-791317,200D Thermal Tights Black Medium,each,£10.50,£10.50 each,,"Toiletries, Health & Beauty"
457815,Phizz Apple & Blackcurrant 3-in-1,G,true,1940,https://ecom-su-static-prod.wtrecom.com/images/products/3/LN_457815_BP_3.jpg,https://www.waitrose.com/ecom/products/phizz-apple-blackcurrant-3-in-1/457815-822063-822064,Phizz Apple & Blackcurrant 3-in-1,20Each,£5.50,27.5p each,save £2.50. Was £8.00,"Toiletries, Health & Beauty"
457542,Nurofen for Children Strawberry Liquid Ibuprofen,G,false,1941,https://ecom-su-static-prod.wtrecom.com/images/products/3/LN_457542_BP_3.jpg,https://www.waitrose.com/ecom/products/nurofen-for-children-strawberry-liquid-ibuprofen/457542-64481-64482,Nurofen for Children Strawberry Liquid Ibuprofen,100ml,£4.70,£4.70/100ml,,"Toiletries, Health & Beauty"
456198,L'Oreal Elvive Glycolic Gloss 5 Minute Lamination,G,false,1942,https://ecom-su-static-prod.wtrecom.com/images/products/3/LN_456198_BP_3.jpg,https://www.waitrose.com/ecom/products/loreal-elvive-glycolic-gloss-5-minute-lamination/456198-820512-820513,L'Oreal Elvive Glycolic Gloss 5 Minute Lamination,200ml,£16.80,£8.40/100ml,,"Toiletries, Health & Beauty"
455127,L'Oréal Revitalift Laser Day Cream,G,true,1943,https://ecom-su-static-prod.wtrecom.com/images/products/3/LN_455127_BP_3.jpg,https://www.waitrose.com/ecom/products/loreal-revitalift-laser-day-cream/455127-239331-239332,L'Oréal Revitalift Laser Day Cream,50ml,£15.75,£31.50/100ml,Half Price. Was £31.50,"Toiletries, Health & Beauty"
455057,Aussie Aussome Volume Conditioner,G,true,1944,https://ecom-su-static-prod.wtrecom.com/images/products/3/LN_455057_BP_3.jpg,https://www.waitrose.com/ecom/products/aussie-aussome-volume-conditioner/455057-64083-64084,Aussie Aussome Volume Conditioner,200ml,£3.00,£1.50/100ml,Save 1/3. Was £4.50,"Toiletries, Health & Beauty"
453150,Riemann P20 Original SPF30 Spray,G,false,1945,https://ecom-su-static-prod.wtrecom.com/images/products/3/LN_453150_BP_3.jpg,https://www.waitrose.com/ecom/products/riemann-p20-original-spf30-spray/453150-805877-805878,Riemann P20 Original SPF30 Spray,200ml,£31.50,£15.75/100ml,,"Toiletries, Health & Beauty"
453114,Garnier Micellar Vitamin C Water,G,false,1946,https://ecom-su-static-prod.wtrecom.com/images/products/3/LN_453114_BP_3.jpg,https://www.waitrose.com/ecom/products/garnier-micellar-vitamin-c-water/453114-777306-777307,Garnier Micellar Vitamin C Water,400ml,£9.00,£2.25/100ml,,"Toiletries, Health & Beauty"
452871,Fybocalm Diarrhoea Relief,G,false,1947,https://ecom-su-static-prod.wtrecom.com/images/products/3/LN_452871_BP_3.jpg,https://www.waitrose.com/ecom/products/fybocalm-diarrhoea-relief/452871-810372-810373,Fybocalm Diarrhoea Relief,30Each,£15.00,50p each,,"Toiletries, Health & Beauty"
452830,Shea Moisture Strengthen & Restore Treatment Masque,G,false,1948,https://ecom-su-static-prod.wtrecom.com/images/products/3/LN_452830_BP_3.jpg,https://www.waitrose.com/ecom/products/shea-moisture-strengthen-restore-treatment-masque/452830-793383-793384,Shea Moisture Strengthen & Restore Treatment Masque,355ml,£13.65,£3.85/100ml,,"Toiletries, Health & Beauty"
452812,OGX Coconut Curls Shampoo,G,true,1949,https://ecom-su-static-prod.wtrecom.com/images/products/3/LN_452812_BP_3.jpg,https://www.waitrose.com/ecom/products/ogx-coconut-curls-shampoo/452812-799984-799985,OGX Coconut Curls Shampoo,385ml,£4.20,£1.10/100ml,Half Price. Was £8.40,"Toiletries, Health & Beauty"
452197,Curaprox Prime Refill 07,G,true,1950,https://ecom-su-static-prod.wtrecom.com/images/products/3/LN_452197_BP_3.jpg,https://www.waitrose.com/ecom/products/curaprox-prime-refill-07/452197-776638-776639,Curaprox Prime Refill 07,1Each,£6.75,£6.75 each,25% Off. Was £9.00,"Toiletries, Health & Beauty"
452174,Skin Deep Dark Plasters,G,false,1951,https://ecom-su-static-prod.wtrecom.com/images/products/3/LN_452174_BP_3.jpg,https://www.waitrose.com/ecom/products/skin-deep-dark-plasters/452174-741022-741023,Skin Deep Dark Plasters,40s,£1.60,4p each,,"Toiletries, Health & Beauty"
451362,Richard Ward Anti-Age Conditioner,G,true,1952,https://ecom-su-static-prod.wtrecom.com/images/products/3/LN_451362_BP_3.jpg,https://www.waitrose.com/ecom/products/richard-ward-anti-age-conditioner/451362-757279-757280,Richard Ward Anti-Age Conditioner,300ml,£4.00,£1.34/100ml,Half Price. Was £8.00,"Toiletries, Health & Beauty"
451302,Tampax Pearl Compak Super Plus Tampons With Applicator,G,true,1953,https://ecom-su-static-prod.wtrecom.com/images/products/3/LN_451302_BP_3.jpg,https://www.waitrose.com/ecom/products/tampax-pearl-compak-super-plus-tampons-with-applicator/451302-406264-406265,Tampax Pearl Compak Super Plus Tampons With Applicator,16s,£3.40,21.3p each,Add 3 for £9,"Toiletries, Health & Beauty"
451217,O'Keeffe's Working Hands Cream,G,false,1954,https://ecom-su-static-prod.wtrecom.com/images/products/3/LN_451217_BP_3.jpg,https://www.waitrose.com/ecom/products/okeeffes-working-hands-cream/451217-788506-788507,O'Keeffe's Working Hands Cream,80ml,£9.45,£11.82/100ml,,"Toiletries, Health & Beauty"
450881,Silex UTI Self Test,G,false,1955,https://ecom-su-static-prod.wtrecom.com/images/products/3/LN_450881_BP_3.jpg,https://www.waitrose.com/ecom/products/silex-uti-self-test/450881-812411-812412,Silex UTI Self Test,2x10g,£9.00,,,"Toiletries, Health & Beauty"
450273,Tisserand Sleep Better Pillow Mist,G,true,1956,https://ecom-su-static-prod.wtrecom.com/images/products/3/LN_450273_BP_3.jpg,https://www.waitrose.com/ecom/products/tisserand-sleep-better-pillow-mist/450273-666924-666925,Tisserand Sleep Better Pillow Mist,100ml,£7.87,£7.87/100ml,25% Off. Was £10.50,"Toiletries, Health & Beauty"
450125,Nivea Q10 Anti-Wrinkle Filler,G,true,1957,https://ecom-su-static-prod.wtrecom.com/images/products/3/LN_450125_BP_3.jpg,https://www.waitrose.com/ecom/products/nivea-q10-anti-wrinkle-filler/450125-799978-799979,Nivea Q10 Anti-Wrinkle Filler,15ml,£15.75,£105/100ml,Mix & Match Add 2 for 1 Cheaper Item Free,"Toiletries, Health & Beauty"
449951,Nicorette QuickMist Freshmint Mouthspray,G,false,1958,https://ecom-su-static-prod.wtrecom.com/images/products/3/LN_449951_BP_3.jpg,https://www.waitrose.com/ecom/products/nicorette-quickmist-freshmint-mouthspray/449951-131589-131590,Nicorette QuickMist Freshmint Mouthspray,Each,£21.00,£21 each,,"Toiletries, Health & Beauty"
449542,Aveeno Moisturising Cream,G,false,1959,https://ecom-su-static-prod.wtrecom.com/images/products/3/LN_449542_BP_3.jpg,https://www.waitrose.com/ecom/products/aveeno-moisturising-cream/449542-138692-138693,Aveeno Moisturising Cream,100ml,£7.90,£7.90/100ml,,"Toiletries, Health & Beauty"
448899,Biore Deep Cleaning Pore Strips Combo,G,false,1960,https://ecom-su-static-prod.wtrecom.com/images/products/3/LN_448899_BP_3.jpg,https://www.waitrose.com/ecom/products/biore-deep-cleaning-pore-strips-combo/448899-799976-799977,Biore Deep Cleaning Pore Strips Combo,14s,£11.00,78.6p each,,"Toiletries, Health & Beauty"
448629,Waitrose Pure Moisture Shampoo,G,false,1961,https://ecom-su-static-prod.wtrecom.com/images/products/3/LN_448629_BP_3.jpg,https://www.waitrose.com/ecom/products/waitrose-pure-moisture-shampoo/448629-776938-776939,Waitrose Pure Moisture Shampoo,250ml,£3.00,£1.20/100ml,,"Toiletries, Health & Beauty"
448602,Pantene Infinite Lengths Shampoo,G,false,1962,https://ecom-su-static-prod.wtrecom.com/images/products/3/LN_448602_BP_3.jpg,https://www.waitrose.com/ecom/products/pantene-infinite-lengths-shampoo/448602-809112-809113,Pantene Infinite Lengths Shampoo,500ml,£4.75,£9.50/litre,,"Toiletries, Health & Beauty"
448566,Canes Oasis Cystitis Relief,G,false,1963,https://ecom-su-static-prod.wtrecom.com/images/products/3/LN_448566_BP_3.jpg,https://www.waitrose.com/ecom/products/canes-oasis-cystitis-relief/448566-446875-446876,Canes Oasis Cystitis Relief,6s,£6.60,£1.10 each,,"Toiletries, Health & Beauty"
448404,Benacort Hayfever Nasal Spray,G,false,1964,https://ecom-su-static-prod.wtrecom.com/images/products/3/LN_448404_BP_3.jpg,https://www.waitrose.com/ecom/products/benacort-hayfever-nasal-spray/448404-755805-755806,Benacort Hayfever Nasal Spray,Each,£11.00,£11 each,,"Toiletries, Health & Beauty"
448083,Canesten Thrush Combi Creams,G,false,1965,https://ecom-su-static-prod.wtrecom.com/images/products/3/LN_448083_BP_3.jpg,https://www.waitrose.com/ecom/products/canesten-thrush-combi-creams/448083-446873-446874,Canesten Thrush Combi Creams,Each,£18.00,£18 each,,"Toiletries, Health & Beauty"
446583,Neal's Yard Orange Flower Conditioner,G,false,1966,https://ecom-su-static-prod.wtrecom.com/images/products/3/LN_446583_BP_3.jpg,https://www.waitrose.com/ecom/products/neals-yard-orange-flower-conditioner/446583-761924-761925,Neal's Yard Orange Flower Conditioner,200ml,£11.50,£5.75/100ml,,"Toiletries, Health & Beauty"
446280,Nicorette Icy White 4mg Gum,G,false,1967,https://ecom-su-static-prod.wtrecom.com/images/products/3/LN_446280_BP_3.jpg,https://www.waitrose.com/ecom/products/nicorette-icy-white-4mg-gum/446280-131585-131586,Nicorette Icy White 4mg Gum,105s,£17.85,17p each,,"Toiletries, Health & Beauty"
445775,Berocca Boost Effervescent Tablets,G,false,1968,https://ecom-su-static-prod.wtrecom.com/images/products/3/LN_445775_BP_3.jpg,https://www.waitrose.com/ecom/products/berocca-boost-effervescent-tablets/445775-141087-141088,Berocca Boost Effervescent Tablets,10s,£7.05,70.5p each,,"Toiletries, Health & Beauty"
445139,Naturtint Brown Black 2N,G,false,1969,https://ecom-su-static-prod.wtrecom.com/images/products/3/LN_445139_BP_3.jpg,https://www.waitrose.com/ecom/products/naturtint-brown-black-2n/445139-471387-471388,Naturtint Brown Black 2N,165ml,£12.99,£7.88/100ml,,"Toiletries, Health & Beauty"
444855,Love Ocean Bubble Bath Pouch,G,false,1970,https://ecom-su-static-prod.wtrecom.com/images/products/3/LN_444855_BP_3.jpg,https://www.waitrose.com/ecom/products/love-ocean-bubble-bath-pouch/444855-812780-812781,Love Ocean Bubble Bath Pouch,300ml,£7.00,£23.34/litre,,"Toiletries, Health & Beauty"
444555,Bull Dog Beard 2 In 1,G,true,1971,https://ecom-su-static-prod.wtrecom.com/images/products/3/LN_444555_BP_3.jpg,https://www.waitrose.com/ecom/products/bull-dog-beard-2-in-1/444555-526556-526557,Bull Dog Beard 2 In 1,200ml,£4.20,£2.10/100ml,Save 1/3. Was £6.30,"Toiletries, Health & Beauty"
444340,Naturtint 7N Hazelnut Blonde,G,false,1972,https://ecom-su-static-prod.wtrecom.com/images/products/3/LN_444340_BP_3.jpg,https://www.waitrose.com/ecom/products/naturtint-7n-hazelnut-blonde/444340-747706-747707,Naturtint 7N Hazelnut Blonde,170ml,£12.99,£7.65/100ml,,"Toiletries, Health & Beauty"
443962,Aquafresh Toothpaste Naturals Mint Clean,G,false,1973,https://ecom-su-static-prod.wtrecom.com/images/products/3/LN_443962_BP_3.jpg,https://www.waitrose.com/ecom/products/aquafresh-toothpaste-naturals-mint-clean/443962-776632-776633,Aquafresh Toothpaste Naturals Mint Clean,75ml,£1.60,£2.14/100ml,,"Toiletries, Health & Beauty"
443327,Sis Hydro Berry,G,false,1974,https://ecom-su-static-prod.wtrecom.com/images/products/3/LN_443327_BP_3.jpg,https://www.waitrose.com/ecom/products/sis-hydro-berry/443327-691424-691425,Sis Hydro Berry,20x4.2g,£8.00,£9.53/100g,,"Toiletries, Health & Beauty"
443100,VITL Vitamin C & Collagen Effervescent Tablets,G,false,1975,https://ecom-su-static-prod.wtrecom.com/images/products/3/LN_443100_BP_3.jpg,https://www.waitrose.com/ecom/products/vitl-vitamin-c-collagen-effervescent-tablets/443100-822049-822050,VITL Vitamin C & Collagen Effervescent Tablets,20s,£10.00,50p each,,"Toiletries, Health & Beauty"
442815,Fybocalm Constipation Relief,G,false,1976,https://ecom-su-static-prod.wtrecom.com/images/products/3/LN_442815_BP_3.jpg,https://www.waitrose.com/ecom/products/fybocalm-constipation-relief/442815-810368-810369,Fybocalm Constipation Relief,30Each,£15.00,50p each,,"Toiletries, Health & Beauty"
442774,Sure Women Antiperspirant Deodorant Nonstop Invisible Pure,G,true,1977,https://ecom-su-static-prod.wtrecom.com/images/products/3/LN_442774_BP_3.jpg,https://www.waitrose.com/ecom/products/sure-women-antiperspirant-deodorant-nonstop-invisible-pure/442774-814957-814958,Sure Women Antiperspirant Deodorant Nonstop Invisible Pure,250ml,£2.85,£1.14/100ml,25% Off. Was £3.80,"Toiletries, Health & Beauty"
442501,Richard Ward Silver Brightening Shampoo,G,true,1978,https://ecom-su-static-prod.wtrecom.com/images/products/3/LN_442501_BP_3.jpg,https://www.waitrose.com/ecom/products/richard-ward-silver-brightening-shampoo/442501-757273-757274,Richard Ward Silver Brightening Shampoo,300ml,£4.00,£1.34/100ml,Half Price. Was £8.00,"Toiletries, Health & Beauty"
442215,Nicorette Freshmint Mouthspray,G,false,1979,https://ecom-su-static-prod.wtrecom.com/images/products/3/LN_442215_BP_3.jpg,https://www.waitrose.com/ecom/products/nicorette-freshmint-mouthspray/442215-625016-625017,Nicorette Freshmint Mouthspray,2s,£32.55,£16.28 each,,"Toiletries, Health & Beauty"
442093,Optrex Dazzling Eye Drops Dull Eyes,G,false,1980,https://ecom-su-static-prod.wtrecom.com/images/products/3/LN_442093_BP_3.jpg,https://www.waitrose.com/ecom/products/optrex-dazzling-eye-drops-dull-eyes/442093-822045-822046,Optrex Dazzling Eye Drops Dull Eyes,10ml,£5.40,£54/100ml,,"Toiletries, Health & Beauty"
441159,Colgate Maxwhite Medium Toothbrush,G,false,1981,https://ecom-su-static-prod.wtrecom.com/images/products/3/LN_441159_BP_3.jpg,https://www.waitrose.com/ecom/products/colgate-maxwhite-medium-toothbrush/441159-137947-137948,Colgate Maxwhite Medium Toothbrush,Each,£3.10,£3.10 each,,"Toiletries, Health & Beauty"
440703,Super Facialist Retinol+ Anti-Ageing Night Cream,G,false,1982,https://ecom-su-static-prod.wtrecom.com/images/products/3/LN_440703_BP_3.jpg,https://www.waitrose.com/ecom/products/super-facialist-retinol-anti-ageing-night-cream/440703-730626-730627,Super Facialist Retinol+ Anti-Ageing Night Cream,50ml,£21.00,£42/100ml,,"Toiletries, Health & Beauty"
440494,Otrivine Nasal Spray Congestion Relief,G,false,1983,https://ecom-su-static-prod.wtrecom.com/images/products/3/LN_440494_BP_3.jpg,https://www.waitrose.com/ecom/products/otrivine-nasal-spray-congestion-relief/440494-446853-446854,Otrivine Nasal Spray Congestion Relief,10ml,£5.50,£55/100ml,,"Toiletries, Health & Beauty"
439273,Bassetts Vitamins Multivitamins Strawberry 3-6 Years,G,false,1984,https://ecom-su-static-prod.wtrecom.com/images/products/3/LN_439273_BP_3.jpg,https://www.waitrose.com/ecom/products/bassetts-vitamins-multivitamins-strawberry-3-6-years/439273-453203-453204,Bassetts Vitamins Multivitamins Strawberry 3-6 Years,30s,£5.65,18.8p each,,"Toiletries, Health & Beauty"
439217,10D 2PP Ladder Resist Tights Black M,G,false,1985,https://ecom-su-static-prod.wtrecom.com/images/products/3/LN_439217_BP_3.jpg,https://www.waitrose.com/ecom/products/10d-2pp-ladder-resist-tights-black-m/439217-819608-819609,10D 2PP Ladder Resist Tights Black M,2s,£15.00,£7.50 each,,"Toiletries, Health & Beauty"
439132,Prai Ageless Throat & Decolletage Serum 120,G,false,1986,https://ecom-su-static-prod.wtrecom.com/images/products/3/LN_439132_BP_3.jpg,https://www.waitrose.com/ecom/products/prai-ageless-throat-decolletage-serum-120/439132-813618-813619,Prai Ageless Throat & Decolletage Serum 120,120ml,£33.00,£275/litre,,"Toiletries, Health & Beauty"
438972,Salt Of The Earth Pure Aura Deodorant,G,true,1987,https://ecom-su-static-prod.wtrecom.com/images/products/3/LN_438972_BP_3.jpg,https://www.waitrose.com/ecom/products/salt-of-the-earth-pure-aura-deodorant/438972-494726-494727,Salt Of The Earth Pure Aura Deodorant,100ml,£5.60,£5.60/100ml,25% Off. Was £7.50,"Toiletries, Health & Beauty"
438288,Waken Mouthwash Peppermint,G,true,1988,https://ecom-su-static-prod.wtrecom.com/images/products/3/LN_438288_BP_3.jpg,https://www.waitrose.com/ecom/products/waken-mouthwash-peppermint/438288-759447-759448,Waken Mouthwash Peppermint,500ml,£3.50,70p/100ml,Save 1/3. Was £5.25,"Toiletries, Health & Beauty"
438130,Nicorette 15mg Inhalator,G,false,1989,https://ecom-su-static-prod.wtrecom.com/images/products/3/LN_438130_BP_3.jpg,https://www.waitrose.com/ecom/products/nicorette-15mg-inhalator/438130-802523-802524,Nicorette 15mg Inhalator,30g,£27.30,,,"Toiletries, Health & Beauty"
438089,Durex Play Silicone Based Lubricant Gel,G,false,1990,https://ecom-su-static-prod.wtrecom.com/images/products/3/LN_438089_BP_3.jpg,https://www.waitrose.com/ecom/products/durex-play-silicone-based-lubricant-gel/438089-723647-723648,Durex Play Silicone Based Lubricant Gel,50ml,£11.30,£22.60/100ml,,"Toiletries, Health & Beauty"
438044,Bee Ankle Sock 5pk,G,false,1991,https://ecom-su-static-prod.wtrecom.com/images/products/3/LN_438044_BP_3.jpg,https://www.waitrose.com/ecom/products/bee-ankle-sock-5pk/438044-811911-811912,Bee Ankle Sock 5pk,5s,£10.00,£2 each,,"Toiletries, Health & Beauty"
436871,Scholl Fungal Nail Treatment,G,true,1992,https://ecom-su-static-prod.wtrecom.com/images/products/3/LN_436871_BP_3.jpg,https://www.waitrose.com/ecom/products/scholl-fungal-nail-treatment/436871-131579-131580,Scholl Fungal Nail Treatment,3.8ml,£16.80,£442.11/100ml,20% Off. Was £21.00,"Toiletries, Health & Beauty"
436598,OGX Coconut Curls Conditioner,G,true,1993,https://ecom-su-static-prod.wtrecom.com/images/products/3/LN_436598_BP_3.jpg,https://www.waitrose.com/ecom/products/ogx-coconut-curls-conditioner/436598-799956-799957,OGX Coconut Curls Conditioner,385ml,£4.20,£1.10/100ml,Half Price. Was £8.40,"Toiletries, Health & Beauty"
436565,SenSpa Nourishing Body Wash,G,false,1994,https://ecom-su-static-prod.wtrecom.com/images/products/3/LN_436565_BP_3.jpg,https://www.waitrose.com/ecom/products/senspa-nourishing-body-wash/436565-766765-766766,SenSpa Nourishing Body Wash,200ml,£6.50,£3.25/100ml,,"Toiletries, Health & Beauty"
436306,Health & Her Perimenopause Mind+,G,false,1995,https://ecom-su-static-prod.wtrecom.com/images/products/3/LN_436306_BP_3.jpg,https://www.waitrose.com/ecom/products/health-her-perimenopause-mind/436306-802521-802522,Health & Her Perimenopause Mind+,30s,£21.00,70p each,,"Toiletries, Health & Beauty"
436113,L'Oréal Age Perfect Cell Renew Serum,G,false,1996,https://ecom-su-static-prod.wtrecom.com/images/products/3/LN_436113_BP_3.jpg,https://www.waitrose.com/ecom/products/loreal-age-perfect-cell-renew-serum/436113-777302-777303,L'Oréal Age Perfect Cell Renew Serum,30ml,£33.60,£112/100ml,,"Toiletries, Health & Beauty"
435580,Colgate Kids Delicate Mint Toothpaste,G,false,1997,https://ecom-su-static-prod.wtrecom.com/images/products/3/LN_435580_BP_3.jpg,https://www.waitrose.com/ecom/products/colgate-kids-delicate-mint-toothpaste/435580-814955-814956,Colgate Kids Delicate Mint Toothpaste,75ml,£2.25,£3/100ml,,"Toiletries, Health & Beauty"
435157,Noughty To The Rescue Conditioner,G,true,1998,https://ecom-su-static-prod.wtrecom.com/images/products/3/LN_435157_BP_3.jpg,https://www.waitrose.com/ecom/products/noughty-to-the-rescue-conditioner/435157-695423-695424,Noughty To The Rescue Conditioner,250ml,£5.60,£2.24/100ml,Save 1/3. Was £8.40,"Toiletries, Health & Beauty"
434993,Baylis & Harding EDIT Cherry Temptation Body Wash,G,false,1999,https://ecom-su-static-prod.wtrecom.com/images/products/3/LN_434993_BP_3.jpg,https://www.waitrose.com/ecom/products/baylis-harding-edit-cherry-temptation-body-wash/434993-825493-825494,Baylis & Harding EDIT Cherry Temptation Body Wash,400ml,£4.00,£1/100ml,,"Toiletries, Health & Beauty"
434676,Nivea Men's Cool Kick Deodorant,G,true,2000,https://ecom-su-static-prod.wtrecom.com/images/products/3/LN_434676_BP_3.jpg,https://www.waitrose.com/ecom/products/nivea-mens-cool-kick-deodorant/434676-804560-804561,Nivea Men's Cool Kick Deodorant,250ml,£4.00,£1.60/100ml,20% Off. Was £5.00,"Toiletries, Health & Beauty"
434579,Aussie Mega Conditioner,G,false,2001,https://ecom-su-static-prod.wtrecom.com/images/products/3/LN_434579_BP_3.jpg,https://www.waitrose.com/ecom/products/aussie-mega-conditioner/434579-154463-154464,Aussie Mega Conditioner,350ml,£6.00,£1.72/100ml,,"Toiletries, Health & Beauty"
434390,Nivea Q10 Power Day Cream,G,true,2002,https://ecom-su-static-prod.wtrecom.com/images/products/3/LN_434390_BP_3.jpg,https://www.waitrose.com/ecom/products/nivea-q10-power-day-cream/434390-680901-680902,Nivea Q10 Power Day Cream,50ml,£13.25,£26.50/100ml,Mix & Match Add 2 for 1 Cheaper Item Free,"Toiletries, Health & Beauty"
433163,Guardium Acid Reflux Tablets,G,false,2003,https://ecom-su-static-prod.wtrecom.com/images/products/3/LN_433163_BP_3.jpg,https://www.waitrose.com/ecom/products/guardium-acid-reflux-tablets/433163-672257-672258,Guardium Acid Reflux Tablets,14s,£12.60,90p each,,"Toiletries, Health & Beauty"
432460,40D Opaque Tights Black Large,G,false,2004,https://ecom-su-static-prod.wtrecom.com/images/products/3/LN_432460_BP_3.jpg,https://www.waitrose.com/ecom/products/40d-opaque-tights-black-large/432460-791314-791315,40D Opaque Tights Black Large,3s,£8.50,£2.84 each,,"Toiletries, Health & Beauty"
432372,Noughty Get Set Grow Thickening Shampoo,G,true,2005,https://ecom-su-static-prod.wtrecom.com/images/products/3/LN_432372_BP_3.jpg,https://www.waitrose.com/ecom/products/noughty-get-set-grow-thickening-shampoo/432372-769680-769681,Noughty Get Set Grow Thickening Shampoo,250ML,£5.30,£2.12/100ml,Save 1/3. Was £7.99,"Toiletries, Health & Beauty"
432266,Nicorette Freshmint 2mg Nicotine Gum,G,false,2006,https://ecom-su-static-prod.wtrecom.com/images/products/3/LN_432266_BP_3.jpg,https://www.waitrose.com/ecom/products/nicorette-freshmint-2mg-nicotine-gum/432266-185073-185074,Nicorette Freshmint 2mg Nicotine Gum,105s,£17.85,17p each,,"Toiletries, Health & Beauty"
432061,John Frieda PROfiller Conditoner,G,false,2007,https://ecom-su-static-prod.wtrecom.com/images/products/3/LN_432061_BP_3.jpg,https://www.waitrose.com/ecom/products/john-frieda-profiller-conditoner/432061-793369-793370,John Frieda PROfiller Conditoner,250ml,£9.45,£3.78/100ml,,"Toiletries, Health & Beauty"
431708,Ultrasun Face AntiPigmentation SPF50+,G,true,2008,https://ecom-su-static-prod.wtrecom.com/images/products/3/LN_431708_BP_3.jpg,https://www.waitrose.com/ecom/products/ultrasun-face-antipigmentation-spf50/431708-338201-338202,Ultrasun Face AntiPigmentation SPF50+,50ml,£25.60,£51.20/100ml,save £6.40. Was £32.00,"Toiletries, Health & Beauty"
431185,Argan+ Moroccan Argan Oil Super Creamy Body Wash,G,true,2009,https://ecom-su-static-prod.wtrecom.com/images/products/3/LN_431185_BP_3.jpg,https://www.waitrose.com/ecom/products/argan-moroccan-argan-oil-super-creamy-body-wash/431185-306742-306743,Argan+ Moroccan Argan Oil Super Creamy Body Wash,200ml,£5.50,£2.75/100ml,Add 2 get 2nd half price Cheaper Item Half Price,"Toiletries, Health & Beauty"
431124,Ordo Sonic Lite Toothbrush - Petal,G,true,2010,https://ecom-su-static-prod.wtrecom.com/images/products/3/LN_431124_BP_3.jpg,https://www.waitrose.com/ecom/products/ordo-sonic-lite-toothbrush-petal/431124-822039-822040,Ordo Sonic Lite Toothbrush - Petal,1Each,£30.00,£30 each,save £5.00. Was £35.00,"Toiletries, Health & Beauty"
430357,7D 2PP Barley There Body Shaper Almond M,G,false,2011,https://ecom-su-static-prod.wtrecom.com/images/products/3/LN_430357_BP_3.jpg,https://www.waitrose.com/ecom/products/7d-2pp-barley-there-body-shaper-almond-m/430357-819598-819599,7D 2PP Barley There Body Shaper Almond M,2s,£15.00,,,"Toiletries, Health & Beauty"
430319,Compeed Corn Plasters Medium,G,false,2012,https://ecom-su-static-prod.wtrecom.com/images/products/3/LN_430319_BP_3.jpg,https://www.waitrose.com/ecom/products/compeed-corn-plasters-medium/430319-60535-60536,Compeed Corn Plasters Medium,10s,£5.25,52.5p each,,"Toiletries, Health & Beauty"
430130,Neal's Yard Geranium & Orange Foaming Bath,G,false,2013,https://ecom-su-static-prod.wtrecom.com/images/products/3/LN_430130_BP_3.jpg,https://www.waitrose.com/ecom/products/neals-yard-geranium-orange-foaming-bath/430130-696472-696473,Neal's Yard Geranium & Orange Foaming Bath,200ml,£19.00,£9.50/100ml,,"Toiletries, Health & Beauty"
429608,Stripes Neutrals 3PK,G,false,2014,https://ecom-su-static-prod.wtrecom.com/images/products/3/LN_429608_BP_3.jpg,https://www.waitrose.com/ecom/products/stripes-neutrals-3pk/429608-811905-811906,Stripes Neutrals 3PK,3s,£10.00,£3.34 each,,"Toiletries, Health & Beauty"
429525,TRUYU Dual Sided Coarse & Fine File,G,false,2015,https://ecom-su-static-prod.wtrecom.com/images/products/3/LN_429525_BP_3.jpg,https://www.waitrose.com/ecom/products/truyu-dual-sided-coarse-fine-file/429525-735712-735713,TRUYU Dual Sided Coarse & Fine File,Each,£4.90,£4.90 each,,"Toiletries, Health & Beauty"
429209,Waitrose Evening Primrose Oil,G,false,2016,https://ecom-su-static-prod.wtrecom.com/images/products/3/LN_429209_BP_3.jpg,https://www.waitrose.com/ecom/products/waitrose-evening-primrose-oil/429209-236198-236199,Waitrose Evening Primrose Oil,60s,£7.15,11.9p each,,"Toiletries, Health & Beauty"
428761,Batiste Dark Hair Colour Dry Shampoo,G,false,2017,https://ecom-su-static-prod.wtrecom.com/images/products/3/LN_428761_BP_3.jpg,https://www.waitrose.com/ecom/products/batiste-dark-hair-colour-dry-shampoo/428761-793363-793364,Batiste Dark Hair Colour Dry Shampoo,200ml,£4.55,£2.28/100ml,,"Toiletries, Health & Beauty"
428666,Mitchum Women Invisible Fresh,G,false,2018,https://ecom-su-static-prod.wtrecom.com/images/products/3/LN_428666_BP_3.jpg,https://www.waitrose.com/ecom/products/mitchum-women-invisible-fresh/428666-694978-694979,Mitchum Women Invisible Fresh,200ml,£3.50,£1.75/100ml,,"Toiletries, Health & Beauty"
428471,Gaviscon Double Action Aniseed Indigestion Liquid,G,false,2019,https://ecom-su-static-prod.wtrecom.com/images/products/3/LN_428471_BP_3.jpg,https://www.waitrose.com/ecom/products/gaviscon-double-action-aniseed-indigestion-liquid/428471-762832-762833,Gaviscon Double Action Aniseed Indigestion Liquid,600ml,£15.75,£2.63/100ml,,"Toiletries, Health & Beauty"
428021,Sleep Calming Pillow Mist 100ml,G,true,2020,https://ecom-su-static-prod.wtrecom.com/images/products/3/LN_428021_BP_3.jpg,https://www.waitrose.com/ecom/products/sleep-calming-pillow-mist-100ml/428021-706184-706185,Sleep Calming Pillow Mist 100ml,100ml,£13.50,,25% Off. Was £18.00,"Toiletries, Health & Beauty"
426852,Deep Relief Actiflex Patch,G,false,2021,https://ecom-su-static-prod.wtrecom.com/images/products/3/LN_426852_BP_3.jpg,https://www.waitrose.com/ecom/products/deep-relief-actiflex-patch/426852-788494-788495,Deep Relief Actiflex Patch,4s,£7.50,£1.88 each,,"Toiletries, Health & Beauty"
426008,Gillette Labs Razor Blades,G,true,2022,https://ecom-su-static-prod.wtrecom.com/images/products/3/LN_426008_BP_3.jpg,https://www.waitrose.com/ecom/products/gillette-labs-razor-blades/426008-770604-770605,Gillette Labs Razor Blades,4s,£23.50,£5.88 each,Add 2 for £32,"Toiletries, Health & Beauty"
425533,Magic Retouch Brown,G,false,2023,https://ecom-su-static-prod.wtrecom.com/images/products/3/LN_425533_BP_3.jpg,https://www.waitrose.com/ecom/products/magic-retouch-brown/425533-471277-471278,Magic Retouch Brown,75ml,£10.50,£14/100ml,,"Toiletries, Health & Beauty"
425163,John Frieda Frizz Ease Recovery Shampoo,G,false,2024,https://ecom-su-static-prod.wtrecom.com/images/products/3/LN_425163_BP_3.jpg,https://www.waitrose.com/ecom/products/john-frieda-frizz-ease-recovery-shampoo/425163-526469-526470,John Frieda Frizz Ease Recovery Shampoo,250ml,£7.00,£2.80/100ml,,"Toiletries, Health & Beauty"
425124,John Frieda Brilliant Brunette Colour Vibrancy Shampoo,G,false,2025,https://ecom-su-static-prod.wtrecom.com/images/products/3/LN_425124_BP_3.jpg,https://www.waitrose.com/ecom/products/john-frieda-brilliant-brunette-colour-vibrancy-shampoo/425124-59787-59788,John Frieda Brilliant Brunette Colour Vibrancy Shampoo,250ml,£6.00,£2.40/100ml,,"Toiletries, Health & Beauty"
425119,Berocca Mixed Berries Effervescent Vitamin Energy Tablets,G,false,2026,https://ecom-su-static-prod.wtrecom.com/images/products/3/LN_425119_BP_3.jpg,https://www.waitrose.com/ecom/products/berocca-mixed-berries-effervescent-vitamin-energy-tablets/425119-822033-822034,Berocca Mixed Berries Effervescent Vitamin Energy Tablets,15Each,£5.85,39p each,,"Toiletries, Health & Beauty"
424634,Orajel Toothache Relief,G,false,2027,https://ecom-su-static-prod.wtrecom.com/images/products/3/LN_424634_BP_3.jpg,https://www.waitrose.com/ecom/products/orajel-toothache-relief/424634-746126-746127,Orajel Toothache Relief,5.3g,£4.25,£8.02/10g,,"Toiletries, Health & Beauty"
424281,Potter's Chesty Cough Pastilles,G,false,2028,https://ecom-su-static-prod.wtrecom.com/images/products/3/LN_424281_BP_3.jpg,https://www.waitrose.com/ecom/products/potters-chesty-cough-pastilles/424281-373969-373970,Potter's Chesty Cough Pastilles,20s,£4.00,20p each,,"Toiletries, Health & Beauty"
423861,Optibac Gut Health Gummies,G,true,2029,https://ecom-su-static-prod.wtrecom.com/images/products/3/LN_423861_BP_3.jpg,https://www.waitrose.com/ecom/products/optibac-gut-health-gummies/423861-788492-788493,Optibac Gut Health Gummies,30s,£11.00,36.7p each,save £2.60. Was £13.60,"Toiletries, Health & Beauty"
423539,Ultra Glucosamine & Chondroitin,G,false,2030,https://ecom-su-static-prod.wtrecom.com/images/products/3/LN_423539_BP_3.jpg,https://www.waitrose.com/ecom/products/ultra-glucosamine-chondroitin/423539-202303-202304,Ultra Glucosamine & Chondroitin,60s,£16.30,27.2p each,,"Toiletries, Health & Beauty"
423356,Fish Shape Defining Wax,G,false,2031,https://ecom-su-static-prod.wtrecom.com/images/products/3/LN_423356_BP_3.jpg,https://www.waitrose.com/ecom/products/fish-shape-defining-wax/423356-588329-588330,Fish Shape Defining Wax,100ml,£7.00,£7/100ml,,"Toiletries, Health & Beauty"
423259,Neal's Yard Rose & Geranium Roll on Deodorant,G,false,2032,https://ecom-su-static-prod.wtrecom.com/images/products/3/LN_423259_BP_3.jpg,https://www.waitrose.com/ecom/products/neals-yard-rose-geranium-roll-on-deodorant/423259-576561-576562,Neal's Yard Rose & Geranium Roll on Deodorant,50ml,£11.00,£22/100ml,,"Toiletries, Health & Beauty"
422698,Head & Shoulders Pro Expert 7 Anti Hair Fall Shampoo,G,false,2033,https://ecom-su-static-prod.wtrecom.com/images/products/3/LN_422698_BP_3.jpg,https://www.waitrose.com/ecom/products/head-shoulders-pro-expert-7-anti-hair-fall-shampoo/422698-820570-820571,Head & Shoulders Pro Expert 7 Anti Hair Fall Shampoo,300ml,£6.30,£2.10/100ml,,"Toiletries, Health & Beauty"
420936,NIVEA MEN SENSITIVE,G,false,2034,https://ecom-su-static-prod.wtrecom.com/images/products/3/LN_420936_BP_3.jpg,https://www.waitrose.com/ecom/products/nivea-men-sensitive/420936-804558-804559,NIVEA MEN SENSITIVE,400ml,£4.00,£1/100ml,,"Toiletries, Health & Beauty"
420622,Lynx Epic Fresh Body Spray,G,false,2035,https://ecom-su-static-prod.wtrecom.com/images/products/3/LN_420622_BP_3.jpg,https://www.waitrose.com/ecom/products/lynx-epic-fresh-body-spray/420622-812838-812839,Lynx Epic Fresh Body Spray,150ml,£4.00,£2.67/100ml,,"Toiletries, Health & Beauty"
420609,Weleda Skin Food Light,G,false,2036,https://ecom-su-static-prod.wtrecom.com/images/products/3/LN_420609_BP_3.jpg,https://www.waitrose.com/ecom/products/weleda-skin-food-light/420609-703935-703936,Weleda Skin Food Light,30ml,£9.00,£30/100ml,,"Toiletries, Health & Beauty"
420576,Aveeno Dermexa Daily Emollient Cream,G,false,2037,https://ecom-su-static-prod.wtrecom.com/images/products/3/LN_420576_BP_3.jpg,https://www.waitrose.com/ecom/products/aveeno-dermexa-daily-emollient-cream/420576-723627-723628,Aveeno Dermexa Daily Emollient Cream,200ml,£11.00,£5.50/100ml,,"Toiletries, Health & Beauty"
420273,Head & Shoulders Hydrate Shampoo,G,false,2038,https://ecom-su-static-prod.wtrecom.com/images/products/3/LN_420273_BP_3.jpg,https://www.waitrose.com/ecom/products/head-shoulders-hydrate-shampoo/420273-769984-769985,Head & Shoulders Hydrate Shampoo,300ml,£6.00,£2/100ml,,"Toiletries, Health & Beauty"
420093,Pantene Hydra Glow Conditioner,G,true,2039,https://ecom-su-static-prod.wtrecom.com/images/products/3/LN_420093_BP_3.jpg,https://www.waitrose.com/ecom/products/pantene-hydra-glow-conditioner/420093-793361-793362,Pantene Hydra Glow Conditioner,275ml,£3.00,£1.10/100ml,Half Price. Was £6.00,"Toiletries, Health & Beauty"
419531,Neal's Yard Geranium & Orange Hand Lotion,G,false,2040,https://ecom-su-static-prod.wtrecom.com/images/products/3/LN_419531_BP_3.jpg,https://www.waitrose.com/ecom/products/neals-yard-geranium-orange-hand-lotion/419531-812778-812779,Neal's Yard Geranium & Orange Hand Lotion,200ml,£16.00,£80/litre,,"Toiletries, Health & Beauty"
419464,Dr. Pawpaw Shea Butter Balm,G,true,2041,https://ecom-su-static-prod.wtrecom.com/images/products/3/LN_419464_BP_3.jpg,https://www.waitrose.com/ecom/products/dr-pawpaw-shea-butter-balm/419464-752397-752398,Dr. Pawpaw Shea Butter Balm,10ml,£5.00,£50/100ml,Add 2 get 2nd half price Cheaper Item Half Price,"Toiletries, Health & Beauty"
419426,Riemann P20 Sensitive SPF50 Cream,G,true,2042,https://ecom-su-static-prod.wtrecom.com/images/products/3/LN_419426_BP_3.jpg,https://www.waitrose.com/ecom/products/riemann-p20-sensitive-spf50-cream/419426-780495-780496,Riemann P20 Sensitive SPF50 Cream,200ml,£25.20,£12.60/100ml,20% Off. Was £31.50,"Toiletries, Health & Beauty"
418988,Aussie Miracle Shine Conditioner,G,true,2043,https://ecom-su-static-prod.wtrecom.com/images/products/3/LN_418988_BP_3.jpg,https://www.waitrose.com/ecom/products/aussie-miracle-shine-conditioner/418988-255785-255786,Aussie Miracle Shine Conditioner,200ml,£3.00,£1.50/100ml,Save 1/3. Was £4.50,"Toiletries, Health & Beauty"
418675,Herbal Essences Orange Scent Conditioner,G,false,2044,https://ecom-su-static-prod.wtrecom.com/images/products/3/LN_418675_BP_3.jpg,https://www.waitrose.com/ecom/products/herbal-essences-orange-scent-conditioner/418675-820568-820569,Herbal Essences Orange Scent Conditioner,250ml,£4.75,£1.90/100ml,,"Toiletries, Health & Beauty"
418560,TENA Men Active Fit Pants Plus,G,false,2045,https://ecom-su-static-prod.wtrecom.com/images/products/3/LN_418560_BP_3.jpg,https://www.waitrose.com/ecom/products/tena-men-active-fit-pants-plus/418560-777029-777030,TENA Men Active Fit Pants Plus,9s,£8.95,99.4p each,,"Toiletries, Health & Beauty"
417431,Aveeno Skin Renewal Firming Lotion,G,true,2046,https://ecom-su-static-prod.wtrecom.com/images/products/3/LN_417431_BP_3.jpg,https://www.waitrose.com/ecom/products/aveeno-skin-renewal-firming-lotion/417431-824739-824740,Aveeno Skin Renewal Firming Lotion,300ml,£10.00,,Save 1/3. Was £15.00,"Toiletries, Health & Beauty"
416618,Tri-Molecular Hyaluronic Serum,G,false,2047,https://ecom-su-static-prod.wtrecom.com/images/products/3/LN_416618_BP_3.jpg,https://www.waitrose.com/ecom/products/tri-molecular-hyaluronic-serum/416618-799924-799925,Tri-Molecular Hyaluronic Serum,30ml,£33.00,£110/100ml,,"Toiletries, Health & Beauty"
415969,King Of Shaves Shave Cream 2 In 1,G,false,2048,https://ecom-su-static-prod.wtrecom.com/images/products/3/LN_415969_BP_3.jpg,https://www.waitrose.com/ecom/products/king-of-shaves-shave-cream-2-in-1/415969-446761-446762,King Of Shaves Shave Cream 2 In 1,175ml,£6.00,£3.43/100ml,,"Toiletries, Health & Beauty"
415785,E45 Face Night Cream,G,false,2049,https://ecom-su-static-prod.wtrecom.com/images/products/3/LN_415785_BP_3.jpg,https://www.waitrose.com/ecom/products/e45-face-night-cream/415785-824735-824736,E45 Face Night Cream,50ml,£15.00,£30/100ml,,"Toiletries, Health & Beauty"
415756,Always Ultra Sanitary Towel Long Plus Size2 Pads,G,false,2050,https://ecom-su-static-prod.wtrecom.com/images/products/3/LN_415756_BP_3.jpg,https://www.waitrose.com/ecom/products/always-ultra-sanitary-towel-long-plus-size2-pads/415756-382906-382907,Always Ultra Sanitary Towel Long Plus Size2 Pads,11s,£2.35,21.4p each,,"Toiletries, Health & Beauty"
415634,Splash Attack Water Shooter,G,false,2051,https://ecom-su-static-prod.wtrecom.com/images/products/3/LN_415634_BP_3.jpg,https://www.waitrose.com/ecom/products/splash-attack-water-shooter/415634-576547-576548,Splash Attack Water Shooter,each,£1.99,£1.99 each,,"Toiletries, Health & Beauty"
415597,Natural Stripe Socks 3Pk,G,false,2052,https://ecom-su-static-prod.wtrecom.com/images/products/3/LN_415597_BP_3.jpg,https://www.waitrose.com/ecom/products/natural-stripe-socks-3pk/415597-824049-824050,Natural Stripe Socks 3Pk,3s,£10.00,£3.34 each,,"Toiletries, Health & Beauty"
415436,Nip+Fab Scrub Fix,G,true,2053,https://ecom-su-static-prod.wtrecom.com/images/products/3/LN_415436_BP_3.jpg,https://www.waitrose.com/ecom/products/nipfab-scrub-fix/415436-666898-666899,Nip+Fab Scrub Fix,75ml,£9.10,£12.14/100ml,Save 1/3. Was £13.65,"Toiletries, Health & Beauty"
415084,TRUYU Emery Boards,G,false,2054,https://ecom-su-static-prod.wtrecom.com/images/products/3/LN_415084_BP_3.jpg,https://www.waitrose.com/ecom/products/truyu-emery-boards/415084-729644-729645,TRUYU Emery Boards,10s,£3.15,31.5p each,,"Toiletries, Health & Beauty"
414862,Noughty Wave Hello Shampoo,G,true,2055,https://ecom-su-static-prod.wtrecom.com/images/products/3/LN_414862_BP_3.jpg,https://www.waitrose.com/ecom/products/noughty-wave-hello-shampoo/414862-695397-695398,Noughty Wave Hello Shampoo,250ml,£5.60,£2.24/100ml,Save 1/3. Was £8.40,"Toiletries, Health & Beauty"
414859,Gillette Venus Swirl Razor,G,false,2056,https://ecom-su-static-prod.wtrecom.com/images/products/3/LN_414859_BP_3.jpg,https://www.waitrose.com/ecom/products/gillette-venus-swirl-razor/414859-770600-770601,Gillette Venus Swirl Razor,Each,£13.00,£13 each,,"Toiletries, Health & Beauty"
413787,Aveeno Apple Cider Vinegar Conditioner,G,false,2057,https://ecom-su-static-prod.wtrecom.com/images/products/3/LN_413787_BP_3.jpg,https://www.waitrose.com/ecom/products/aveeno-apple-cider-vinegar-conditioner/413787-799918-799919,Aveeno Apple Cider Vinegar Conditioner,300ml,£8.40,£2.80/100ml,,"Toiletries, Health & Beauty"
413576,200D Thermal Tights Black Small,G,false,2058,https://ecom-su-static-prod.wtrecom.com/images/products/3/LN_413576_BP_3.jpg,https://www.waitrose.com/ecom/products/200d-thermal-tights-black-small/413576-791310-791311,200D Thermal Tights Black Small,each,£10.50,£10.50 each,,"Toiletries, Health & Beauty"
413336,Pantene Classic Clean Conditioner,G,false,2059,https://ecom-su-static-prod.wtrecom.com/images/products/3/LN_413336_BP_3.jpg,https://www.waitrose.com/ecom/products/pantene-classic-clean-conditioner/413336-780491-780492,Pantene Classic Clean Conditioner,350ml,£4.75,£1.36/100ml,,"Toiletries, Health & Beauty"
412957,Bio-Kult Everyday Probiotics Gut Supplement Capsules,G,false,2060,https://ecom-su-static-prod.wtrecom.com/images/products/3/LN_412957_BP_3.jpg,https://www.waitrose.com/ecom/products/bio-kult-everyday-probiotics-gut-supplement-capsules/412957-788482-788483,Bio-Kult Everyday Probiotics Gut Supplement Capsules,30s,£10.00,33.3p each,,"Toiletries, Health & Beauty"
411831,Colgate Max White Crystal Toothpaste,G,true,2061,https://ecom-su-static-prod.wtrecom.com/images/products/3/LN_411831_BP_3.jpg,https://www.waitrose.com/ecom/products/colgate-max-white-crystal-toothpaste/411831-793359-793360,Colgate Max White Crystal Toothpaste,125ml,£2.50,£2/100ml,Half Price. Was £5.00,"Toiletries, Health & Beauty"
411794,Canesbalance Vaginal Gel,G,false,2062,https://ecom-su-static-prod.wtrecom.com/images/products/3/LN_411794_BP_3.jpg,https://www.waitrose.com/ecom/products/canesbalance-vaginal-gel/411794-446737-446738,Canesbalance Vaginal Gel,7s,£16.35,£2.34 each,,"Toiletries, Health & Beauty"
411461,Nivea Micellar Water Soothing,G,true,2063,https://ecom-su-static-prod.wtrecom.com/images/products/3/LN_411461_BP_3.jpg,https://www.waitrose.com/ecom/products/nivea-micellar-water-soothing/411461-680877-680878,Nivea Micellar Water Soothing,400ml,£4.66,£1.17/100ml,Save 1/3. Was £7.00,"Toiletries, Health & Beauty"
410966,Nip+Fab Hyaluronic Fix Extreme4 2% Hydration Serum,G,true,2064,https://ecom-su-static-prod.wtrecom.com/images/products/3/LN_410966_BP_3.jpg,https://www.waitrose.com/ecom/products/nipfab-hyaluronic-fix-extreme4-2-hydration-serum/410966-824733-824734,Nip+Fab Hyaluronic Fix Extreme4 2% Hydration Serum,50ml,£13.33,£26.66/100ml,Save 1/3. Was £20.00,"Toiletries, Health & Beauty"
410707,10D 3PP Tights Almond S,G,false,2065,https://ecom-su-static-prod.wtrecom.com/images/products/3/LN_410707_BP_3.jpg,https://www.waitrose.com/ecom/products/10d-3pp-tights-almond-s/410707-819582-819583,10D 3PP Tights Almond S,3s,£8.00,£2.67 each,,"Toiletries, Health & Beauty"
410380,Naturtint 4G Golden Chestnut,G,false,2066,https://ecom-su-static-prod.wtrecom.com/images/products/3/LN_410380_BP_3.jpg,https://www.waitrose.com/ecom/products/naturtint-4g-golden-chestnut/410380-747702-747703,Naturtint 4G Golden Chestnut,170ml,£12.99,£7.65/100ml,,"Toiletries, Health & Beauty"
410292,Age Perfect Cell Renew Midnight Eye Cream,G,false,2067,https://ecom-su-static-prod.wtrecom.com/images/products/3/LN_410292_BP_3.jpg,https://www.waitrose.com/ecom/products/age-perfect-cell-renew-midnight-eye-cream/410292-824731-824732,Age Perfect Cell Renew Midnight Eye Cream,15ml,£30.00,£200/100ml,,"Toiletries, Health & Beauty"
409998,Hask Monoi Coconut Oil Nourishing Conditioner,G,true,2068,https://ecom-su-static-prod.wtrecom.com/images/products/3/LN_409998_BP_3.jpg,https://www.waitrose.com/ecom/products/hask-monoi-coconut-oil-nourishing-conditioner/409998-631211-631212,Hask Monoi Coconut Oil Nourishing Conditioner,355ml,£4.93,£13.89/litre,Save 1/3. Was £7.40,"Toiletries, Health & Beauty"
409625,Man Cave Hinoki Wood Shower Gel,G,false,2069,https://ecom-su-static-prod.wtrecom.com/images/products/3/LN_409625_BP_3.jpg,https://www.waitrose.com/ecom/products/man-cave-hinoki-wood-shower-gel/409625-770596-770597,Man Cave Hinoki Wood Shower Gel,200ml,£6.00,£3/100ml,,"Toiletries, Health & Beauty"
409413,Argan+ Rescue And Repair Hair Mask,G,true,2070,https://ecom-su-static-prod.wtrecom.com/images/products/3/LN_409413_BP_3.jpg,https://www.waitrose.com/ecom/products/argan-rescue-and-repair-hair-mask/409413-761896-761897,Argan+ Rescue And Repair Hair Mask,200ml,£7.50,£3.75/100ml,Add 2 get 2nd half price Cheaper Item Half Price,"Toiletries, Health & Beauty"
408986,Argan+ Nourishing Supercharged Day Cream,G,true,2071,https://ecom-su-static-prod.wtrecom.com/images/products/3/LN_408986_BP_3.jpg,https://www.waitrose.com/ecom/products/argan-nourishing-supercharged-day-cream/408986-390943-390944,Argan+ Nourishing Supercharged Day Cream,50ml,£17.00,£34/100ml,Add 2 get 2nd half price Cheaper Item Half Price,"Toiletries, Health & Beauty"
408161,Essential Disposable Razors,G,false,2072,https://ecom-su-static-prod.wtrecom.com/images/products/3/LN_408161_BP_3.jpg,https://www.waitrose.com/ecom/products/essential-disposable-razors/408161-735708-735709,Essential Disposable Razors,4s,£2.20,55p each,,"Toiletries, Health & Beauty"
407453,OGX Thick & Full+ Biotin & Collagen Shampoo,G,true,2073,https://ecom-su-static-prod.wtrecom.com/images/products/3/LN_407453_BP_3.jpg,https://www.waitrose.com/ecom/products/ogx-thick-full-biotin-collagen-shampoo/407453-471203-471204,OGX Thick & Full+ Biotin & Collagen Shampoo,385ml,£4.20,£10.91/litre,Half Price. Was £8.40,"Toiletries, Health & Beauty"
407259,Essential Max Strength Cold & Flu,G,false,2074,https://ecom-su-static-prod.wtrecom.com/images/products/3/LN_407259_BP_3.jpg,https://www.waitrose.com/ecom/products/essential-max-strength-cold-flu/407259-655209-655210,Essential Max Strength Cold & Flu,10s,£2.55,25.5p each,,"Toiletries, Health & Beauty"
407072,Essential Dressing Strips,G,false,2075,https://ecom-su-static-prod.wtrecom.com/images/products/3/LN_407072_BP_3.jpg,https://www.waitrose.com/ecom/products/essential-dressing-strips/407072-655207-655208,Essential Dressing Strips,10s,£1.75,17.5p each,,"Toiletries, Health & Beauty"
406967,Voltarol Back & Muscle Pain Relief Gel,G,false,2076,https://ecom-su-static-prod.wtrecom.com/images/products/3/LN_406967_BP_3.jpg,https://www.waitrose.com/ecom/products/voltarol-back-muscle-pain-relief-gel/406967-57251-57252,Voltarol Back & Muscle Pain Relief Gel,50g,£8.55,£17.10/100g,,"Toiletries, Health & Beauty"
406609,Nivea Sun Lotion Protect & Moisture SPF50+,G,false,2077,https://ecom-su-static-prod.wtrecom.com/images/products/3/LN_406609_BP_3.jpg,https://www.waitrose.com/ecom/products/nivea-sun-lotion-protect-moisture-spf50/406609-805859-805860,Nivea Sun Lotion Protect & Moisture SPF50+,200ml,£7.50,£3.75/100ml,,"Toiletries, Health & Beauty"
406408,OGX Argan Oil Light Conditioner,G,true,2078,https://ecom-su-static-prod.wtrecom.com/images/products/3/LN_406408_BP_3.jpg,https://www.waitrose.com/ecom/products/ogx-argan-oil-light-conditioner/406408-799908-799909,OGX Argan Oil Light Conditioner,385ml,£4.20,£1.10/100ml,Half Price. Was £8.40,"Toiletries, Health & Beauty"
405615,Veet Cold Wax Bikini Sensitive,G,true,2079,https://ecom-su-static-prod.wtrecom.com/images/products/3/LN_405615_BP_3.jpg,https://www.waitrose.com/ecom/products/veet-cold-wax-bikini-sensitive/405615-802515-802516,Veet Cold Wax Bikini Sensitive,30s,£9.30,31p each,Save 1/3. Was £14.00,"Toiletries, Health & Beauty"
405371,Sanctuary Spa Lily & Rose Collection Body Lotion,G,true,2080,https://ecom-su-static-prod.wtrecom.com/images/products/3/LN_405371_BP_3.jpg,https://www.waitrose.com/ecom/products/sanctuary-spa-lily-rose-collection-body-lotion/405371-812834-812835,Sanctuary Spa Lily & Rose Collection Body Lotion,250ml,£5.00,£2/100ml,Save 1/3. Was £7.50,"Toiletries, Health & Beauty"
404844,Durex Thin Feel Extra Lubricated Condoms,G,false,2081,https://ecom-su-static-prod.wtrecom.com/images/products/3/LN_404844_BP_3.jpg,https://www.waitrose.com/ecom/products/durex-thin-feel-extra-lubricated-condoms/404844-723617-723618,Durex Thin Feel Extra Lubricated Condoms,12s,£14.70,£1.23 each,,"Toiletries, Health & Beauty"
404056,Nip+Fab Ceramide Fix 12% Serum,G,true,2082,https://ecom-su-static-prod.wtrecom.com/images/products/3/LN_404056_BP_3.jpg,https://www.waitrose.com/ecom/products/nipfab-ceramide-fix-12-serum/404056-824726-824727,Nip+Fab Ceramide Fix 12% Serum,50ml,£19.95,£39.90/100ml,Save 1/3. Was £30.00,"Toiletries, Health & Beauty"
403111,Aveeno Dermexa Emollient Body Wash,G,false,2083,https://ecom-su-static-prod.wtrecom.com/images/products/3/LN_403111_BP_3.jpg,https://www.waitrose.com/ecom/products/aveeno-dermexa-emollient-body-wash/403111-723615-723616,Aveeno Dermexa Emollient Body Wash,300ml,£11.55,£3.85/100ml,,"Toiletries, Health & Beauty"
402915,John Frieda Violet Crush Shampoo,G,false,2084,https://ecom-su-static-prod.wtrecom.com/images/products/3/LN_402915_BP_3.jpg,https://www.waitrose.com/ecom/products/john-frieda-violet-crush-shampoo/402915-526384-526385,John Frieda Violet Crush Shampoo,250ml,£7.00,£2.80/100ml,,"Toiletries, Health & Beauty"
402823,Benylin Chesty Coughs Non-Drowsy,G,false,2085,https://ecom-su-static-prod.wtrecom.com/images/products/3/LN_402823_BP_3.jpg,https://www.waitrose.com/ecom/products/benylin-chesty-coughs-non-drowsy/402823-56681-56682,Benylin Chesty Coughs Non-Drowsy,150ml,£5.65,£3.77/100ml,,"Toiletries, Health & Beauty"
402780,5PK COTTON RICH BRETON STRIPE SOCKS,G,false,2086,https://ecom-su-static-prod.wtrecom.com/images/products/3/LN_402780_BP_3.jpg,https://www.waitrose.com/ecom/products/5pk-cotton-rich-breton-stripe-socks/402780-811883-811884,5PK COTTON RICH BRETON STRIPE SOCKS,5s,£12.00,£2.40 each,,"Toiletries, Health & Beauty"
402712,Seven Seas Omega 3 & Multivitamins Women,G,false,2087,https://ecom-su-static-prod.wtrecom.com/images/products/3/LN_402712_BP_3.jpg,https://www.waitrose.com/ecom/products/seven-seas-omega-3-multivitamins-women/402712-802512-802512,Seven Seas Omega 3 & Multivitamins Women,60s,£18.90,31.5p each,,"Toiletries, Health & Beauty"
402622,Otrivine Nasal Spray Blocked Nose Relief,G,false,2088,https://ecom-su-static-prod.wtrecom.com/images/products/3/LN_402622_BP_3.jpg,https://www.waitrose.com/ecom/products/otrivine-nasal-spray-blocked-nose-relief/402622-730604-730605,Otrivine Nasal Spray Blocked Nose Relief,10ml,£5.00,£50/100ml,,"Toiletries, Health & Beauty"
402535,Dove Men 3 In 1 Body Wash,G,true,2089,https://ecom-su-static-prod.wtrecom.com/images/products/3/LN_402535_BP_3.jpg,https://www.waitrose.com/ecom/products/dove-men-3-in-1-body-wash/402535-773752-773753,Dove Men 3 In 1 Body Wash,400ml,£2.30,57.5p/100ml,Save 1/3. Was £3.50,"Toiletries, Health & Beauty"
401627,Nature's Bounty Turmeric,G,true,2090,https://ecom-su-static-prod.wtrecom.com/images/products/3/LN_401627_BP_3.jpg,https://www.waitrose.com/ecom/products/natures-bounty-turmeric/401627-746122-746123,Nature's Bounty Turmeric,60s,£7.70,12.8p each,Save 1/3. Was £11.55,"Toiletries, Health & Beauty"
401375,Bassetts Vitamins Adult Multivitamins Pastilles,G,false,2091,https://ecom-su-static-prod.wtrecom.com/images/products/3/LN_401375_BP_3.jpg,https://www.waitrose.com/ecom/products/bassetts-vitamins-adult-multivitamins-pastilles/401375-721783-721784,Bassetts Vitamins Adult Multivitamins Pastilles,30s,£7.35,24.5p each,,"Toiletries, Health & Beauty"
401205,Aveeno Blackberry Blend Shampoo,G,false,2092,https://ecom-su-static-prod.wtrecom.com/images/products/3/LN_401205_BP_3.jpg,https://www.waitrose.com/ecom/products/aveeno-blackberry-blend-shampoo/401205-799890-799891,Aveeno Blackberry Blend Shampoo,300ml,£8.40,£2.80/100ml,,"Toiletries, Health & Beauty"
401023,Dove Intensive Repair Shampoo,G,true,2093,https://ecom-su-static-prod.wtrecom.com/images/products/3/LN_401023_BP_3.jpg,https://www.waitrose.com/ecom/products/dove-intensive-repair-shampoo/401023-780479-780480,Dove Intensive Repair Shampoo,400ml,£2.26,56.5p/100ml,Save 1/3. Was £3.40,"Toiletries, Health & Beauty"
400371,Neal's Yard Rejuvenating Frankincense Refining Cleanser,G,false,2094,https://ecom-su-static-prod.wtrecom.com/images/products/3/LN_400371_BP_3.jpg,https://www.waitrose.com/ecom/products/neals-yard-rejuvenating-frankincense-refining-cleanser/400371-824724-824725,Neal's Yard Rejuvenating Frankincense Refining Cleanser,100ml,£20.00,£20/100ml,,"Toiletries, Health & Beauty"
400301,Bioglan Super Fish Oil,G,false,2095,https://ecom-su-static-prod.wtrecom.com/images/products/3/LN_400301_BP_3.jpg,https://www.waitrose.com/ecom/products/bioglan-super-fish-oil/400301-482241-482242,Bioglan Super Fish Oil,100s,£13.50,13.5p each,,"Toiletries, Health & Beauty"
398633,Baylis & Harding Royale Garden Rose & Vanilla Body Wash,G,true,2096,https://ecom-su-static-prod.wtrecom.com/images/products/3/LN_398633_BP_3.jpg,https://www.waitrose.com/ecom/products/baylis-harding-royale-garden-rose-vanilla-body-wash/398633-825486-825487,Baylis & Harding Royale Garden Rose & Vanilla Body Wash,500ml,£2.25,45p/100ml,25% Off. Was £3.00,"Toiletries, Health & Beauty"
396613,Dr Squatch Pine Tar Deodorant,G,false,2097,https://ecom-su-static-prod.wtrecom.com/images/products/3/LN_396613_BP_3.jpg,https://www.waitrose.com/ecom/products/dr-squatch-pine-tar-deodorant/396613-826092-826093,Dr Squatch Pine Tar Deodorant,75g,£12.99,£17.32/100g,,"Toiletries, Health & Beauty"
392405,Dove Women Antiperspirant Roll On Classic,G,true,2098,https://ecom-su-static-prod.wtrecom.com/images/products/3/LN_392405_BP_3.jpg,https://www.waitrose.com/ecom/products/dove-women-antiperspirant-roll-on-classic/392405-826730-826731,Dove Women Antiperspirant Roll On Classic,50ml,£1.95,£3.90/100ml,save 30p. Was £2.25,"Toiletries, Health & Beauty"
390688,Sanex Dermo Extra Control Antiperspirant Spray,G,false,2099,https://ecom-su-static-prod.wtrecom.com/images/products/3/LN_390688_BP_3.jpg,https://www.waitrose.com/ecom/products/sanex-dermo-extra-control-antiperspirant-spray/390688-826726-826727,Sanex Dermo Extra Control Antiperspirant Spray,200ml,£3.20,£1.60/100ml,,"Toiletries, Health & Beauty"
387312,Dove Women Antiperspirant Roll On Fresh,G,true,2100,https://ecom-su-static-prod.wtrecom.com/images/products/3/LN_387312_BP_3.jpg,https://www.waitrose.com/ecom/products/dove-women-antiperspirant-roll-on-fresh/387312-826724-826725,Dove Women Antiperspirant Roll On Fresh,50ml,£1.95,£3.90/100ml,save 30p. Was £2.25,"Toiletries, Health & Beauty"
383001,Naturals Lemon Zest Body Wash,G,false,2101,https://ecom-su-static-prod.wtrecom.com/images/products/3/LN_383001_BP_3.jpg,https://www.waitrose.com/ecom/products/naturals-lemon-zest-body-wash/383001-825482-825483,Naturals Lemon Zest Body Wash,300ml,£4.75,£1.59/100ml,,"Toiletries, Health & Beauty"
381056,Waitrose Cod Liver Oil & Fish Oil,G,false,2102,https://ecom-su-static-prod.wtrecom.com/images/products/3/LN_381056_BP_3.jpg,https://www.waitrose.com/ecom/products/waitrose-cod-liver-oil-fish-oil/381056-236192-236193,Waitrose Cod Liver Oil & Fish Oil,90s,£7.15,7.9p each,,"Toiletries, Health & Beauty"
380425,Rock Face Face Scrub,G,true,2103,https://ecom-su-static-prod.wtrecom.com/images/products/3/LN_380425_BP_3.jpg,https://www.waitrose.com/ecom/products/rock-face-face-scrub/380425-826080-826081,Rock Face Face Scrub,100ml,£3.65,£3.65/100ml,Save 1/3. Was £5.50,"Toiletries, Health & Beauty"
377288,Heath Sensitive Face Wash,G,false,2104,https://ecom-su-static-prod.wtrecom.com/images/products/3/LN_377288_BP_3.jpg,https://www.waitrose.com/ecom/products/heath-sensitive-face-wash/377288-826076-826077,Heath Sensitive Face Wash,100ml,£14.00,£14/100ml,,"Toiletries, Health & Beauty"
374496,Aussie Aussome Hair Volume Conditioner,G,false,2105,https://ecom-su-static-prod.wtrecom.com/images/products/3/LN_374496_BP_3.jpg,https://www.waitrose.com/ecom/products/aussie-aussome-hair-volume-conditioner/374496-154417-154418,Aussie Aussome Hair Volume Conditioner,350ml,£6.00,£1.72/100ml,,"Toiletries, Health & Beauty"
374014,Strepsils Strawberry Sugar Free Lozenges,G,false,2106,https://ecom-su-static-prod.wtrecom.com/images/products/3/LN_374014_BP_3.jpg,https://www.waitrose.com/ecom/products/strepsils-strawberry-sugar-free-lozenges/374014-52609-52610,Strepsils Strawberry Sugar Free Lozenges,36s,£5.65,15.7p each,,"Toiletries, Health & Beauty"
373564,Baylis & Harding EDIT Neroli Sands Hand Wash,G,false,2107,https://ecom-su-static-prod.wtrecom.com/images/products/3/LN_373564_BP_3.jpg,https://www.waitrose.com/ecom/products/baylis-harding-edit-neroli-sands-hand-wash/373564-825474-825475,Baylis & Harding EDIT Neroli Sands Hand Wash,400ml,£4.00,£1/100ml,,"Toiletries, Health & Beauty"
372304,Hedrin Once Spray Gel,G,false,2108,https://ecom-su-static-prod.wtrecom.com/images/products/3/LN_372304_BP_3.jpg,https://www.waitrose.com/ecom/products/hedrin-once-spray-gel/372304-131549-131550,Hedrin Once Spray Gel,60ml,£10.00,£16.67/100ml,,"Toiletries, Health & Beauty"
368306,Neal's Yard Aromatic Foaming Bath,G,false,2109,https://ecom-su-static-prod.wtrecom.com/images/products/3/LN_368306_BP_3.jpg,https://www.waitrose.com/ecom/products/neals-yard-aromatic-foaming-bath/368306-51768-51769,Neal's Yard Aromatic Foaming Bath,200ml,£19.00,£9.50/100ml,,"Toiletries, Health & Beauty"
366591,Neal's Yard Rose & Mallow moisturiser,G,false,2110,https://ecom-su-static-prod.wtrecom.com/images/products/3/LN_366591_BP_3.jpg,https://www.waitrose.com/ecom/products/neals-yard-rose-mallow-moisturiser/366591-135834-135835,Neal's Yard Rose & Mallow moisturiser,50g,£28.00,£56/100g,,"Toiletries, Health & Beauty"
364793,Aussie Miracle Shine Shampoo,G,true,2111,https://ecom-su-static-prod.wtrecom.com/images/products/3/LN_364793_BP_3.jpg,https://www.waitrose.com/ecom/products/aussie-miracle-shine-shampoo/364793-255761-255762,Aussie Miracle Shine Shampoo,300ml,£3.00,£1/100ml,Save 1/3. Was £4.50,"Toiletries, Health & Beauty"
351311,BIC Flex 5 Disposable Razors,G,false,2112,https://ecom-su-static-prod.wtrecom.com/images/products/3/LN_351311_BP_3.jpg,https://www.waitrose.com/ecom/products/bic-flex-5-disposable-razors/351311-826060-826061,BIC Flex 5 Disposable Razors,10Each,£5.99,59.9p each,,"Toiletries, Health & Beauty"
321328,ManCave Hyaluronic Face Serum,G,false,2113,https://ecom-su-static-prod.wtrecom.com/images/products/3/LN_321328_BP_3.jpg,https://www.waitrose.com/ecom/products/mancave-hyaluronic-face-serum/321328-826054-826055,ManCave Hyaluronic Face Serum,50ml,£10.50,£21/100ml,,"Toiletries, Health & Beauty"
314363,Fussy Natural Refillable Deodorant Coconut Milk,G,false,2114,https://ecom-su-static-prod.wtrecom.com/images/products/3/LN_314363_BP_3.jpg,https://www.waitrose.com/ecom/products/fussy-natural-refillable-deodorant-coconut-milk/314363-826718-826719,Fussy Natural Refillable Deodorant Coconut Milk,40g,£13.00,£32.50/100g,,"Toiletries, Health & Beauty"
312277,ManCave Hyaluronic Intense Hydration Moisturiser,G,false,2115,https://ecom-su-static-prod.wtrecom.com/images/products/3/LN_312277_BP_3.jpg,https://www.waitrose.com/ecom/products/mancave-hyaluronic-intense-hydration-moisturiser/312277-826052-826053,ManCave Hyaluronic Intense Hydration Moisturiser,100ml,£11.50,£11.50/100ml,,"Toiletries, Health & Beauty"
293932,Sanex Biome Protect Micellar Hypoallergenic Shower Gel,G,true,2116,https://ecom-su-static-prod.wtrecom.com/images/products/3/LN_293932_BP_3.jpg,https://www.waitrose.com/ecom/products/sanex-biome-protect-micellar-hypoallergenic-shower-gel/293932-825466-825467,Sanex Biome Protect Micellar Hypoallergenic Shower Gel,450ml,£3.00,66.7p/100ml,Save 1/3. Was £4.50,"Toiletries, Health & Beauty"
291493,Dr Squatch Fresh Falls Soap,G,false,2117,https://ecom-su-static-prod.wtrecom.com/images/products/3/LN_291493_BP_3.jpg,https://www.waitrose.com/ecom/products/dr-squatch-fresh-falls-soap/291493-826050-826051,Dr Squatch Fresh Falls Soap,141.7g,£7.99,£5.64/100g,,"Toiletries, Health & Beauty"
286784,LifeJacket SPF30 Daily Protection Moisturiser,G,false,2118,https://ecom-su-static-prod.wtrecom.com/images/products/3/LN_286784_BP_3.jpg,https://www.waitrose.com/ecom/products/lifejacket-spf30-daily-protection-moisturiser/286784-826048-826049,LifeJacket SPF30 Daily Protection Moisturiser,100ml,£16.00,£16/100ml,,"Toiletries, Health & Beauty"
274425,Dr Squatch Pine Tar Soap,G,false,2119,https://ecom-su-static-prod.wtrecom.com/images/products/3/LN_274425_BP_3.jpg,https://www.waitrose.com/ecom/products/dr-squatch-pine-tar-soap/274425-826044-826045,Dr Squatch Pine Tar Soap,141.7g,£7.99,£5.64/100g,,"Toiletries, Health & Beauty"
273716,Kleenex Easy Breathe Box Tissues,G,true,2120,https://ecom-su-static-prod.wtrecom.com/images/products/3/LN_273716_BP_3.jpg,https://www.waitrose.com/ecom/products/kleenex-easy-breathe-box-tissues/273716-827336-827337,Kleenex Easy Breathe Box Tissues,56Sheet,£1.75,£3.13/100 sheets,Introductory Offer.Will be £2.25,"Toiletries, Health & Beauty"
269504,Rock Face Face Wash,G,true,2121,https://ecom-su-static-prod.wtrecom.com/images/products/3/LN_269504_BP_3.jpg,https://www.waitrose.com/ecom/products/rock-face-face-wash/269504-826040-826041,Rock Face Face Wash,100ml,£3.65,£3.65/100ml,Save 1/3. Was £5.50,"Toiletries, Health & Beauty"
268573,Fussy Natural Refillable Deodorant Wide Eyed,G,false,2122,https://ecom-su-static-prod.wtrecom.com/images/products/3/LN_268573_BP_3.jpg,https://www.waitrose.com/ecom/products/fussy-natural-refillable-deodorant-wide-eyed/268573-826714-826715,Fussy Natural Refillable Deodorant Wide Eyed,40g,£13.00,,,"Toiletries, Health & Beauty"
263907,The Cheeky Panda Sustainable Bamboo Balsam Tissues,G,false,2123,https://ecom-su-static-prod.wtrecom.com/images/products/3/LN_263907_BP_3.jpg,https://www.waitrose.com/ecom/products/the-cheeky-panda-sustainable-bamboo-balsam-tissues/263907-827428-827429,The Cheeky Panda Sustainable Bamboo Balsam Tissues,64Sheet,£2.30,£3.60/100 sheets,,"Toiletries, Health & Beauty"
212820,Baylis & Harding EDIT Neroli Sands Body Wash,G,false,2124,https://ecom-su-static-prod.wtrecom.com/images/products/3/LN_212820_BP_3.jpg,https://www.waitrose.com/ecom/products/baylis-harding-edit-neroli-sands-body-wash/212820-825452-825453,Baylis & Harding EDIT Neroli Sands Body Wash,400ml,£4.00,£1/100ml,,"Toiletries, Health & Beauty"
202516,Sure Women Antiperspirant Roll On Invisible Pure,G,false,2125,https://ecom-su-static-prod.wtrecom.com/images/products/3/LN_202516_BP_3.jpg,https://www.waitrose.com/ecom/products/sure-women-antiperspirant-roll-on-invisible-pure/202516-826708-826709,Sure Women Antiperspirant Roll On Invisible Pure,50ml,£1.60,£3.20/100ml,,"Toiletries, Health & Beauty"
201880,ManCave Caffeine Conditioner,G,false,2126,https://ecom-su-static-prod.wtrecom.com/images/products/3/LN_201880_BP_3.jpg,https://www.waitrose.com/ecom/products/mancave-caffeine-conditioner/201880-826032-826033,ManCave Caffeine Conditioner,200ml,£7.00,£3.50/100ml,,"Toiletries, Health & Beauty"
201735,Fussy Natural Deodorant Refill Coconut Milk,G,false,2127,https://ecom-su-static-prod.wtrecom.com/images/products/3/LN_201735_BP_3.jpg,https://www.waitrose.com/ecom/products/fussy-natural-deodorant-refill-coconut-milk/201735-826706-826707,Fussy Natural Deodorant Refill Coconut Milk,40g,£6.00,£15/100g,,"Toiletries, Health & Beauty"
201658,Always Sensitive Long Plus,G,false,2128,https://ecom-su-static-prod.wtrecom.com/images/products/3/LN_201658_BP_3.jpg,https://www.waitrose.com/ecom/products/always-sensitive-long-plus/201658-827424-827425,Always Sensitive Long Plus,12Each,£1.05,8.8p each,,"Toiletries, Health & Beauty"
099580,Neal's Yard Comfrey & Mallow Foot Balm,G,false,2129,https://ecom-su-static-prod.wtrecom.com/images/products/3/LN_099580_BP_3.jpg,https://www.waitrose.com/ecom/products/neals-yard-comfrey-mallow-foot-balm/099580-50849-50850,Neal's Yard Comfrey & Mallow Foot Balm,50g,£17.00,£34/100g,,"Toiletries, Health & Beauty"
098939,John Frieda Frizz Ease Dream Curls Reviver Mousse,G,false,2130,https://ecom-su-static-prod.wtrecom.com/images/products/3/LN_098939_BP_3.jpg,https://www.waitrose.com/ecom/products/john-frieda-frizz-ease-dream-curls-reviver-mousse/098939-50433-50434,John Frieda Frizz Ease Dream Curls Reviver Mousse,200ml,£7.00,£3.50/100ml,,"Toiletries, Health & Beauty"
098250,Immunace Original Immune System,G,false,2131,https://ecom-su-static-prod.wtrecom.com/images/products/3/LN_098250_BP_3.jpg,https://www.waitrose.com/ecom/products/immunace-original-immune-system/098250-50097-50098,Immunace Original Immune System,30s,£7.90,26.3p each,,"Toiletries, Health & Beauty"
098048,Carmex Lip Balm,G,true,2132,https://ecom-su-static-prod.wtrecom.com/images/products/3/LN_098048_BP_3.jpg,https://www.waitrose.com/ecom/products/carmex-lip-balm/098048-50005-50006,Carmex Lip Balm,7.5g,£2.30,£30.67/100g,Save 1/3. Was £3.50,"Toiletries, Health & Beauty"
097366,VO5 Big Volume Heat Defence Mousse,G,false,2133,https://ecom-su-static-prod.wtrecom.com/images/products/3/LN_097366_BP_3.jpg,https://www.waitrose.com/ecom/products/vo5-big-volume-heat-defence-mousse/097366-49717-49718,VO5 Big Volume Heat Defence Mousse,200ml,£4.45,£2.23/100ml,,"Toiletries, Health & Beauty"
096542,Dulcoease Constipation Relief Laxative Tablets,G,false,2134,https://ecom-su-static-prod.wtrecom.com/images/products/3/LN_096542_BP_3.jpg,https://www.waitrose.com/ecom/products/dulcoease-constipation-relief-laxative-tablets/096542-49378-49379,Dulcoease Constipation Relief Laxative Tablets,30s,£7.25,24.2p each,,"Toiletries, Health & Beauty"
096525,E45 Emollient Shower Cream for Dry Skin,G,true,2135,https://ecom-su-static-prod.wtrecom.com/images/products/3/LN_096525_BP_3.jpg,https://www.waitrose.com/ecom/products/e45-emollient-shower-cream-for-dry-skin/096525-49372-49373,E45 Emollient Shower Cream for Dry Skin,200ml,£5.33,£2.67/100ml,Save 1/3. Was £8.00,"Toiletries, Health & Beauty"
095671,VO5 Mega Hold 24h Weatherproof Hair Mousse,G,false,2136,https://ecom-su-static-prod.wtrecom.com/images/products/3/LN_095671_BP_3.jpg,https://www.waitrose.com/ecom/products/vo5-mega-hold-24h-weatherproof-hair-mousse/095671-49021-49022,VO5 Mega Hold 24h Weatherproof Hair Mousse,200ml,£4.45,£2.23/100ml,,"Toiletries, Health & Beauty"
094013,Lemsip Max Day & Night Cold & Flu Relief Capsules,G,false,2137,https://ecom-su-static-prod.wtrecom.com/images/products/3/LN_094013_BP_3.jpg,https://www.waitrose.com/ecom/products/lemsip-max-day-night-cold-flu-relief-capsules/094013-48258-48259,Lemsip Max Day & Night Cold & Flu Relief Capsules,16s,£6.50,40.6p each,,"Toiletries, Health & Beauty"
093981,Elastoplast Extra Tough Strips,G,true,2138,https://ecom-su-static-prod.wtrecom.com/images/products/3/LN_093981_BP_3.jpg,https://www.waitrose.com/ecom/products/elastoplast-extra-tough-strips/093981-48238-48239,Elastoplast Extra Tough Strips,12s,£2.64,22p each,20% Off. Was £3.30,"Toiletries, Health & Beauty"
093880,Aptamil 1 First Infant Milk,G,false,2139,https://ecom-su-static-prod.wtrecom.com/images/products/3/LN_093880_BP_3.jpg,https://www.waitrose.com/ecom/products/aptamil-1-first-infant-milk/093880-48186-48187,Aptamil 1 First Infant Milk,200ml,£1.20,£6/litre,,"Toiletries, Health & Beauty"
093441,Nurofen 200mg Ibuprofen Lemon Pain Relief Meltlets,G,false,2140,https://ecom-su-static-prod.wtrecom.com/images/products/3/LN_093441_BP_3.jpg,https://www.waitrose.com/ecom/products/nurofen-200mg-ibuprofen-lemon-pain-relief-meltlets/093441-47990-47991,Nurofen 200mg Ibuprofen Lemon Pain Relief Meltlets,12s,£4.20,35p each,,"Toiletries, Health & Beauty"
093405,Bach Rescue Remedy,G,false,2141,https://ecom-su-static-prod.wtrecom.com/images/products/3/LN_093405_BP_3.jpg,https://www.waitrose.com/ecom/products/bach-rescue-remedy/093405-47968-47969,Bach Rescue Remedy,20ml,£13.00,£65/100ml,,"Toiletries, Health & Beauty"
091804,Aptamil 2 Follow On Milk,G,true,2142,https://ecom-su-static-prod.wtrecom.com/images/products/3/LN_091804_BP_3.jpg,https://www.waitrose.com/ecom/products/aptamil-2-follow-on-milk/091804-47266-47267,Aptamil 2 Follow On Milk,200ml,£1.25,£6.25/litre,Add 3 for £2.80,"Toiletries, Health & Beauty"
091173,Frizz Ease Firm Hold Hairspray,G,false,2143,https://ecom-su-static-prod.wtrecom.com/images/products/3/LN_091173_BP_3.jpg,https://www.waitrose.com/ecom/products/frizz-ease-firm-hold-hairspray/091173-46927-46928,Frizz Ease Firm Hold Hairspray,250ml,£7.00,£2.80/100ml,,"Toiletries, Health & Beauty"
090704,L'Oréal Cream Age Perfect Re-Hydrating Day,G,false,2144,https://ecom-su-static-prod.wtrecom.com/images/products/3/LN_090704_BP_3.jpg,https://www.waitrose.com/ecom/products/loreal-cream-age-perfect-re-hydrating-day/090704-46721-46722,L'Oréal Cream Age Perfect Re-Hydrating Day,50ml,£15.00,£30/100ml,,"Toiletries, Health & Beauty"
090291,Lynx Africa Anti-perspirant Deodorant Stick,G,false,2145,https://ecom-su-static-prod.wtrecom.com/images/products/3/LN_090291_BP_3.jpg,https://www.waitrose.com/ecom/products/lynx-africa-anti-perspirant-deodorant-stick/090291-46524-46525,Lynx Africa Anti-perspirant Deodorant Stick,50ml,£2.35,£4.70/100ml,,"Toiletries, Health & Beauty"
089038,Ultrasun Face Sun Lotion SPF30,G,true,2146,https://ecom-su-static-prod.wtrecom.com/images/products/3/LN_089038_BP_3.jpg,https://www.waitrose.com/ecom/products/ultrasun-face-sun-lotion-spf30/089038-45772-45773,Ultrasun Face Sun Lotion SPF30,50ml,£19.20,£38.40/100ml,save £4.80. Was £24.00,"Toiletries, Health & Beauty"
088985,Nicorette Fruitfusion 4mg Gum,G,false,2147,https://ecom-su-static-prod.wtrecom.com/images/products/3/LN_088985_BP_3.jpg,https://www.waitrose.com/ecom/products/nicorette-fruitfusion-4mg-gum/088985-45750-45751,Nicorette Fruitfusion 4mg Gum,105s,£17.85,17p each,,"Toiletries, Health & Beauty"
087892,Niquitin Clear Step 1 Patches,G,false,2148,https://ecom-su-static-prod.wtrecom.com/images/products/3/LN_087892_BP_3.jpg,https://www.waitrose.com/ecom/products/niquitin-clear-step-1-patches/087892-44936-44937,Niquitin Clear Step 1 Patches,7s,£14.70,£2.10 each,,"Toiletries, Health & Beauty"
086847,Lynx Limited Edition Africa Deodorant Spray,G,false,2149,https://ecom-su-static-prod.wtrecom.com/images/products/3/LN_086847_BP_3.jpg,https://www.waitrose.com/ecom/products/lynx-limited-edition-africa-deodorant-spray/086847-44374-44375,Lynx Limited Edition Africa Deodorant Spray,150ml,£4.20,£2.80/100ml,,"Toiletries, Health & Beauty"
085964,Lynx Africa 48hr Anti-Perspirant Roll-On Deodorant,G,true,2150,https://ecom-su-static-prod.wtrecom.com/images/products/3/LN_085964_BP_3.jpg,https://www.waitrose.com/ecom/products/lynx-africa-48hr-anti-perspirant-roll-on-deodorant/085964-43847-43848,Lynx Africa 48hr Anti-Perspirant Roll-On Deodorant,50ml,£1.70,£3.40/100ml,save 30p. Was £2.00,"Toiletries, Health & Beauty"
084782,Menopace Original,G,true,2151,https://ecom-su-static-prod.wtrecom.com/images/products/3/LN_084782_BP_3.jpg,https://www.waitrose.com/ecom/products/menopace-original/084782-43001-43002,Menopace Original,30s,£3.16,10.5p each,Save 1/3. Was £4.75,"Toiletries, Health & Beauty"
084366,Mitchum Powder Fresh Roll-On Deodorant,G,false,2152,https://ecom-su-static-prod.wtrecom.com/images/products/3/LN_084366_BP_3.jpg,https://www.waitrose.com/ecom/products/mitchum-powder-fresh-roll-on-deodorant/084366-42855-42856,Mitchum Powder Fresh Roll-On Deodorant,100ml,£3.50,£3.50/100ml,,"Toiletries, Health & Beauty"
083596,Aussie Colour Mate Shampoo,G,true,2153,https://ecom-su-static-prod.wtrecom.com/images/products/3/LN_083596_BP_3.jpg,https://www.waitrose.com/ecom/products/aussie-colour-mate-shampoo/083596-42439-42440,Aussie Colour Mate Shampoo,300ml,£3.00,£1/100ml,Save 1/3. Was £4.50,"Toiletries, Health & Beauty"
082474,Perfectil Original,G,true,2154,https://ecom-su-static-prod.wtrecom.com/images/products/3/LN_082474_BP_3.jpg,https://www.waitrose.com/ecom/products/perfectil-original/082474-41957-41958,Perfectil Original,30s,£4.20,14p each,Save 1/3. Was £6.30,"Toiletries, Health & Beauty"
081699,John Frieda Root Booster,G,false,2155,https://ecom-su-static-prod.wtrecom.com/images/products/3/LN_081699_BP_3.jpg,https://www.waitrose.com/ecom/products/john-frieda-root-booster/081699-41555-41556,John Frieda Root Booster,125ml,£8.00,£6.40/100ml,,"Toiletries, Health & Beauty"
081506,Otrivine Nasal Spray Sinusitis Relief,G,false,2156,https://ecom-su-static-prod.wtrecom.com/images/products/3/LN_081506_BP_3.jpg,https://www.waitrose.com/ecom/products/otrivine-nasal-spray-sinusitis-relief/081506-41470-41471,Otrivine Nasal Spray Sinusitis Relief,10ml,£4.45,£44.50/100ml,,"Toiletries, Health & Beauty"
080678,L'Oréal Cream Revitalift Night,G,false,2157,https://ecom-su-static-prod.wtrecom.com/images/products/3/LN_080678_BP_3.jpg,https://www.waitrose.com/ecom/products/loreal-cream-revitalift-night/080678-41075-41076,L'Oréal Cream Revitalift Night,50ml,£14.70,£29.40/100ml,,"Toiletries, Health & Beauty"
080232,Cow & Gate Growing Up Milk Ready To Use,G,true,2158,https://ecom-su-static-prod.wtrecom.com/images/products/3/LN_080232_BP_3.jpg,https://www.waitrose.com/ecom/products/cow-gate-growing-up-milk-ready-to-use/080232-40792-40793,Cow & Gate Growing Up Milk Ready To Use,200ml,95p,£4.75/litre,Add 3 for £2.15,"Toiletries, Health & Beauty"
078402,Vagisil Medicated Creme,G,false,2159,https://ecom-su-static-prod.wtrecom.com/images/products/3/LN_078402_BP_3.jpg,https://www.waitrose.com/ecom/products/vagisil-medicated-creme/078402-39917-39918,Vagisil Medicated Creme,30g,£5.80,£19.34/100g,,"Toiletries, Health & Beauty"
077286,Sudafed Sinus Capsules,G,false,2160,https://ecom-su-static-prod.wtrecom.com/images/products/3/LN_077286_BP_3.jpg,https://www.waitrose.com/ecom/products/sudafed-sinus-capsules/077286-39290-39291,Sudafed Sinus Capsules,16s,£5.80,36.3p each,,"Toiletries, Health & Beauty"
077009,Lil-Lets Regular Tampons,G,false,2161,https://ecom-su-static-prod.wtrecom.com/images/products/3/LN_077009_BP_3.jpg,https://www.waitrose.com/ecom/products/lil-lets-regular-tampons/077009-39147-39148,Lil-Lets Regular Tampons,32s,£3.75,11.7p each,,"Toiletries, Health & Beauty"
076711,Waitrose Fragranced Toddler Wipes,G,false,2162,https://ecom-su-static-prod.wtrecom.com/images/products/3/LN_076711_BP_3.jpg,https://www.waitrose.com/ecom/products/waitrose-fragranced-toddler-wipes/076711-39010-39011,Waitrose Fragranced Toddler Wipes,60s,80p,1.3p each,,"Toiletries, Health & Beauty"
076232,AOrganic Lavender Shampoo,G,false,2163,https://ecom-su-static-prod.wtrecom.com/images/products/3/LN_076232_BP_3.jpg,https://www.waitrose.com/ecom/products/aorganic-lavender-shampoo/076232-38732-38733,AOrganic Lavender Shampoo,325ml,£9.95,£3.07/100ml,,"Toiletries, Health & Beauty"
075028,Pregnacare Original Tablets,G,false,2164,https://ecom-su-static-prod.wtrecom.com/images/products/3/LN_075028_BP_3.jpg,https://www.waitrose.com/ecom/products/pregnacare-original-tablets/075028-38048-38049,Pregnacare Original Tablets,30s,£4.20,14p each,,"Toiletries, Health & Beauty"
074855,Huggies Little Swimmers Size 3-4 Swim nappies,G,true,2165,https://ecom-su-static-prod.wtrecom.com/images/products/3/LN_074855_BP_3.jpg,https://www.waitrose.com/ecom/products/huggies-little-swimmers-size-3-4-swim-nappies/074855-37974-37975,Huggies Little Swimmers Size 3-4 Swim nappies,12s,£4.50,37.5p each,save £1.00. Was £5.50,"Toiletries, Health & Beauty"
074763,Vicks Sinex Micromist Spray,G,false,2166,https://ecom-su-static-prod.wtrecom.com/images/products/3/LN_074763_BP_3.jpg,https://www.waitrose.com/ecom/products/vicks-sinex-micromist-spray/074763-37926-37927,Vicks Sinex Micromist Spray,15ml,£5.85,£39/100ml,,"Toiletries, Health & Beauty"
073647,Imodium Instants,G,false,2167,https://ecom-su-static-prod.wtrecom.com/images/products/3/LN_073647_BP_3.jpg,https://www.waitrose.com/ecom/products/imodium-instants/073647-37356-37357,Imodium Instants,6s,£5.75,95.8p each,,"Toiletries, Health & Beauty"
073534,Mitchum Unscented Control Unperfumed,G,false,2168,https://ecom-su-static-prod.wtrecom.com/images/products/3/LN_073534_BP_3.jpg,https://www.waitrose.com/ecom/products/mitchum-unscented-control-unperfumed/073534-37308-37309,Mitchum Unscented Control Unperfumed,41g,£3.70,£9.03/100g,,"Toiletries, Health & Beauty"
073516,Oral-B Pro-Expert Pulsar 35 Medium Toothbrush,G,true,2169,https://ecom-su-static-prod.wtrecom.com/images/products/3/LN_073516_BP_3.jpg,https://www.waitrose.com/ecom/products/oral-b-pro-expert-pulsar-35-medium-toothbrush/073516-37298-37299,Oral-B Pro-Expert Pulsar 35 Medium Toothbrush,Each,£5.40,£5.40 each,Save 1/3. Was £8.10,"Toiletries, Health & Beauty"
073358,Rennie Spearmint,G,false,2170,https://ecom-su-static-prod.wtrecom.com/images/products/3/LN_073358_BP_3.jpg,https://www.waitrose.com/ecom/products/rennie-spearmint/073358-37226-37227,Rennie Spearmint,72s,£6.65,9.2p each,,"Toiletries, Health & Beauty"
072791,Elnett Volume Extra Strong Hold,G,false,2171,https://ecom-su-static-prod.wtrecom.com/images/products/3/LN_072791_BP_3.jpg,https://www.waitrose.com/ecom/products/elnett-volume-extra-strong-hold/072791-36922-36923,Elnett Volume Extra Strong Hold,400ml,£7.90,£1.98/100ml,,"Toiletries, Health & Beauty"
072789,Elnett Strong Hold Hairspray,G,false,2172,https://ecom-su-static-prod.wtrecom.com/images/products/3/LN_072789_BP_3.jpg,https://www.waitrose.com/ecom/products/elnett-strong-hold-hairspray/072789-36920-36921,Elnett Strong Hold Hairspray,400ml,£7.90,£1.98/100ml,,"Toiletries, Health & Beauty"
072712,Neal's Yard Seaweed & Arnica Foaming Bath,G,false,2173,https://ecom-su-static-prod.wtrecom.com/images/products/3/LN_072712_BP_3.jpg,https://www.waitrose.com/ecom/products/neals-yard-seaweed-arnica-foaming-bath/072712-36896-36897,Neal's Yard Seaweed & Arnica Foaming Bath,200ml,£19.00,£9.50/100ml,,"Toiletries, Health & Beauty"
072639,Gillette Sensor Excel Razor Blades,G,false,2174,https://ecom-su-static-prod.wtrecom.com/images/products/3/LN_072639_BP_3.jpg,https://www.waitrose.com/ecom/products/gillette-sensor-excel-razor-blades/072639-36866-36867,Gillette Sensor Excel Razor Blades,10s,£14.20,£1.42 each,,"Toiletries, Health & Beauty"
070603,Aussie Colour Mate Hair Conditioner,G,true,2175,https://ecom-su-static-prod.wtrecom.com/images/products/3/LN_070603_BP_3.jpg,https://www.waitrose.com/ecom/products/aussie-colour-mate-hair-conditioner/070603-35773-35774,Aussie Colour Mate Hair Conditioner,200ml,£3.00,£1.50/100ml,Save 1/3. Was £4.50,"Toiletries, Health & Beauty"
070130,John Frieda Frizz Ease Dream Curls Conditioner,G,false,2176,https://ecom-su-static-prod.wtrecom.com/images/products/3/LN_070130_BP_3.jpg,https://www.waitrose.com/ecom/products/john-frieda-frizz-ease-dream-curls-conditioner/070130-35520-35521,John Frieda Frizz Ease Dream Curls Conditioner,250ml,£7.00,£2.80/100ml,,"Toiletries, Health & Beauty"
068844,Lemsip Max Cold & Flu Blackcurrant Sachets,G,false,2177,https://ecom-su-static-prod.wtrecom.com/images/products/3/LN_068844_BP_3.jpg,https://www.waitrose.com/ecom/products/lemsip-max-cold-flu-blackcurrant-sachets/068844-34907-34908,Lemsip Max Cold & Flu Blackcurrant Sachets,10s,£6.30,63p each,,"Toiletries, Health & Beauty"
067736,Fybogel Hi-Fibre Orange Sachets for Constipation,G,false,2178,https://ecom-su-static-prod.wtrecom.com/images/products/3/LN_067736_BP_3.jpg,https://www.waitrose.com/ecom/products/fybogel-hi-fibre-orange-sachets-for-constipation/067736-34383-34384,Fybogel Hi-Fibre Orange Sachets for Constipation,10s,£5.50,55p each,,"Toiletries, Health & Beauty"
067291,Lemsip Cold & Flu Lemon Sachets,G,false,2179,https://ecom-su-static-prod.wtrecom.com/images/products/3/LN_067291_BP_3.jpg,https://www.waitrose.com/ecom/products/lemsip-cold-flu-lemon-sachets/067291-34127-34128,Lemsip Cold & Flu Lemon Sachets,10s,£6.30,63p each,,"Toiletries, Health & Beauty"
067181,Bonjela Cool Mint Gel For Mouth Ulcers,G,false,2180,https://ecom-su-static-prod.wtrecom.com/images/products/3/LN_067181_BP_3.jpg,https://www.waitrose.com/ecom/products/bonjela-cool-mint-gel-for-mouth-ulcers/067181-34046-34047,Bonjela Cool Mint Gel For Mouth Ulcers,15g,£6.25,£41.67/100g,,"Toiletries, Health & Beauty"
067161,Seven Seas One-A-Day Cod Liver Oil,G,false,2181,https://ecom-su-static-prod.wtrecom.com/images/products/3/LN_067161_BP_3.jpg,https://www.waitrose.com/ecom/products/seven-seas-one-a-day-cod-liver-oil/067161-34032-34033,Seven Seas One-A-Day Cod Liver Oil,120s,£11.55,9.6p each,,"Toiletries, Health & Beauty"
067106,Phillips' Milk of Magnesia,G,false,2182,https://ecom-su-static-prod.wtrecom.com/images/products/3/LN_067106_BP_3.jpg,https://www.waitrose.com/ecom/products/phillips-milk-of-magnesia/067106-33994-33995,Phillips' Milk of Magnesia,200ml,£6.85,£3.43/100ml,,"Toiletries, Health & Beauty"
067028,Beechams All In One Liquid Cold & Flu,G,false,2183,https://ecom-su-static-prod.wtrecom.com/images/products/3/LN_067028_BP_3.jpg,https://www.waitrose.com/ecom/products/beechams-all-in-one-liquid-cold-flu/067028-33944-33945,Beechams All In One Liquid Cold & Flu,160ml,£5.50,£3.44/100ml,,"Toiletries, Health & Beauty"
066737,L'Oréal Cream Revitalift Day,G,false,2184,https://ecom-su-static-prod.wtrecom.com/images/products/3/LN_066737_BP_3.jpg,https://www.waitrose.com/ecom/products/loreal-cream-revitalift-day/066737-33794-33795,L'Oréal Cream Revitalift Day,50ml,£14.70,£29.40/100ml,,"Toiletries, Health & Beauty"
066224,John Frieda Brilliant Brunette Colour Vibrancy Conditioner,G,false,2185,https://ecom-su-static-prod.wtrecom.com/images/products/3/LN_066224_BP_3.jpg,https://www.waitrose.com/ecom/products/john-frieda-brilliant-brunette-colour-vibrancy-conditioner/066224-33534-33535,John Frieda Brilliant Brunette Colour Vibrancy Conditioner,250ml,£6.00,£2.40/100ml,,"Toiletries, Health & Beauty"
065739,Nicorette Original 4mg Nicotine Gum,G,false,2186,https://ecom-su-static-prod.wtrecom.com/images/products/3/LN_065739_BP_3.jpg,https://www.waitrose.com/ecom/products/nicorette-original-4mg-nicotine-gum/065739-33307-33308,Nicorette Original 4mg Nicotine Gum,105s,£17.85,17p each,,"Toiletries, Health & Beauty"
065299,John Frieda Frizz Ease Dream Curls Shampoo,G,false,2187,https://ecom-su-static-prod.wtrecom.com/images/products/3/LN_065299_BP_3.jpg,https://www.waitrose.com/ecom/products/john-frieda-frizz-ease-dream-curls-shampoo/065299-33095-33096,John Frieda Frizz Ease Dream Curls Shampoo,250ml,£7.00,£2.80/100ml,,"Toiletries, Health & Beauty"
065122,Calpol Six Plus Fastmelts,G,false,2188,https://ecom-su-static-prod.wtrecom.com/images/products/3/LN_065122_BP_3.jpg,https://www.waitrose.com/ecom/products/calpol-six-plus-fastmelts/065122-32998-32999,Calpol Six Plus Fastmelts,12s,£4.85,40.4p each,,"Toiletries, Health & Beauty"
064260,Jointace Omega-3 Capsules,G,false,2189,https://ecom-su-static-prod.wtrecom.com/images/products/3/LN_064260_BP_3.jpg,https://www.waitrose.com/ecom/products/jointace-omega-3-capsules/064260-32614-32615,Jointace Omega-3 Capsules,30s,£12.10,40.3p each,,"Toiletries, Health & Beauty"
062495,Neutrogena T/Gel Shampoo Dry Hair,G,false,2190,https://ecom-su-static-prod.wtrecom.com/images/products/3/LN_062495_BP_3.jpg,https://www.waitrose.com/ecom/products/neutrogena-t-gel-shampoo-dry-hair/062495-31737-31738,Neutrogena T/Gel Shampoo Dry Hair,125ml,£6.30,£5.04/100ml,,"Toiletries, Health & Beauty"
061454,Canesten Thrush Combi,G,false,2191,https://ecom-su-static-prod.wtrecom.com/images/products/3/LN_061454_BP_3.jpg,https://www.waitrose.com/ecom/products/canesten-thrush-combi/061454-31120-31121,Canesten Thrush Combi,Each,£16.70,£16.70 each,,"Toiletries, Health & Beauty"
060731,Pitrok Crystal Deodorant Spray,G,false,2192,https://ecom-su-static-prod.wtrecom.com/images/products/3/LN_060731_BP_3.jpg,https://www.waitrose.com/ecom/products/pitrok-crystal-deodorant-spray/060731-30694-30695,Pitrok Crystal Deodorant Spray,100ml,£5.00,£5/100ml,,"Toiletries, Health & Beauty"
060302,Nivea Men Sensitive Moisturise,G,false,2193,https://ecom-su-static-prod.wtrecom.com/images/products/3/LN_060302_BP_3.jpg,https://www.waitrose.com/ecom/products/nivea-men-sensitive-moisturise/060302-30482-30483,Nivea Men Sensitive Moisturise,75ml,£9.95,£13.27/100ml,,"Toiletries, Health & Beauty"
059421,Aussie Aussome Volume Shampoo,G,false,2194,https://ecom-su-static-prod.wtrecom.com/images/products/3/LN_059421_BP_3.jpg,https://www.waitrose.com/ecom/products/aussie-aussome-volume-shampoo/059421-29947-29948,Aussie Aussome Volume Shampoo,300ml,£4.50,£1.50/100ml,,"Toiletries, Health & Beauty"
057572,Dove Essential Body Lotion,G,true,2195,https://ecom-su-static-prod.wtrecom.com/images/products/3/LN_057572_BP_3.jpg,https://www.waitrose.com/ecom/products/dove-essential-body-lotion/057572-28958-28959,Dove Essential Body Lotion,400ml,£4.06,£1.02/100ml,Save 1/3. Was £6.10,"Toiletries, Health & Beauty"
057511,Piriteze Allergy Syrup Banana Flavour,G,false,2196,https://ecom-su-static-prod.wtrecom.com/images/products/3/LN_057511_BP_3.jpg,https://www.waitrose.com/ecom/products/piriteze-allergy-syrup-banana-flavour/057511-28927-28928,Piriteze Allergy Syrup Banana Flavour,70ml,£6.30,£9/100ml,,"Toiletries, Health & Beauty"
056968,Grazia UK,G,false,2197,https://ecom-su-static-prod.wtrecom.com/images/products/3/LN_056968_BP_3.jpg,https://www.waitrose.com/ecom/products/grazia-uk/056968-28629-28630,Grazia UK,Each,£3.50,,,"Toiletries, Health & Beauty"
056546,Nicorette Fruitfusion 2mg Gum,G,false,2198,https://ecom-su-static-prod.wtrecom.com/images/products/3/LN_056546_BP_3.jpg,https://www.waitrose.com/ecom/products/nicorette-fruitfusion-2mg-gum/056546-28389-28390,Nicorette Fruitfusion 2mg Gum,105s,£17.85,17p each,,"Toiletries, Health & Beauty"
054879,Wilkinson Sword Xtreme3 Ultimate,G,false,2199,https://ecom-su-static-prod.wtrecom.com/images/products/3/LN_054879_BP_3.jpg,https://www.waitrose.com/ecom/products/wilkinson-sword-xtreme3-ultimate/054879-27565-27566,Wilkinson Sword Xtreme3 Ultimate,4s,£6.00,£1.50 each,,"Toiletries, Health & Beauty"
054099,John Frieda Volume Full Hairspray,G,false,2200,https://ecom-su-static-prod.wtrecom.com/images/products/3/LN_054099_BP_3.jpg,https://www.waitrose.com/ecom/products/john-frieda-volume-full-hairspray/054099-27141-27142,John Frieda Volume Full Hairspray,250ml,£7.00,£2.80/100ml,,"Toiletries, Health & Beauty"
052648,VO5 Mega Hold 24-hour Control Styling Gel,G,false,2201,https://ecom-su-static-prod.wtrecom.com/images/products/3/LN_052648_BP_3.jpg,https://www.waitrose.com/ecom/products/vo5-mega-hold-24-hour-control-styling-gel/052648-26243-26244,VO5 Mega Hold 24-hour Control Styling Gel,200ml,£4.45,£2.23/100ml,,"Toiletries, Health & Beauty"
051888,Wellwoman Original Tablets,G,true,2202,https://ecom-su-static-prod.wtrecom.com/images/products/3/LN_051888_BP_3.jpg,https://www.waitrose.com/ecom/products/wellwoman-original-tablets/051888-25828-25829,Wellwoman Original Tablets,30s,£4.40,14.7p each,Save 1/3. Was £6.60,"Toiletries, Health & Beauty"
051416,E45 Itch Relief Cream,G,true,2203,https://ecom-su-static-prod.wtrecom.com/images/products/3/LN_051416_BP_3.jpg,https://www.waitrose.com/ecom/products/e45-itch-relief-cream/051416-25604-25605,E45 Itch Relief Cream,100g,£7.33,£7.33/100g,Save 1/3. Was £11.00,"Toiletries, Health & Beauty"
051100,Sheer Blonde Moisturising Shampoo,G,false,2204,https://ecom-su-static-prod.wtrecom.com/images/products/3/LN_051100_BP_3.jpg,https://www.waitrose.com/ecom/products/sheer-blonde-moisturising-shampoo/051100-25409-25410,Sheer Blonde Moisturising Shampoo,250ml,£6.00,£2.40/100ml,,"Toiletries, Health & Beauty"
050979,Wilkinson Sword Extra 2 For Men,G,false,2205,https://ecom-su-static-prod.wtrecom.com/images/products/3/LN_050979_BP_3.jpg,https://www.waitrose.com/ecom/products/wilkinson-sword-extra-2-for-men/050979-25345-25346,Wilkinson Sword Extra 2 For Men,10s,£3.45,34.5p each,,"Toiletries, Health & Beauty"
049213,Jointace Original Glucosamine,G,false,2206,https://ecom-su-static-prod.wtrecom.com/images/products/3/LN_049213_BP_3.jpg,https://www.waitrose.com/ecom/products/jointace-original-glucosamine/049213-24520-24521,Jointace Original Glucosamine,30s,£12.10,40.3p each,,"Toiletries, Health & Beauty"
048215,A.Vogel Echinaforce Drops,G,false,2207,https://ecom-su-static-prod.wtrecom.com/images/products/3/LN_048215_BP_3.jpg,https://www.waitrose.com/ecom/products/avogel-echinaforce-drops/048215-23905-23906,A.Vogel Echinaforce Drops,100ml,£17.00,£17/100ml,,"Toiletries, Health & Beauty"
047805,Avalon Organics Tea Tree Shampoo,G,false,2208,https://ecom-su-static-prod.wtrecom.com/images/products/3/LN_047805_BP_3.jpg,https://www.waitrose.com/ecom/products/avalon-organics-tea-tree-shampoo/047805-23664-23665,Avalon Organics Tea Tree Shampoo,325ml,£9.95,£3.07/100ml,,"Toiletries, Health & Beauty"
047750,Buscopan IBS Pain Relief Tablets,G,false,2209,https://ecom-su-static-prod.wtrecom.com/images/products/3/LN_047750_BP_3.jpg,https://www.waitrose.com/ecom/products/buscopan-ibs-pain-relief-tablets/047750-23620-23621,Buscopan IBS Pain Relief Tablets,20s,£6.15,30.8p each,,"Toiletries, Health & Beauty"
047037,Lansinoh For HPa Lanolin,G,true,2210,https://ecom-su-static-prod.wtrecom.com/images/products/3/LN_047037_BP_3.jpg,https://www.waitrose.com/ecom/products/lansinoh-for-hpa-lanolin/047037-23234-23235,Lansinoh For HPa Lanolin,40ml,£9.68,£24.20/100ml,20% Off. Was £12.10,"Toiletries, Health & Beauty"
045556,Lil-Lets Super+ Extra Tampons,G,false,2211,https://ecom-su-static-prod.wtrecom.com/images/products/3/LN_045556_BP_3.jpg,https://www.waitrose.com/ecom/products/lil-lets-super-extra-tampons/045556-22462-22463,Lil-Lets Super+ Extra Tampons,14s,£2.40,17.1p each,,"Toiletries, Health & Beauty"
045396,Kent Perfect for Curling Shaping,G,false,2212,https://ecom-su-static-prod.wtrecom.com/images/products/3/LN_045396_BP_3.jpg,https://www.waitrose.com/ecom/products/kent-perfect-for-curling-shaping/045396-22384-22385,Kent Perfect for Curling Shaping,Each,£11.55,£11.55 each,,"Toiletries, Health & Beauty"
044148,Natracare New Mother Maternity Pads,G,false,2213,https://ecom-su-static-prod.wtrecom.com/images/products/3/LN_044148_BP_3.jpg,https://www.waitrose.com/ecom/products/natracare-new-mother-maternity-pads/044148-21749-21750,Natracare New Mother Maternity Pads,10s,£3.00,30p each,,"Toiletries, Health & Beauty"
042037,Alka-Seltzer XS Tablets,G,false,2214,https://ecom-su-static-prod.wtrecom.com/images/products/3/LN_042037_BP_3.jpg,https://www.waitrose.com/ecom/products/alka-seltzer-xs-tablets/042037-20816-20817,Alka-Seltzer XS Tablets,20s,£5.05,25.3p each,,"Toiletries, Health & Beauty"
041349,Cow & Gate 1 First Milk Ready To Feed,G,false,2215,https://ecom-su-static-prod.wtrecom.com/images/products/3/LN_041349_BP_3.jpg,https://www.waitrose.com/ecom/products/cow-gate-1-first-milk-ready-to-feed/041349-20468-20469,Cow & Gate 1 First Milk Ready To Feed,200ml,£1.00,£5/litre,,"Toiletries, Health & Beauty"
041263,L'Oréal Age Perfect Re-Hydrating Night,G,false,2216,https://ecom-su-static-prod.wtrecom.com/images/products/3/LN_041263_BP_3.jpg,https://www.waitrose.com/ecom/products/loreal-age-perfect-re-hydrating-night/041263-20426-20427,L'Oréal Age Perfect Re-Hydrating Night,50ml,£15.00,£30/100ml,,"Toiletries, Health & Beauty"
041135,Nicorette Original 2mg Nicotine Gum,G,false,2217,https://ecom-su-static-prod.wtrecom.com/images/products/3/LN_041135_BP_3.jpg,https://www.waitrose.com/ecom/products/nicorette-original-2mg-nicotine-gum/041135-20336-20337,Nicorette Original 2mg Nicotine Gum,105s,£17.85,17p each,,"Toiletries, Health & Beauty"
039049,Closer,G,false,2218,https://ecom-su-static-prod.wtrecom.com/images/products/3/LN_039049_BP_3.jpg,https://www.waitrose.com/ecom/products/closer/039049-19387-19388,Closer,Each,£2.70,,,"Toiletries, Health & Beauty"
036178,Silvikrin Hairspray Natural Hold,G,false,2219,https://ecom-su-static-prod.wtrecom.com/images/products/3/LN_036178_BP_3.jpg,https://www.waitrose.com/ecom/products/silvikrin-hairspray-natural-hold/036178-18158-18159,Silvikrin Hairspray Natural Hold,400ml,£5.00,£1.25/100ml,,"Toiletries, Health & Beauty"
035386,Simple Kind to Skin Cleansing Lotion,G,true,2220,https://ecom-su-static-prod.wtrecom.com/images/products/3/LN_035386_BP_3.jpg,https://www.waitrose.com/ecom/products/simple-kind-to-skin-cleansing-lotion/035386-17826-17827,Simple Kind to Skin Cleansing Lotion,200ml,£2.46,£1.23/100ml,Save 1/3. Was £3.70,"Toiletries, Health & Beauty"
035358,VO5 Mega Hold 24-hour Frizz Control Spray,G,false,2221,https://ecom-su-static-prod.wtrecom.com/images/products/3/LN_035358_BP_3.jpg,https://www.waitrose.com/ecom/products/vo5-mega-hold-24-hour-frizz-control-spray/035358-17811-17812,VO5 Mega Hold 24-hour Frizz Control Spray,200ml,£4.45,£2.23/100ml,,"Toiletries, Health & Beauty"
035144,Kent Large Oval Cushion Brush,G,false,2222,https://ecom-su-static-prod.wtrecom.com/images/products/3/LN_035144_BP_3.jpg,https://www.waitrose.com/ecom/products/kent-large-oval-cushion-brush/035144-17713-17714,Kent Large Oval Cushion Brush,Each,£12.10,£12.10 each,,"Toiletries, Health & Beauty"
034368,Jointace Collagen Tablets,G,false,2223,https://ecom-su-static-prod.wtrecom.com/images/products/3/LN_034368_BP_3.jpg,https://www.waitrose.com/ecom/products/jointace-collagen-tablets/034368-17241-17242,Jointace Collagen Tablets,30s,£15.25,50.8p each,,"Toiletries, Health & Beauty"
034016,Elnett Normal Hold Hairspray,G,false,2224,https://ecom-su-static-prod.wtrecom.com/images/products/3/LN_034016_BP_3.jpg,https://www.waitrose.com/ecom/products/elnett-normal-hold-hairspray/034016-17031-17032,Elnett Normal Hold Hairspray,75ml,£3.15,£4.20/100ml,,"Toiletries, Health & Beauty"
033798,A.Vogel Echinaforce Tablets,G,false,2225,https://ecom-su-static-prod.wtrecom.com/images/products/3/LN_033798_BP_3.jpg,https://www.waitrose.com/ecom/products/avogel-echinaforce-tablets/033798-16929-16930,A.Vogel Echinaforce Tablets,120s,£11.00,9.2p each,,"Toiletries, Health & Beauty"
033457,Autocar,G,false,2226,https://ecom-su-static-prod.wtrecom.com/images/products/3/LN_033457_BP_3.jpg,https://www.waitrose.com/ecom/products/autocar/033457-16711-16712,Autocar,Each,£4.75,,,"Toiletries, Health & Beauty"
033339,Ideal Home,G,true,2227,https://ecom-su-static-prod.wtrecom.com/images/products/3/LN_033339_BP_3.jpg,https://www.waitrose.com/ecom/products/ideal-home/033339-16589-16590,Ideal Home,Each,£4.99,,Add 2 for £8,"Toiletries, Health & Beauty"
033313,OK,G,false,2228,https://ecom-su-static-prod.wtrecom.com/images/products/3/LN_033313_BP_3.jpg,https://www.waitrose.com/ecom/products/ok/033313-16549-16550,OK,Each,£3.99,,,"Toiletries, Health & Beauty"
033249,The Lady,G,false,2229,https://ecom-su-static-prod.wtrecom.com/images/products/3/LN_033249_BP_3.jpg,https://www.waitrose.com/ecom/products/the-lady/033249-16475-16476,The Lady,Each,£5.75,,,"Toiletries, Health & Beauty"
032765,L'Oréal Kids Shampoo Very Berry & Strawberry,G,false,2230,https://ecom-su-static-prod.wtrecom.com/images/products/3/LN_032765_BP_3.jpg,https://www.waitrose.com/ecom/products/loreal-kids-shampoo-very-berry-strawberry/032765-16025-16026,L'Oréal Kids Shampoo Very Berry & Strawberry,250ml,£2.90,£1.16/100ml,,"Toiletries, Health & Beauty"
032318,Menopace Plus Botanicals,G,true,2231,https://ecom-su-static-prod.wtrecom.com/images/products/3/LN_032318_BP_3.jpg,https://www.waitrose.com/ecom/products/menopace-plus-botanicals/032318-15767-15767,Menopace Plus Botanicals,2x28s,£11.56,20.6p each,Save 1/3. Was £17.35,"Toiletries, Health & Beauty"
031069,Natracare Tampons Super,G,false,2232,https://ecom-su-static-prod.wtrecom.com/images/products/3/LN_031069_BP_3.jpg,https://www.waitrose.com/ecom/products/natracare-tampons-super/031069-15161-15162,Natracare Tampons Super,16s,£3.50,21.9p each,,"Toiletries, Health & Beauty"
030938,Lemsip Max Cold & Flu Capsules,G,false,2233,https://ecom-su-static-prod.wtrecom.com/images/products/3/LN_030938_BP_3.jpg,https://www.waitrose.com/ecom/products/lemsip-max-cold-flu-capsules/030938-15079-15080,Lemsip Max Cold & Flu Capsules,16s,£5.25,32.8p each,,"Toiletries, Health & Beauty"
027940,Avalon Organics Lemon Shampoo,G,false,2234,https://ecom-su-static-prod.wtrecom.com/images/products/3/LN_027940_BP_3.jpg,https://www.waitrose.com/ecom/products/avalon-organics-lemon-shampoo/027940-13599-13600,Avalon Organics Lemon Shampoo,325ml,£9.95,£3.07/100ml,,"Toiletries, Health & Beauty"
027030,Weleda Citrus Deodorant,G,false,2235,https://ecom-su-static-prod.wtrecom.com/images/products/3/LN_027030_BP_3.jpg,https://www.waitrose.com/ecom/products/weleda-citrus-deodorant/027030-13141-13142,Weleda Citrus Deodorant,100ml,£10.20,£10.20/100ml,,"Toiletries, Health & Beauty"
025609,Clearblue Pregnancy Test,G,false,2236,https://ecom-su-static-prod.wtrecom.com/images/products/3/LN_025609_BP_3.jpg,https://www.waitrose.com/ecom/products/clearblue-pregnancy-test/025609-12494-12495,Clearblue Pregnancy Test,2s,£10.70,£5.35 each,,"Toiletries, Health & Beauty"
025173,Benadryl Allergy Children's 6+,G,false,2237,https://ecom-su-static-prod.wtrecom.com/images/products/3/LN_025173_BP_3.jpg,https://www.waitrose.com/ecom/products/benadryl-allergy-childrens-6/025173-12216-12217,Benadryl Allergy Children's 6+,70ml,£6.30,£9/100ml,,"Toiletries, Health & Beauty"
025103,Gaviscon Double Action Mint Indigestion Liquid,G,false,2238,https://ecom-su-static-prod.wtrecom.com/images/products/3/LN_025103_BP_3.jpg,https://www.waitrose.com/ecom/products/gaviscon-double-action-mint-indigestion-liquid/025103-12164-12165,Gaviscon Double Action Mint Indigestion Liquid,300ml,£11.55,£3.85/100ml,,"Toiletries, Health & Beauty"
023794,Nurofen 342mg Migraine Pain Relief Caplets,G,false,2239,https://ecom-su-static-prod.wtrecom.com/images/products/3/LN_023794_BP_3.jpg,https://www.waitrose.com/ecom/products/nurofen-342mg-migraine-pain-relief-caplets/023794-11542-11543,Nurofen 342mg Migraine Pain Relief Caplets,12s,£4.00,33.3p each,,"Toiletries, Health & Beauty"
022395,Denman Paddle Brush,G,false,2240,https://ecom-su-static-prod.wtrecom.com/images/products/3/LN_022395_BP_3.jpg,https://www.waitrose.com/ecom/products/denman-paddle-brush/022395-10910-10911,Denman Paddle Brush,Each,£12.00,£12 each,,"Toiletries, Health & Beauty"
021532,Zovirax Cold Sore Cream Tube,G,false,2241,https://ecom-su-static-prod.wtrecom.com/images/products/3/LN_021532_BP_3.jpg,https://www.waitrose.com/ecom/products/zovirax-cold-sore-cream-tube/021532-10520-10521,Zovirax Cold Sore Cream Tube,2g,£6.50,£325/100g,,"Toiletries, Health & Beauty"
020020,Bach Rescue Remedy Spray,G,false,2242,https://ecom-su-static-prod.wtrecom.com/images/products/3/LN_020020_BP_3.jpg,https://www.waitrose.com/ecom/products/bach-rescue-remedy-spray/020020-9749-9750,Bach Rescue Remedy Spray,20ml,£13.00,£65/100ml,,"Toiletries, Health & Beauty"
018931,VO5 Styling Long-Lasting Hold Wax,G,false,2243,https://ecom-su-static-prod.wtrecom.com/images/products/3/LN_018931_BP_3.jpg,https://www.waitrose.com/ecom/products/vo5-styling-long-lasting-hold-wax/018931-9143-9144,VO5 Styling Long-Lasting Hold Wax,75ml,£4.45,£5.94/100ml,,"Toiletries, Health & Beauty"
018617,Neal's Yard Geranium & Orange Bath Oil,G,false,2244,https://ecom-su-static-prod.wtrecom.com/images/products/3/LN_018617_BP_3.jpg,https://www.waitrose.com/ecom/products/neals-yard-geranium-orange-bath-oil/018617-8997-8998,Neal's Yard Geranium & Orange Bath Oil,100ml,£22.00,£22/100ml,,"Toiletries, Health & Beauty"
018502,Wellman Original Tablets,G,false,2245,https://ecom-su-static-prod.wtrecom.com/images/products/3/LN_018502_BP_3.jpg,https://www.waitrose.com/ecom/products/wellman-original-tablets/018502-8943-8944,Wellman Original Tablets,30s,£6.60,22p each,,"Toiletries, Health & Beauty"
018395,VO5 Texturising Extra Firm Hold Gum,G,false,2246,https://ecom-su-static-prod.wtrecom.com/images/products/3/LN_018395_BP_3.jpg,https://www.waitrose.com/ecom/products/vo5-texturising-extra-firm-hold-gum/018395-8906-8907,VO5 Texturising Extra Firm Hold Gum,75ml,£4.45,£5.94/100ml,,"Toiletries, Health & Beauty"
017091,Alka-Seltzer Original Effervescent Tablets,G,false,2247,https://ecom-su-static-prod.wtrecom.com/images/products/3/LN_017091_BP_3.jpg,https://www.waitrose.com/ecom/products/alka-seltzer-original-effervescent-tablets/017091-8243-8244,Alka-Seltzer Original Effervescent Tablets,20Each,£4.85,24.3p each,,"Toiletries, Health & Beauty"
016975,Nicorette Microtab 2mg Tablets,G,false,2248,https://ecom-su-static-prod.wtrecom.com/images/products/3/LN_016975_BP_3.jpg,https://www.waitrose.com/ecom/products/nicorette-microtab-2mg-tablets/016975-8197-8198,Nicorette Microtab 2mg Tablets,100s,£21.00,21p each,,"Toiletries, Health & Beauty"
015970,Bionsen 24 Hours Mineral Protective Deodorant,G,false,2249,https://ecom-su-static-prod.wtrecom.com/images/products/3/LN_015970_BP_3.jpg,https://www.waitrose.com/ecom/products/bionsen-24-hours-mineral-protective-deodorant/015970-7634-7635,Bionsen 24 Hours Mineral Protective Deodorant,150ml,£4.00,£2.67/100ml,,"Toiletries, Health & Beauty"
013841,Niquitin Clear Step 2 Patches,G,false,2250,https://ecom-su-static-prod.wtrecom.com/images/products/3/LN_013841_BP_3.jpg,https://www.waitrose.com/ecom/products/niquitin-clear-step-2-patches/013841-6709-6710,Niquitin Clear Step 2 Patches,7s,£14.70,£2.10 each,,"Toiletries, Health & Beauty"
011529,Deep Heat Heat Patch,G,false,2251,https://ecom-su-static-prod.wtrecom.com/images/products/3/LN_011529_BP_3.jpg,https://www.waitrose.com/ecom/products/deep-heat-heat-patch/011529-5720-5721,Deep Heat Heat Patch,4s,£6.85,£1.72 each,,"Toiletries, Health & Beauty"
010309,Nytol Herbal Tablets,G,false,2252,https://ecom-su-static-prod.wtrecom.com/images/products/3/LN_010309_BP_3.jpg,https://www.waitrose.com/ecom/products/nytol-herbal-tablets/010309-5138-5139,Nytol Herbal Tablets,30s,£6.30,21p each,,"Toiletries, Health & Beauty"
004664,Benadryl Allergy Relief Acrivastine,G,false,2253,https://ecom-su-static-prod.wtrecom.com/images/products/3/LN_004664_BP_3.jpg,https://www.waitrose.com/ecom/products/benadryl-allergy-relief-acrivastine/004664-1995-1996,Benadryl Allergy Relief Acrivastine,12s,£6.00,50p each,,"Toiletries, Health & Beauty"
003926,Seven Seas Cod Liver Oil Maximum Strength,G,false,2254,https://ecom-su-static-prod.wtrecom.com/images/products/3/LN_003926_BP_3.jpg,https://www.waitrose.com/ecom/products/seven-seas-cod-liver-oil-maximum-strength/003926-1597-1598,Seven Seas Cod Liver Oil Maximum Strength,60s,£11.55,19.3p each,,"Toiletries, Health & Beauty"
003079,Weleda Calendula Nappy Change Cream,G,false,2255,https://ecom-su-static-prod.wtrecom.com/images/products/3/LN_003079_BP_3.jpg,https://www.waitrose.com/ecom/products/weleda-calendula-nappy-change-cream/003079-1138-1139,Weleda Calendula Nappy Change Cream,75ml,£7.90,£10.54/100ml,,"Toiletries, Health & Beauty"
002488,Huggies Little Swimmers Size 5-6 Swim nappies,G,true,2256,https://ecom-su-static-prod.wtrecom.com/images/products/3/LN_002488_BP_3.jpg,https://www.waitrose.com/ecom/products/huggies-little-swimmers-size-5-6-swim-nappies/002488-826-827,Huggies Little Swimmers Size 5-6 Swim nappies,11s,£4.50,40.9p each,save £1.00. Was £5.50,"Toiletries, Health & Beauty"
001872,Flexitol Heel Balm,G,false,2257,https://ecom-su-static-prod.wtrecom.com/images/products/3/LN_001872_BP_3.jpg,https://www.waitrose.com/ecom/products/flexitol-heel-balm/001872-448-449,Flexitol Heel Balm,56g,£6.15,£10.99/100g,,"Toiletries, Health & Beauty"
001231,Gillette Venus Smooth Blades,G,false,2258,https://ecom-su-static-prod.wtrecom.com/images/products/3/LN_001231_BP_3.jpg,https://www.waitrose.com/ecom/products/gillette-venus-smooth-blades/001231-166-167,Gillette Venus Smooth Blades,4s,£9.45,£2.37 each,,"Toiletries, Health & Beauty"
