data-product-id,data-product-name,data-product-type,data-product-on-offer,data-product-index,image-url,product-page,product-name,product-size,item-price,price-per-unit,offer-description,category
571194,No.1 Matice Melon,G,true,923,https://ecom-su-static-prod.wtrecom.com/images/products/3/LN_571194_BP_3.jpg,https://www.waitrose.com/ecom/products/no1-matice-melon/571194-601706-601707,No.1 Matice Melon,Each,£3.16,£3.16 each,20% Off. Was £3.95,Waitrose Brands
652224,Waitrose Blush Pears,G,false,460,https://ecom-su-static-prod.wtrecom.com/images/products/3/LN_652224_BP_3.jpg,https://www.waitrose.com/ecom/products/waitrose-blush-pears/652224-459790-459791,Waitrose Blush Pears,4s,£2.25,56.3p each,,Waitrose Brands
848547,No.1 2 MSC Yellowfin Tuna Steaks,G,false,208,https://ecom-su-static-prod.wtrecom.com/images/products/3/LN_848547_BP_3.jpg,https://www.waitrose.com/ecom/products/no1-2-msc-yellowfin-tuna-steaks/848547-755097-755098,No.1 2 MSC Yellowfin Tuna Steaks,240g,£9.95,£41.46/kg,,Waitrose Brands
088903,Essential Fairtrade Bananas,G,false,4,https://ecom-su-static-prod.wtrecom.com/images/products/3/LN_088903_BP_3.jpg,https://www.waitrose.com/ecom/products/essential-fairtrade-bananas/088903-45703-45704,Essential Fairtrade Bananas,Typical weight 0.18kg,20p each est.,£1.10/kg,,Waitrose Brands
053457,Essential British Free Range Semi-Skimmed Milk 4 Pints,G,false,5,https://ecom-su-static-prod.wtrecom.com/images/products/3/LN_053457_BP_3.jpg,https://www.waitrose.com/ecom/products/essential-british-free-range-semi-skimmed-milk-4-pints/053457-26759-26760,Essential British Free Range Semi-Skimmed Milk 4 Pints,2.272litre,£1.55,68.2p/litre,,Waitrose Brands
086468,Essential Cucumber,G,false,6,https://ecom-su-static-prod.wtrecom.com/images/products/3/LN_086468_BP_3.jpg,https://www.waitrose.com/ecom/products/essential-cucumber/086468-44158-44159,Essential Cucumber,Each,95p,95p each,,Waitrose Brands
086412,Essential Red Peppers,G,false,7,https://ecom-su-static-prod.wtrecom.com/images/products/3/LN_086412_BP_3.jpg,https://www.waitrose.com/ecom/products/essential-red-peppers/086412-44120-44121,Essential Red Peppers,Typical weight 0.16kg,60p each est.,£3.75/kg,,Waitrose Brands
088528,Essential Fairtrade Bananas,G,false,8,https://ecom-su-static-prod.wtrecom.com/images/products/3/LN_088528_BP_3.jpg,https://www.waitrose.com/ecom/products/essential-fairtrade-bananas/088528-45453-45454,Essential Fairtrade Bananas,5s,95p,19p each,,Waitrose Brands
053448,Essential British Free Range Semi-Skimmed Milk 2 Pints,G,false,9,https://ecom-su-static-prod.wtrecom.com/images/products/3/LN_053448_BP_3.jpg,https://www.waitrose.com/ecom/products/essential-british-free-range-semi-skimmed-milk-2-pints/053448-26749-26750,Essential British Free Range Semi-Skimmed Milk 2 Pints,1.136litre,£1.25,£1.11/litre,,Waitrose Brands
085125,Essential Carrots,G,false,10,https://ecom-su-static-prod.wtrecom.com/images/products/3/LN_085125_BP_3.jpg,https://www.waitrose.com/ecom/products/essential-carrots/085125-43221-43222,Essential Carrots,Typical weight 0.14kg,10p each est.,70p/kg,,Waitrose Brands
085115,Essential Onions,G,false,11,https://ecom-su-static-prod.wtrecom.com/images/products/3/LN_085115_BP_3.jpg,https://www.waitrose.com/ecom/products/essential-onions/085115-43203-43204,Essential Onions,Typical weight 0.15kg,15p each est.,£1/kg,,Waitrose Brands
088411,Essential Lemons,G,false,12,https://ecom-su-static-prod.wtrecom.com/images/products/3/LN_088411_BP_3.jpg,https://www.waitrose.com/ecom/products/essential-lemons/088411-45361-45362,Essential Lemons,Each,35p,35p each,,Waitrose Brands
085242,Essential Broccoli,G,false,13,https://ecom-su-static-prod.wtrecom.com/images/products/3/LN_085242_BP_3.jpg,https://www.waitrose.com/ecom/products/essential-broccoli/085242-43323-43324,Essential Broccoli,Typical weight 0.4kg,£1.00 each est.,£2.50/kg,,Waitrose Brands
086453,Essential Bunched Salad Onions,G,false,14,https://ecom-su-static-prod.wtrecom.com/images/products/3/LN_086453_BP_3.jpg,https://www.waitrose.com/ecom/products/essential-bunched-salad-onions/086453-44148-44149,Essential Bunched Salad Onions,Each,65p,65p each,,Waitrose Brands
085111,Essential Red Onions,G,false,15,https://ecom-su-static-prod.wtrecom.com/images/products/3/LN_085111_BP_3.jpg,https://www.waitrose.com/ecom/products/essential-red-onions/085111-43197-43198,Essential Red Onions,Typical weight 0.17kg,17p each est.,£1/kg,,Waitrose Brands
085127,Essential Carrots,G,false,16,https://ecom-su-static-prod.wtrecom.com/images/products/3/LN_085127_BP_3.jpg,https://www.waitrose.com/ecom/products/essential-carrots/085127-415835-43225,Essential Carrots,1kg,70p,70p/kg,,Waitrose Brands
086430,Essential Little Gem Lettuce,G,false,17,https://ecom-su-static-prod.wtrecom.com/images/products/3/LN_086430_BP_3.jpg,https://www.waitrose.com/ecom/products/essential-little-gem-lettuce/086430-44132-44133,Essential Little Gem Lettuce,2s,90p,45p each,,Waitrose Brands
856706,Essential Free Range White Eggs,G,false,18,https://ecom-su-static-prod.wtrecom.com/images/products/3/LN_856706_BP_3.jpg,https://www.waitrose.com/ecom/products/essential-free-range-white-eggs/856706-653765-653766,Essential Free Range White Eggs,6s,£1.30,21.7p each,,Waitrose Brands
085437,Essential Courgettes,G,false,19,https://ecom-su-static-prod.wtrecom.com/images/products/3/LN_085437_BP_3.jpg,https://www.waitrose.com/ecom/products/essential-courgettes/085437-43488-43489,Essential Courgettes,Typical weight 0.21kg,63p each est.,£3.00/kg,,Waitrose Brands
878309,Waitrose Red Seedless Grapes,G,true,20,https://ecom-su-static-prod.wtrecom.com/images/products/3/LN_878309_BP_3.jpg,https://www.waitrose.com/ecom/products/waitrose-red-seedless-grapes/878309-786006-786007,Waitrose Red Seedless Grapes,500g,£2.25,£4.50/kg,Add 2 for £4,Waitrose Brands
043101,Essential Salted Butter,G,false,21,https://ecom-su-static-prod.wtrecom.com/images/products/3/LN_043101_BP_3.jpg,https://www.waitrose.com/ecom/products/essential-salted-butter/043101-21272-21273,Essential Salted Butter,250g,£1.75,£7/kg,,Waitrose Brands
019062,Essential Baked Beans in Tomato Sauce,G,true,22,https://ecom-su-static-prod.wtrecom.com/images/products/3/LN_019062_BP_3.jpg,https://www.waitrose.com/ecom/products/essential-baked-beans-in-tomato-sauce/019062-9205-9206,Essential Baked Beans in Tomato Sauce,420g,55p,£1.31/kg,Add 4 for £1.90,Waitrose Brands
088460,Cooks' Ingredients Unwaxed Lemons,G,false,23,https://ecom-su-static-prod.wtrecom.com/images/products/3/LN_088460_BP_3.jpg,https://www.waitrose.com/ecom/products/cooks-ingredients-unwaxed-lemons/088460-45401-45402,Cooks' Ingredients Unwaxed Lemons,4s,£1.70,42.5p each,,Waitrose Brands
086143,086143 - Cooks' Ingredients Garlic,G,false,24,https://ecom-su-static-prod.wtrecom.com/images/products/3/LN_086143_BP_3.jpg,https://www.waitrose.com/ecom/products/086143-cooks-ingredients-garlic/086143-43987-43988,086143 - Cooks' Ingredients Garlic,Each,60p,60p each,,Waitrose Brands
517737,Essential Sweet Potatoes,G,false,25,https://ecom-su-static-prod.wtrecom.com/images/products/3/LN_517737_BP_3.jpg,https://www.waitrose.com/ecom/products/essential-sweet-potatoes/517737-349824-349825,Essential Sweet Potatoes,Typical weight 294g,38p each est.,13p/100g,,Waitrose Brands
085024,Essential Large Potatoes,G,false,26,https://ecom-su-static-prod.wtrecom.com/images/products/3/LN_085024_BP_3.jpg,https://www.waitrose.com/ecom/products/essential-large-potatoes/085024-43126-43127,Essential Large Potatoes,4s,80p,20p each,,Waitrose Brands
053404,Essential British Free Range Whole Milk 4 Pints,G,false,27,https://ecom-su-static-prod.wtrecom.com/images/products/3/LN_053404_BP_3.jpg,https://www.waitrose.com/ecom/products/essential-british-free-range-whole-milk-4-pints/053404-26711-26712,Essential British Free Range Whole Milk 4 Pints,2.272litre,£1.55,68.2p/litre,,Waitrose Brands
761298,Waitrose Green Seedless Grapes,G,true,28,https://ecom-su-static-prod.wtrecom.com/images/products/3/LN_761298_BP_3.jpg,https://www.waitrose.com/ecom/products/waitrose-green-seedless-grapes/761298-785984-785985,Waitrose Green Seedless Grapes,500g,£2.25,£4.50/kg,Add 2 for £4,Waitrose Brands
088036,Essential Blueberries,G,false,29,https://ecom-su-static-prod.wtrecom.com/images/products/3/LN_088036_BP_3.jpg,https://www.waitrose.com/ecom/products/essential-blueberries/088036-45014-45015,Essential Blueberries,150g,£2.00,£13.34/kg,,Waitrose Brands
862346,Waitrose Yellow Flesh Nectarines,G,true,30,https://ecom-su-static-prod.wtrecom.com/images/products/3/LN_862346_BP_3.jpg,https://www.waitrose.com/ecom/products/waitrose-yellow-flesh-nectarines/862346-498293-498294,Waitrose Yellow Flesh Nectarines,4s,£3.00,75p each,Add 2 for £4,Waitrose Brands
085005,Essential Large White Potatoes,G,false,31,https://ecom-su-static-prod.wtrecom.com/images/products/3/LN_085005_BP_3.jpg,https://www.waitrose.com/ecom/products/essential-large-white-potatoes/085005-43095-43096,Essential Large White Potatoes,Typical weight 0.28kg,24p each est.,87p/kg,,Waitrose Brands
085489,Essential Aubergines,G,false,32,https://ecom-su-static-prod.wtrecom.com/images/products/3/LN_085489_BP_3.jpg,https://www.waitrose.com/ecom/products/essential-aubergines/085489-43562-43563,Essential Aubergines,Each,£1.00,£1 each,,Waitrose Brands
890609,Essential Raspberries,G,false,33,https://ecom-su-static-prod.wtrecom.com/images/products/3/LN_890609_BP_3.jpg,https://www.waitrose.com/ecom/products/essential-raspberries/890609-151436-151437,Essential Raspberries,150g,£2.00,£13.34/kg,,Waitrose Brands
088973,Duchy Organic Blueberries,G,false,34,https://ecom-su-static-prod.wtrecom.com/images/products/3/LN_088973_BP_3.jpg,https://www.waitrose.com/ecom/products/duchy-organic-blueberries/088973-45748-45749,Duchy Organic Blueberries,125g,£2.50,£20/kg,,Waitrose Brands
085247,Essential Cauliflower,G,false,35,https://ecom-su-static-prod.wtrecom.com/images/products/3/LN_085247_BP_3.jpg,https://www.waitrose.com/ecom/products/essential-cauliflower/085247-43327-43328,Essential Cauliflower,Each,£1.20,£1.20 each,,Waitrose Brands
085201,Essential Leeks,G,false,36,https://ecom-su-static-prod.wtrecom.com/images/products/3/LN_085201_BP_3.jpg,https://www.waitrose.com/ecom/products/essential-leeks/085201-43266-43267,Essential Leeks,Typical weight 0.21kg,57p each est.,£2.75/kg,,Waitrose Brands
085513,Duchy Organic Carrots,G,false,37,https://ecom-su-static-prod.wtrecom.com/images/products/3/LN_085513_BP_3.jpg,https://www.waitrose.com/ecom/products/duchy-organic-carrots/085513-43592-43593,Duchy Organic Carrots,650g,£1.40,£2.16/kg,,Waitrose Brands
086533,Essential Cherry Tomatoes,G,false,38,https://ecom-su-static-prod.wtrecom.com/images/products/3/LN_086533_BP_3.jpg,https://www.waitrose.com/ecom/products/essential-cherry-tomatoes/086533-44216-44217,Essential Cherry Tomatoes,500g,£1.45,£2.90/kg,,Waitrose Brands
088461,Essential Limes,G,false,39,https://ecom-su-static-prod.wtrecom.com/images/products/3/LN_088461_BP_3.jpg,https://www.waitrose.com/ecom/products/essential-limes/088461-45403-45404,Essential Limes,Each,30p,30p each,,Waitrose Brands
085704,Essential Cup Mushrooms,G,false,40,https://ecom-su-static-prod.wtrecom.com/images/products/3/LN_085704_BP_3.jpg,https://www.waitrose.com/ecom/products/essential-cup-mushrooms/085704-43729-43729,Essential Cup Mushrooms,300g,£1.00,£3.34/kg,,Waitrose Brands
086515,Essential Tomatoes,G,false,41,https://ecom-su-static-prod.wtrecom.com/images/products/3/LN_086515_BP_3.jpg,https://www.waitrose.com/ecom/products/essential-tomatoes/086515-44198-44199,Essential Tomatoes,6s,£1.00,16.7p each,,Waitrose Brands
565210,Essential Natural Greek Style Yogurt,G,false,42,https://ecom-su-static-prod.wtrecom.com/images/products/3/LN_565210_BP_3.jpg,https://www.waitrose.com/ecom/products/essential-natural-greek-style-yogurt/565210-80062-80063,Essential Natural Greek Style Yogurt,500g,£1.10,22p/100g,,Waitrose Brands
002912,Essential Double Cream,G,false,43,https://ecom-su-static-prod.wtrecom.com/images/products/3/LN_002912_BP_3.jpg,https://www.waitrose.com/ecom/products/essential-double-cream/002912-421421-1060,Essential Double Cream,300ml,£1.25,41.7p/100ml,,Waitrose Brands
028863,Essential White Ultra Soft Bathroom Tissue,G,false,44,https://ecom-su-static-prod.wtrecom.com/images/products/3/LN_028863_BP_3.jpg,https://www.waitrose.com/ecom/products/essential-white-ultra-soft-bathroom-tissue/028863-14063-14064,Essential White Ultra Soft Bathroom Tissue,9x190 sheets,£4.00,23.4p/100 sheets,,Waitrose Brands
088937,Duchy Organic Fairtrade Bananas,G,false,45,https://ecom-su-static-prod.wtrecom.com/images/products/3/LN_088937_BP_3.jpg,https://www.waitrose.com/ecom/products/duchy-organic-fairtrade-bananas/088937-45726-45727,Duchy Organic Fairtrade Bananas,6s,£1.95,32.5p each,,Waitrose Brands
085035,Essential Loose Baby Potatoes,G,false,46,https://ecom-su-static-prod.wtrecom.com/images/products/3/LN_085035_BP_3.jpg,https://www.waitrose.com/ecom/products/essential-loose-baby-potatoes/085035-43141-43142,Essential Loose Baby Potatoes,Typical weight 0.06kg,8p each est.,£1.30/kg,,Waitrose Brands
086445,Essential Green Celery,G,false,47,https://ecom-su-static-prod.wtrecom.com/images/products/3/LN_086445_BP_3.jpg,https://www.waitrose.com/ecom/products/essential-green-celery/086445-44146-44147,Essential Green Celery,Each,80p,80p each,,Waitrose Brands
486988,Essential Chicken Breast Fillets,G,false,48,https://ecom-su-static-prod.wtrecom.com/images/products/3/LN_486988_BP_3.jpg,https://www.waitrose.com/ecom/products/essential-chicken-breast-fillets/486988-707752-707753,Essential Chicken Breast Fillets,600g,£4.75,£7.92/kg,,Waitrose Brands
053446,Essential British Free Range Skimmed Milk 2 Pints,G,false,49,https://ecom-su-static-prod.wtrecom.com/images/products/3/LN_053446_BP_3.jpg,https://www.waitrose.com/ecom/products/essential-british-free-range-skimmed-milk-2-pints/053446-26745-26746,Essential British Free Range Skimmed Milk 2 Pints,1.136litre,£1.25,£1.11/litre,,Waitrose Brands
564598,Duchy Organic Salad Cucumber,G,false,50,https://ecom-su-static-prod.wtrecom.com/images/products/3/LN_564598_BP_3.jpg,https://www.waitrose.com/ecom/products/duchy-organic-salad-cucumber/564598-79966-79967,Duchy Organic Salad Cucumber,each,£1.40,£1.40 each,,Waitrose Brands
058459,Essential Still Natural Mineral Water,G,false,51,https://ecom-su-static-prod.wtrecom.com/images/products/3/LN_058459_BP_3.jpg,https://www.waitrose.com/ecom/products/essential-still-natural-mineral-water/058459-29415-29416,Essential Still Natural Mineral Water,4x2litre,£1.85,2.3p/100ml,,Waitrose Brands
086434,Essential Iceberg Lettuce,G,false,52,https://ecom-su-static-prod.wtrecom.com/images/products/3/LN_086434_BP_3.jpg,https://www.waitrose.com/ecom/products/essential-iceberg-lettuce/086434-44134-44135,Essential Iceberg Lettuce,Each,90p,90p each,,Waitrose Brands
873282,Essential Oval Paracetamol Tablets,G,false,53,https://ecom-su-static-prod.wtrecom.com/images/products/3/LN_873282_BP_3.jpg,https://www.waitrose.com/ecom/products/essential-oval-paracetamol-tablets/873282-311482-311483,Essential Oval Paracetamol Tablets,16s,60p,3.8p each,,Waitrose Brands
088416,Essential Easy Peelers,G,false,54,https://ecom-su-static-prod.wtrecom.com/images/products/3/LN_088416_BP_3.jpg,https://www.waitrose.com/ecom/products/essential-easy-peelers/088416-45367-45368,Essential Easy Peelers,600g,£1.50,£2.50/kg,,Waitrose Brands
437574,No.1 Speciality British Strawberries,G,true,55,https://ecom-su-static-prod.wtrecom.com/images/products/3/LN_437574_BP_3.jpg,https://www.waitrose.com/ecom/products/no1-speciality-british-strawberries/437574-61584-61585,No.1 Speciality British Strawberries,365g,£4.00,£10.96/kg,Add 2 for £6,Waitrose Brands
053447,Essential British Free Range Semi-Skimmed Milk 1 Pint,G,false,56,https://ecom-su-static-prod.wtrecom.com/images/products/3/LN_053447_BP_3.jpg,https://www.waitrose.com/ecom/products/essential-british-free-range-semi-skimmed-milk-1-pint/053447-26747-26748,Essential British Free Range Semi-Skimmed Milk 1 Pint,568ml,95p,£1.68/litre,,Waitrose Brands
022482,Essential Thick Bleach Citrus,G,false,57,https://ecom-su-static-prod.wtrecom.com/images/products/3/LN_022482_BP_3.jpg,https://www.waitrose.com/ecom/products/essential-thick-bleach-citrus/022482-10960-10961,Essential Thick Bleach Citrus,750ml,75p,£1/litre,,Waitrose Brands
086458,Essential Radish,G,false,58,https://ecom-su-static-prod.wtrecom.com/images/products/3/LN_086458_BP_3.jpg,https://www.waitrose.com/ecom/products/essential-radish/086458-44154-44155,Essential Radish,200g,65p,£3.25/kg,,Waitrose Brands
477602,Duchy Organic Broccoli,G,false,59,https://ecom-su-static-prod.wtrecom.com/images/products/3/LN_477602_BP_3.jpg,https://www.waitrose.com/ecom/products/duchy-organic-broccoli/477602-428563-67380,Duchy Organic Broccoli,350g,£1.50,£4.29/kg,,Waitrose Brands
053924,Duchy Organic Homogenised Semi-Skimmed Milk 4 pints,G,false,60,https://ecom-su-static-prod.wtrecom.com/images/products/3/LN_053924_BP_3.jpg,https://www.waitrose.com/ecom/products/duchy-organic-homogenised-semi-skimmed-milk-4-pints/053924-27034-27035,Duchy Organic Homogenised Semi-Skimmed Milk 4 pints,2.272litre,£2.25,99p/litre,,Waitrose Brands
690849,Essential Chicken Breast Fillets 2,G,true,61,https://ecom-su-static-prod.wtrecom.com/images/products/3/LN_690849_BP_3.jpg,https://www.waitrose.com/ecom/products/essential-chicken-breast-fillets-2/690849-260860-260861,Essential Chicken Breast Fillets 2,380g,£4.40,£11.58/kg,Add 3 for £12,Waitrose Brands
507172,Essential Ready to Eat Avocado,G,true,62,https://ecom-su-static-prod.wtrecom.com/images/products/3/LN_507172_BP_3.jpg,https://www.waitrose.com/ecom/products/essential-ready-to-eat-avocado/507172-802462-802463,Essential Ready to Eat Avocado,Each,64p,64p each,20% Off. Was 80p,Waitrose Brands
088701,Essential Loose Conference Pears,G,false,63,https://ecom-su-static-prod.wtrecom.com/images/products/3/LN_088701_BP_3.jpg,https://www.waitrose.com/ecom/products/essential-loose-conference-pears/088701-45579-45580,Essential Loose Conference Pears,Typical weight 0.2kg,48p each est.,£2.40/kg,,Waitrose Brands
053444,Essential British Free Range Skimmed Milk 4 Pints,G,false,64,https://ecom-su-static-prod.wtrecom.com/images/products/3/LN_053444_BP_3.jpg,https://www.waitrose.com/ecom/products/essential-british-free-range-skimmed-milk-4-pints/053444-26741-26742,Essential British Free Range Skimmed Milk 4 Pints,2.272litre,£1.55,68.2p/litre,,Waitrose Brands
879894,essential Waitrose Soft White Tissues,G,false,65,https://ecom-su-static-prod.wtrecom.com/images/products/3/LN_879894_BP_3.jpg,https://www.waitrose.com/ecom/products/essential-waitrose-soft-white-tissues/879894-287831-287832,essential Waitrose Soft White Tissues,96 sheets,£1.40,14.6p/10 sheets,,Waitrose Brands
086413,Essential Yellow Peppers,G,false,66,https://ecom-su-static-prod.wtrecom.com/images/products/3/LN_086413_BP_3.jpg,https://www.waitrose.com/ecom/products/essential-yellow-peppers/086413-44122-44123,Essential Yellow Peppers,Typical weight 0.16kg,60p each est.,£3.75/kg,,Waitrose Brands
749960,Essential Greek Feta Cheese Strength 3,G,false,67,https://ecom-su-static-prod.wtrecom.com/images/products/3/LN_749960_BP_3.jpg,https://www.waitrose.com/ecom/products/essential-greek-feta-cheese-strength-3/749960-129790-129791,Essential Greek Feta Cheese Strength 3,200g,£2.15,£10.75/kg,,Waitrose Brands
086150,Cooks' Ingredients Root Ginger,G,false,68,https://ecom-su-static-prod.wtrecom.com/images/products/3/LN_086150_BP_3.jpg,https://www.waitrose.com/ecom/products/cooks-ingredients-root-ginger/086150-43995-43996,Cooks' Ingredients Root Ginger,,£6.20,per kg,,Waitrose Brands
086144,Cooks' Ingredients Garlic,G,false,69,https://ecom-su-static-prod.wtrecom.com/images/products/3/LN_086144_BP_3.jpg,https://www.waitrose.com/ecom/products/cooks-ingredients-garlic/086144-43989-43990,Cooks' Ingredients Garlic,3s,80p,26.7p each,,Waitrose Brands
492694,Waitrose White Flesh Nectarines,G,true,70,https://ecom-su-static-prod.wtrecom.com/images/products/3/LN_492694_BP_3.jpg,https://www.waitrose.com/ecom/products/waitrose-white-flesh-nectarines/492694-601664-601665,Waitrose White Flesh Nectarines,4s,£3.00,75p each,Add 2 for £4,Waitrose Brands
493820,Essential 8 Large Tortilla Wraps,G,false,71,https://ecom-su-static-prod.wtrecom.com/images/products/3/LN_493820_BP_3.jpg,https://www.waitrose.com/ecom/products/essential-8-large-tortilla-wraps/493820-255817-255818,Essential 8 Large Tortilla Wraps,8s,£1.30,16.3p each,,Waitrose Brands
086469,Essential Large Cucumber,G,false,72,https://ecom-su-static-prod.wtrecom.com/images/products/3/LN_086469_BP_3.jpg,https://www.waitrose.com/ecom/products/essential-large-cucumber/086469-44160-44161,Essential Large Cucumber,Each,£1.10,£1.10 each,,Waitrose Brands
088458,Essential Limes,G,true,73,https://ecom-su-static-prod.wtrecom.com/images/products/3/LN_088458_BP_3.jpg,https://www.waitrose.com/ecom/products/essential-limes/088458-45397-45398,Essential Limes,6s,£1.50,25p each,Add 2 for £2.50,Waitrose Brands
376067,Essential Frozen Blueberries,G,false,74,https://ecom-su-static-prod.wtrecom.com/images/products/3/LN_376067_BP_3.jpg,https://www.waitrose.com/ecom/products/essential-frozen-blueberries/376067-52962-52963,Essential Frozen Blueberries,400g,£2.35,58.8p/100g,,Waitrose Brands
073892,Essential Chopped Tomatoes in Natural Juice,G,false,75,https://ecom-su-static-prod.wtrecom.com/images/products/3/LN_073892_BP_3.jpg,https://www.waitrose.com/ecom/products/essential-chopped-tomatoes-in-natural-juice/073892-37497-37497,Essential Chopped Tomatoes in Natural Juice,4x400g,£2.20,£1.38/kg,,Waitrose Brands
086103,Cooks' Ingredients Aromatic Coriander,G,false,76,https://ecom-su-static-prod.wtrecom.com/images/products/3/LN_086103_BP_3.jpg,https://www.waitrose.com/ecom/products/cooks-ingredients-aromatic-coriander/086103-43925-43926,Cooks' Ingredients Aromatic Coriander,25g,80p,32p/10g,,Waitrose Brands
058455,Essential Carbonated Natural Mineral Water,G,false,77,https://ecom-su-static-prod.wtrecom.com/images/products/3/LN_058455_BP_3.jpg,https://www.waitrose.com/ecom/products/essential-carbonated-natural-mineral-water/058455-29411-29412,Essential Carbonated Natural Mineral Water,4x2litre,£1.95,2.4p/100ml,,Waitrose Brands
085147,Essential Parsnips,G,false,78,https://ecom-su-static-prod.wtrecom.com/images/products/3/LN_085147_BP_3.jpg,https://www.waitrose.com/ecom/products/essential-parsnips/085147-43236-43237,Essential Parsnips,Typical weight 0.22kg,44p each est.,£2.00/kg,,Waitrose Brands
085235,Essential Spinach,G,false,79,https://ecom-su-static-prod.wtrecom.com/images/products/3/LN_085235_BP_3.jpg,https://www.waitrose.com/ecom/products/essential-spinach/085235-43313-43314,Essential Spinach,260g,£1.60,£6.16/kg,,Waitrose Brands
040593,Essential Chicken Mini Fillets,G,false,80,https://ecom-su-static-prod.wtrecom.com/images/products/3/LN_040593_BP_3.jpg,https://www.waitrose.com/ecom/products/essential-chicken-mini-fillets/040593-20051-20052,Essential Chicken Mini Fillets,400g,£3.50,£8.75/kg,,Waitrose Brands
085481,Essential Sweetcorn,G,false,81,https://ecom-su-static-prod.wtrecom.com/images/products/3/LN_085481_BP_3.jpg,https://www.waitrose.com/ecom/products/essential-sweetcorn/085481-43548-43549,Essential Sweetcorn,2s,£1.50,75p each,,Waitrose Brands
053142,Essential Salad Mixed,G,false,82,https://ecom-su-static-prod.wtrecom.com/images/products/3/LN_053142_BP_3.jpg,https://www.waitrose.com/ecom/products/essential-salad-mixed/053142-26529-26530,Essential Salad Mixed,100g,95p,95p/100g,,Waitrose Brands
044889,044889 - Essential Double Cream Large,G,false,83,https://ecom-su-static-prod.wtrecom.com/images/products/3/LN_044889_BP_3.jpg,https://www.waitrose.com/ecom/products/044889-essential-double-cream-large/044889-421423-22158,044889 - Essential Double Cream Large,600ml,£2.25,37.5p/100ml,,Waitrose Brands
086509,No.1 Red Choice Tomatoes,G,false,84,https://ecom-su-static-prod.wtrecom.com/images/products/3/LN_086509_BP_3.jpg,https://www.waitrose.com/ecom/products/no1-red-choice-tomatoes/086509-44190-44191,No.1 Red Choice Tomatoes,300g,£2.70,£9/kg,,Waitrose Brands
851405,Essential A Little Less Than Perfect British Strawberries,G,false,85,https://ecom-su-static-prod.wtrecom.com/images/products/3/LN_851405_BP_3.jpg,https://www.waitrose.com/ecom/products/essential-a-little-less-than-perfect-british-strawberries/851405-780015-780016,Essential A Little Less Than Perfect British Strawberries,250g,£1.70,£6.80/kg,,Waitrose Brands
048783,Essential Houmous,G,false,86,https://ecom-su-static-prod.wtrecom.com/images/products/3/LN_048783_BP_3.jpg,https://www.waitrose.com/ecom/products/essential-houmous/048783-24278-24279,Essential Houmous,300g,£1.75,58.3p/100g,,Waitrose Brands
054505,Essential Coleslaw,G,false,87,https://ecom-su-static-prod.wtrecom.com/images/products/3/LN_054505_BP_3.jpg,https://www.waitrose.com/ecom/products/essential-coleslaw/054505-27403-27404,Essential Coleslaw,300g,£1.20,40p/100g,,Waitrose Brands
003521,Essential Aluminium Foil 10m x 300mm,G,false,88,https://ecom-su-static-prod.wtrecom.com/images/products/3/LN_003521_BP_3.jpg,https://www.waitrose.com/ecom/products/essential-aluminium-foil-10m-x-300mm/003521-1413-1414,Essential Aluminium Foil 10m x 300mm,Each,£1.50,£1.50 each,,Waitrose Brands
095692,Duchy Organic British Free Range Eggs Large,G,false,89,https://ecom-su-static-prod.wtrecom.com/images/products/3/LN_095692_BP_3.jpg,https://www.waitrose.com/ecom/products/duchy-organic-british-free-range-eggs-large/095692-49035-49036,Duchy Organic British Free Range Eggs Large,6s,£3.50,58.3p each,,Waitrose Brands
807028,Essential Custard Creams,G,false,90,https://ecom-su-static-prod.wtrecom.com/images/products/3/LN_807028_BP_3.jpg,https://www.waitrose.com/ecom/products/essential-custard-creams/807028-706659-706660,Essential Custard Creams,150g,35p,23.3p/100g,,Waitrose Brands
019720,Essential Tomato Purée Double Concentrated,G,false,91,https://ecom-su-static-prod.wtrecom.com/images/products/3/LN_019720_BP_3.jpg,https://www.waitrose.com/ecom/products/essential-tomato-puree-double-concentrated/019720-9593-9594,Essential Tomato Purée Double Concentrated,200g,75p,£3.75/kg,,Waitrose Brands
855677,Waitrose Cypriot Halloumi Cheese Strength 1,G,false,92,https://ecom-su-static-prod.wtrecom.com/images/products/3/LN_855677_BP_3.jpg,https://www.waitrose.com/ecom/products/waitrose-cypriot-halloumi-cheese-strength-1/855677-229577-229578,Waitrose Cypriot Halloumi Cheese Strength 1,250g,£2.80,£11.20/kg,,Waitrose Brands
018732,Duchy Organic Unhomogenised Whole Milk 4 Pints,G,false,93,https://ecom-su-static-prod.wtrecom.com/images/products/3/LN_018732_BP_3.jpg,https://www.waitrose.com/ecom/products/duchy-organic-unhomogenised-whole-milk-4-pints/018732-9053-9054,Duchy Organic Unhomogenised Whole Milk 4 Pints,2.272litre,£2.25,99p/litre,,Waitrose Brands
088413,Essential Lemons,G,true,94,https://ecom-su-static-prod.wtrecom.com/images/products/3/LN_088413_BP_3.jpg,https://www.waitrose.com/ecom/products/essential-lemons/088413-45363-45364,Essential Lemons,6s,£1.50,25p each,Add 2 for £2.50,Waitrose Brands
086411,Essential Green Peppers,G,false,95,https://ecom-su-static-prod.wtrecom.com/images/products/3/LN_086411_BP_3.jpg,https://www.waitrose.com/ecom/products/essential-green-peppers/086411-44118-44119,Essential Green Peppers,Typical weight 0.16kg,60p each est.,£3.75/kg,,Waitrose Brands
867143,Duchy Organic British Free Range Eggs,G,false,96,https://ecom-su-static-prod.wtrecom.com/images/products/3/LN_867143_BP_3.jpg,https://www.waitrose.com/ecom/products/duchy-organic-british-free-range-eggs/867143-373749-373750,Duchy Organic British Free Range Eggs,12s,£5.50,45.8p each,,Waitrose Brands
088626,Essential Loose Royal Gala Apples,G,false,97,https://ecom-su-static-prod.wtrecom.com/images/products/3/LN_088626_BP_3.jpg,https://www.waitrose.com/ecom/products/essential-loose-royal-gala-apples/088626-45505-45506,Essential Loose Royal Gala Apples,Typical weight 0.16kg,31p each est.,£2.00/kg,,Waitrose Brands
085213,Essential Pointed Spring Cabbage,G,false,98,https://ecom-su-static-prod.wtrecom.com/images/products/3/LN_085213_BP_3.jpg,https://www.waitrose.com/ecom/products/essential-pointed-spring-cabbage/085213-43285-43286,Essential Pointed Spring Cabbage,Each,95p,95p each,,Waitrose Brands
812962,Essential Baby Potatoes,G,false,99,https://ecom-su-static-prod.wtrecom.com/images/products/3/LN_812962_BP_3.jpg,https://www.waitrose.com/ecom/products/essential-baby-potatoes/812962-801502-801503,Essential Baby Potatoes,1Kg,£1.30,£1.30/kg,,Waitrose Brands
891910,Essential Natural Greek Style Yogurt Large,G,false,100,https://ecom-su-static-prod.wtrecom.com/images/products/3/LN_891910_BP_3.jpg,https://www.waitrose.com/ecom/products/essential-natural-greek-style-yogurt-large/891910-726767-726768,Essential Natural Greek Style Yogurt Large,1Kg,£1.95,19.5p/100g,,Waitrose Brands
086123,Cooks' Ingredients Basil,G,false,101,https://ecom-su-static-prod.wtrecom.com/images/products/3/LN_086123_BP_3.jpg,https://www.waitrose.com/ecom/products/cooks-ingredients-basil/086123-43955-43956,Cooks' Ingredients Basil,25g,80p,32p/10g,,Waitrose Brands
363544,No.1 Free Range 6 Pork Sausages,G,false,102,https://ecom-su-static-prod.wtrecom.com/images/products/3/LN_363544_BP_3.jpg,https://www.waitrose.com/ecom/products/no1-free-range-6-pork-sausages/363544-147843-147844,No.1 Free Range 6 Pork Sausages,400g,£4.50,£11.25/kg,,Waitrose Brands
054314,Duchy Organic Houmous,G,false,103,https://ecom-su-static-prod.wtrecom.com/images/products/3/LN_054314_BP_3.jpg,https://www.waitrose.com/ecom/products/duchy-organic-houmous/054314-27269-27270,Duchy Organic Houmous,200g,£2.00,£1/100g,,Waitrose Brands
086410,Essential Mixed Peppers,G,false,104,https://ecom-su-static-prod.wtrecom.com/images/products/3/LN_086410_BP_3.jpg,https://www.waitrose.com/ecom/products/essential-mixed-peppers/086410-44116-44117,Essential Mixed Peppers,3s,£1.70,56.7p each,,Waitrose Brands
019061,Essential Baked Beans in Tomato Sauce,G,false,105,https://ecom-su-static-prod.wtrecom.com/images/products/3/LN_019061_BP_3.jpg,https://www.waitrose.com/ecom/products/essential-baked-beans-in-tomato-sauce/019061-9203-9204,Essential Baked Beans in Tomato Sauce,220g,40p,£1.82/kg,,Waitrose Brands
086131,Cooks' Ingredients Flat Leaf Parsley,G,false,106,https://ecom-su-static-prod.wtrecom.com/images/products/3/LN_086131_BP_3.jpg,https://www.waitrose.com/ecom/products/cooks-ingredients-flat-leaf-parsley/086131-43967-43968,Cooks' Ingredients Flat Leaf Parsley,25g,80p,32p/10g,,Waitrose Brands
035307,Essential Long Life Semi-Skimmed Milk,G,false,107,https://ecom-su-static-prod.wtrecom.com/images/products/3/LN_035307_BP_3.jpg,https://www.waitrose.com/ecom/products/essential-long-life-semi-skimmed-milk/035307-17781-17782,Essential Long Life Semi-Skimmed Milk,1litre,£1.00,£1/litre,,Waitrose Brands
540531,Waitrose Trimmed Tenderstem Broccoli,G,true,108,https://ecom-su-static-prod.wtrecom.com/images/products/3/LN_540531_BP_3.jpg,https://www.waitrose.com/ecom/products/waitrose-trimmed-tenderstem-broccoli/540531-76424-76425,Waitrose Trimmed Tenderstem Broccoli,80g,£1.20,£1.50/100g,Add 3 for £3,Waitrose Brands
088358,Duchy Organic Gala Apples,G,false,109,https://ecom-su-static-prod.wtrecom.com/images/products/3/LN_088358_BP_3.jpg,https://www.waitrose.com/ecom/products/duchy-organic-gala-apples/088358-45326-45327,Duchy Organic Gala Apples,4s,£2.25,56.3p each,,Waitrose Brands
519514,"Essential Chicken Thighs, Skin-on & Bone-in",G,false,110,https://ecom-su-static-prod.wtrecom.com/images/products/3/LN_519514_BP_3.jpg,https://www.waitrose.com/ecom/products/essential-chicken-thighs-skin-on-bone-in/519514-707754-707755,"Essential Chicken Thighs, Skin-on & Bone-in",1Kg,£3.25,£3.25/kg,,Waitrose Brands
495389,Essential Unsalted Butter,G,false,111,https://ecom-su-static-prod.wtrecom.com/images/products/3/LN_495389_BP_3.jpg,https://www.waitrose.com/ecom/products/essential-unsalted-butter/495389-70038-70039,Essential Unsalted Butter,250g,£1.75,£7/kg,,Waitrose Brands
080879,Cooks' Ingredients Red Chillies,G,false,112,https://ecom-su-static-prod.wtrecom.com/images/products/3/LN_080879_BP_3.jpg,https://www.waitrose.com/ecom/products/cooks-ingredients-red-chillies/080879-41159-41160,Cooks' Ingredients Red Chillies,50g,65p,£13/kg,,Waitrose Brands
019547,Essential Red Kidney Beans in Water,G,false,113,https://ecom-su-static-prod.wtrecom.com/images/products/3/LN_019547_BP_3.jpg,https://www.waitrose.com/ecom/products/essential-red-kidney-beans-in-water/019547-9481-9482,Essential Red Kidney Beans in Water,drained 240g,60p,£2.50/kg,,Waitrose Brands
029108,Essential Mini Apples,G,false,114,https://ecom-su-static-prod.wtrecom.com/images/products/3/LN_029108_BP_3.jpg,https://www.waitrose.com/ecom/products/essential-mini-apples/029108-14181-14182,Essential Mini Apples,6s,£1.00,16.7p each,,Waitrose Brands
574915,Essential Courgettes,G,false,115,https://ecom-su-static-prod.wtrecom.com/images/products/3/LN_574915_BP_3.jpg,https://www.waitrose.com/ecom/products/essential-courgettes/574915-81449-81450,Essential Courgettes,600g,£1.80,£3/kg,,Waitrose Brands
019706,Essential Chopped Tomatoes in Natural Juice,G,false,116,https://ecom-su-static-prod.wtrecom.com/images/products/3/LN_019706_BP_3.jpg,https://www.waitrose.com/ecom/products/essential-chopped-tomatoes-in-natural-juice/019706-9575-9576,Essential Chopped Tomatoes in Natural Juice,400g,60p,£1.50/kg,,Waitrose Brands
645021,Essential Large Whole Chicken,G,false,117,https://ecom-su-static-prod.wtrecom.com/images/products/3/LN_645021_BP_3.jpg,https://www.waitrose.com/ecom/products/essential-large-whole-chicken/645021-507910-507911,Essential Large Whole Chicken,1.75Kg,£5.25,£3/kg,,Waitrose Brands
004713,"Essential Chicken Thigh Fillets, Skinless & Boneless",G,false,118,https://ecom-su-static-prod.wtrecom.com/images/products/3/LN_004713_BP_3.jpg,https://www.waitrose.com/ecom/products/essential-chicken-thigh-fillets-skinless-boneless/004713-2027-2028,"Essential Chicken Thigh Fillets, Skinless & Boneless",Typical weight 0.56kg,£4.76 each est.,£8.50/kg,,Waitrose Brands
011506,Essential Tortilla Chips Salted,G,false,119,https://ecom-su-static-prod.wtrecom.com/images/products/3/LN_011506_BP_3.jpg,https://www.waitrose.com/ecom/products/essential-tortilla-chips-salted/011506-5710-5711,Essential Tortilla Chips Salted,200g,£1.10,55p/100g,,Waitrose Brands
483605,Duchy Organic Babyleaf & Rocket Salad,G,false,120,https://ecom-su-static-prod.wtrecom.com/images/products/3/LN_483605_BP_3.jpg,https://www.waitrose.com/ecom/products/duchy-organic-babyleaf-rocket-salad/483605-349790-349791,Duchy Organic Babyleaf & Rocket Salad,100g,£2.15,£2.15/100g,,Waitrose Brands
446420,Essential Coconut Milk,G,false,121,https://ecom-su-static-prod.wtrecom.com/images/products/3/LN_446420_BP_3.jpg,https://www.waitrose.com/ecom/products/essential-coconut-milk/446420-62863-62864,Essential Coconut Milk,400ml,£1.10,£2.75/litre,,Waitrose Brands
003551,Essential Thick Bleach,G,false,122,https://ecom-su-static-prod.wtrecom.com/images/products/3/LN_003551_BP_3.jpg,https://www.waitrose.com/ecom/products/essential-thick-bleach/003551-1445-1446,Essential Thick Bleach,750ml,75p,£1/litre,,Waitrose Brands
078986,Duchy Organic Large Vine Tomatoes,G,false,123,https://ecom-su-static-prod.wtrecom.com/images/products/3/LN_078986_BP_3.jpg,https://www.waitrose.com/ecom/products/duchy-organic-large-vine-tomatoes/078986-40203-40204,Duchy Organic Large Vine Tomatoes,425g,£2.75,£6.48/kg,,Waitrose Brands
771268,Essential Frozen Raspberries,G,false,124,https://ecom-su-static-prod.wtrecom.com/images/products/3/LN_771268_BP_3.jpg,https://www.waitrose.com/ecom/products/essential-frozen-raspberries/771268-198052-198053,Essential Frozen Raspberries,350g,£2.35,67.1p/100g,,Waitrose Brands
493513,No.1 White Sourdough Bread,G,false,125,https://ecom-su-static-prod.wtrecom.com/images/products/3/LN_493513_BP_3.jpg,https://www.waitrose.com/ecom/products/no1-white-sourdough-bread/493513-373129-373130,No.1 White Sourdough Bread,500g,£2.20,44p/100g,,Waitrose Brands
048574,Duchy Organic Little Gem Lettuce,G,false,126,https://ecom-su-static-prod.wtrecom.com/images/products/3/LN_048574_BP_3.jpg,https://www.waitrose.com/ecom/products/duchy-organic-little-gem-lettuce/048574-24130-24131,Duchy Organic Little Gem Lettuce,2Each,£1.75,87.5p each,,Waitrose Brands
016390,Duchy Organic Homogenised Semi-Skimmed Milk 2 pints,G,false,127,https://ecom-su-static-prod.wtrecom.com/images/products/3/LN_016390_BP_3.jpg,https://www.waitrose.com/ecom/products/duchy-organic-homogenised-semi-skimmed-milk-2-pints/016390-7844-7845,Duchy Organic Homogenised Semi-Skimmed Milk 2 pints,1.136litre,£1.65,£1.46/litre,,Waitrose Brands
014520,Duchy Organic British Free Range Medium Eggs,G,false,128,https://ecom-su-static-prod.wtrecom.com/images/products/3/LN_014520_BP_3.jpg,https://www.waitrose.com/ecom/products/duchy-organic-british-free-range-medium-eggs/014520-6974-6975,Duchy Organic British Free Range Medium Eggs,6s,£2.75,45.8p each,,Waitrose Brands
088313,Essential Galia Melon,G,true,129,https://ecom-su-static-prod.wtrecom.com/images/products/3/LN_088313_BP_3.jpg,https://www.waitrose.com/ecom/products/essential-galia-melon/088313-428554-45278,Essential Galia Melon,Each,£2.10,£2.10 each,Add 2 for £4,Waitrose Brands
057243,Essential White Floured Baps,G,false,130,https://ecom-su-static-prod.wtrecom.com/images/products/3/LN_057243_BP_3.jpg,https://www.waitrose.com/ecom/products/essential-white-floured-baps/057243-28795-28796,Essential White Floured Baps,6s,90p,15p each,,Waitrose Brands
085701,Essential Cup Mushrooms,G,false,131,https://ecom-su-static-prod.wtrecom.com/images/products/3/LN_085701_BP_3.jpg,https://www.waitrose.com/ecom/products/essential-cup-mushrooms/085701-372143-43723,Essential Cup Mushrooms,Typical weight 0.03kg,10p each est.,£3.25/kg,,Waitrose Brands
779803,Essential Extra Mature Cheddar Cheese Strength 6 Large,G,false,132,https://ecom-su-static-prod.wtrecom.com/images/products/3/LN_779803_BP_3.jpg,https://www.waitrose.com/ecom/products/essential-extra-mature-cheddar-cheese-strength-6-large/779803-382226-382227,Essential Extra Mature Cheddar Cheese Strength 6 Large,750g,£4.95,£6.60/kg,,Waitrose Brands
827066,Essential Passata,G,false,133,https://ecom-su-static-prod.wtrecom.com/images/products/3/LN_827066_BP_3.jpg,https://www.waitrose.com/ecom/products/essential-passata/827066-230035-230036,Essential Passata,680g,95p,£1.40/kg,,Waitrose Brands
085556,Duchy Organic Celery,G,false,134,https://ecom-su-static-prod.wtrecom.com/images/products/3/LN_085556_BP_3.jpg,https://www.waitrose.com/ecom/products/duchy-organic-celery/085556-43648-43649,Duchy Organic Celery,Each,£1.55,£1.55 each,,Waitrose Brands
822557,Essential Fat Free Natural Greek Style Yogurt,G,false,135,https://ecom-su-static-prod.wtrecom.com/images/products/3/LN_822557_BP_3.jpg,https://www.waitrose.com/ecom/products/essential-fat-free-natural-greek-style-yogurt/822557-405816-405817,Essential Fat Free Natural Greek Style Yogurt,500g,£1.10,22p/100g,,Waitrose Brands
056525,Cooks' Ingredients Coriander,G,false,136,https://ecom-su-static-prod.wtrecom.com/images/products/3/LN_056525_BP_3.jpg,https://www.waitrose.com/ecom/products/cooks-ingredients-coriander/056525-28377-28378,Cooks' Ingredients Coriander,100g,£1.65,16.5p/10g,,Waitrose Brands
429716,Essential Parmigiano Reggiano DOP Parmesan Cheese Strength 5,G,false,137,https://ecom-su-static-prod.wtrecom.com/images/products/3/LN_429716_BP_3.jpg,https://www.waitrose.com/ecom/products/essential-parmigiano-reggiano-dop-parmesan-cheese-strength-5/429716-129600-129601,Essential Parmigiano Reggiano DOP Parmesan Cheese Strength 5,175g,£3.00,£17.15/kg,,Waitrose Brands
062220,No.1 2 Wild Alaskan Sockeye Salmon Fillets,G,false,138,https://ecom-su-static-prod.wtrecom.com/images/products/3/LN_062220_BP_3.jpg,https://www.waitrose.com/ecom/products/no1-2-wild-alaskan-sockeye-salmon-fillets/062220-31555-31556,No.1 2 Wild Alaskan Sockeye Salmon Fillets,220g,£8.00,£36.37/kg,,Waitrose Brands
046734,Duchy Organic Avocado,G,false,139,https://ecom-su-static-prod.wtrecom.com/images/products/3/LN_046734_BP_3.jpg,https://www.waitrose.com/ecom/products/duchy-organic-avocado/046734-23085-23086,Duchy Organic Avocado,Each,£1.40,£1.40 each,,Waitrose Brands
048782,Essential Houmous,G,false,140,https://ecom-su-static-prod.wtrecom.com/images/products/3/LN_048782_BP_3.jpg,https://www.waitrose.com/ecom/products/essential-houmous/048782-24276-24277,Essential Houmous,200g,£1.45,72.5p/100g,,Waitrose Brands
021405,No. 1 Freshly Squeezed Orange Juice with Bits,G,false,141,https://ecom-su-static-prod.wtrecom.com/images/products/3/LN_021405_BP_3.jpg,https://www.waitrose.com/ecom/products/no-1-freshly-squeezed-orange-juice-with-bits/021405-10464-10465,No. 1 Freshly Squeezed Orange Juice with Bits,1litre,£3.40,34p/100ml,,Waitrose Brands
086407,Essential Salad Cress,G,false,142,https://ecom-su-static-prod.wtrecom.com/images/products/3/LN_086407_BP_3.jpg,https://www.waitrose.com/ecom/products/essential-salad-cress/086407-44112-44113,Essential Salad Cress,Each,45p,45p each,,Waitrose Brands
002215,Essential Bourbon Creams Biscuits,G,false,143,https://ecom-su-static-prod.wtrecom.com/images/products/3/LN_002215_BP_3.jpg,https://www.waitrose.com/ecom/products/essential-bourbon-creams-biscuits/002215-668-669,Essential Bourbon Creams Biscuits,400g,90p,22.5p/100g,,Waitrose Brands
096831,Duchy Organic Raspberries,G,false,144,https://ecom-su-static-prod.wtrecom.com/images/products/3/LN_096831_BP_3.jpg,https://www.waitrose.com/ecom/products/duchy-organic-raspberries/096831-420677-49494,Duchy Organic Raspberries,125g,£2.85,£22.80/kg,,Waitrose Brands
805573,Essential MSC Tuna Chunks in Spring Water,G,false,145,https://ecom-su-static-prod.wtrecom.com/images/products/3/LN_805573_BP_3.jpg,https://www.waitrose.com/ecom/products/essential-msc-tuna-chunks-in-spring-water/805573-457222-457223,Essential MSC Tuna Chunks in Spring Water,drained 4x112g,£4.75,£1.07/100g,,Waitrose Brands
367846,Essential Paracetamol Capsules,G,false,146,https://ecom-su-static-prod.wtrecom.com/images/products/3/LN_367846_BP_3.jpg,https://www.waitrose.com/ecom/products/essential-paracetamol-capsules/367846-311100-311101,Essential Paracetamol Capsules,16Each,80p,5p each,,Waitrose Brands
054003,Essential Frozen British Garden Peas,G,false,147,https://ecom-su-static-prod.wtrecom.com/images/products/3/LN_054003_BP_3.jpg,https://www.waitrose.com/ecom/products/essential-frozen-british-garden-peas/054003-27079-27080,Essential Frozen British Garden Peas,725g,£1.20,£1.66/kg,,Waitrose Brands
741335,Essential Oranges,G,true,148,https://ecom-su-static-prod.wtrecom.com/images/products/3/LN_741335_BP_3.jpg,https://www.waitrose.com/ecom/products/essential-oranges/741335-794800-794801,Essential Oranges,5s,£1.50,30p each,Add 2 for £2.50,Waitrose Brands
085540,Duchy Organic Chestnut Mushrooms,G,false,149,https://ecom-su-static-prod.wtrecom.com/images/products/3/LN_085540_BP_3.jpg,https://www.waitrose.com/ecom/products/duchy-organic-chestnut-mushrooms/085540-43630-43631,Duchy Organic Chestnut Mushrooms,250g,£2.00,£8/kg,,Waitrose Brands
888822,Duchy Organic Greek Feta Cheese Strength 3,G,false,150,https://ecom-su-static-prod.wtrecom.com/images/products/3/LN_888822_BP_3.jpg,https://www.waitrose.com/ecom/products/duchy-organic-greek-feta-cheese-strength-3/888822-268341-268342,Duchy Organic Greek Feta Cheese Strength 3,200g,£3.00,£15/kg,,Waitrose Brands
021106,Essential Pure Apple Juice,G,false,151,https://ecom-su-static-prod.wtrecom.com/images/products/3/LN_021106_BP_3.jpg,https://www.waitrose.com/ecom/products/essential-pure-apple-juice/021106-10281-10282,Essential Pure Apple Juice,1litre,£1.30,13p/100ml,,Waitrose Brands
003380,Essential Ready Salted Crisps,G,false,152,https://ecom-su-static-prod.wtrecom.com/images/products/3/LN_003380_BP_3.jpg,https://www.waitrose.com/ecom/products/essential-ready-salted-crisps/003380-1329-1330,Essential Ready Salted Crisps,6x25g,£1.25,83.3p/100g,,Waitrose Brands
010900,Essential 2 Garlic Baguettes,G,false,153,https://ecom-su-static-prod.wtrecom.com/images/products/3/LN_010900_BP_3.jpg,https://www.waitrose.com/ecom/products/essential-2-garlic-baguettes/010900-5404-5405,Essential 2 Garlic Baguettes,420g,£1.95,46.4p/100g,,Waitrose Brands
088703,Essential Conference Pears,G,false,154,https://ecom-su-static-prod.wtrecom.com/images/products/3/LN_088703_BP_3.jpg,https://www.waitrose.com/ecom/products/essential-conference-pears/088703-45581-45582,Essential Conference Pears,minimum 4,£1.80,45p each,,Waitrose Brands
097155,Duchy Organic Cherry Vine Tomatoes,G,false,155,https://ecom-su-static-prod.wtrecom.com/images/products/3/LN_097155_BP_3.jpg,https://www.waitrose.com/ecom/products/duchy-organic-cherry-vine-tomatoes/097155-49612-49613,Duchy Organic Cherry Vine Tomatoes,200g,£2.50,£12.50/kg,,Waitrose Brands
670629,Essential White Ultra Soft Bathroom Tissue,G,false,156,https://ecom-su-static-prod.wtrecom.com/images/products/3/LN_670629_BP_3.jpg,https://www.waitrose.com/ecom/products/essential-white-ultra-soft-bathroom-tissue/670629-95217-95218,Essential White Ultra Soft Bathroom Tissue,16x190 sheets,£7.00,23p/100 sheets,,Waitrose Brands
474013,Waitrose Extra Fine Beans,G,false,157,https://ecom-su-static-prod.wtrecom.com/images/products/3/LN_474013_BP_3.jpg,https://www.waitrose.com/ecom/products/waitrose-extra-fine-beans/474013-245579-245580,Waitrose Extra Fine Beans,120g,£1.20,£10/kg,,Waitrose Brands
086121,Cooks' Ingredients Dill Leaves,G,false,158,https://ecom-su-static-prod.wtrecom.com/images/products/3/LN_086121_BP_3.jpg,https://www.waitrose.com/ecom/products/cooks-ingredients-dill-leaves/086121-43951-43952,Cooks' Ingredients Dill Leaves,20g,80p,40p/10g,,Waitrose Brands
507700,Essential Creme Fraiche,G,false,159,https://ecom-su-static-prod.wtrecom.com/images/products/3/LN_507700_BP_3.jpg,https://www.waitrose.com/ecom/products/essential-creme-fraiche/507700-723731-723732,Essential Creme Fraiche,300ml,£1.00,33.3p/100ml,,Waitrose Brands
085579,Duchy Organic Sweet Potatoes,G,false,160,https://ecom-su-static-prod.wtrecom.com/images/products/3/LN_085579_BP_3.jpg,https://www.waitrose.com/ecom/products/duchy-organic-sweet-potatoes/085579-43669-43670,Duchy Organic Sweet Potatoes,700g,£2.60,£3.72/kg,,Waitrose Brands
075147,Duchy Organic Raw King Prawns,G,false,161,https://ecom-su-static-prod.wtrecom.com/images/products/3/LN_075147_BP_3.jpg,https://www.waitrose.com/ecom/products/duchy-organic-raw-king-prawns/075147-38128-38129,Duchy Organic Raw King Prawns,150g,£5.25,£35/kg,,Waitrose Brands
689744,Essential Apricot Fruit Fool,G,false,162,https://ecom-su-static-prod.wtrecom.com/images/products/3/LN_689744_BP_3.jpg,https://www.waitrose.com/ecom/products/essential-apricot-fruit-fool/689744-97973-97974,Essential Apricot Fruit Fool,114g,95p,83.3p/100g,,Waitrose Brands
406134,Essential Chicken Wings,G,false,163,https://ecom-su-static-prod.wtrecom.com/images/products/3/LN_406134_BP_3.jpg,https://www.waitrose.com/ecom/products/essential-chicken-wings/406134-57143-57144,Essential Chicken Wings,475g,£1.60,£3.37/kg,,Waitrose Brands
035309,Essential Long Life Skimmed Milk,G,false,164,https://ecom-su-static-prod.wtrecom.com/images/products/3/LN_035309_BP_3.jpg,https://www.waitrose.com/ecom/products/essential-long-life-skimmed-milk/035309-17785-17786,Essential Long Life Skimmed Milk,1litre,£1.00,£1/litre,,Waitrose Brands
053407,Essential British Free Range Whole Milk 1 Pint,G,false,165,https://ecom-su-static-prod.wtrecom.com/images/products/3/LN_053407_BP_3.jpg,https://www.waitrose.com/ecom/products/essential-british-free-range-whole-milk-1-pint/053407-26715-26716,Essential British Free Range Whole Milk 1 Pint,568ml,95p,£1.68/litre,,Waitrose Brands
043004,Essential Double Cream Small,G,false,166,https://ecom-su-static-prod.wtrecom.com/images/products/3/LN_043004_BP_3.jpg,https://www.waitrose.com/ecom/products/essential-double-cream-small/043004-421422-21240,Essential Double Cream Small,150ml,£1.00,66.7p/100ml,,Waitrose Brands
002713,"Essential Chicken Thigh Fillets, Skinless & Boneless Large Pack",G,false,167,https://ecom-su-static-prod.wtrecom.com/images/products/3/LN_002713_BP_3.jpg,https://www.waitrose.com/ecom/products/essential-chicken-thigh-fillets-skinless-boneless-large-pack/002713-948-949,"Essential Chicken Thigh Fillets, Skinless & Boneless Large Pack",1Kg,£8.50,£8.50/kg,,Waitrose Brands
419853,Essential Mature Cheddar Cheese Strength 4,G,false,168,https://ecom-su-static-prod.wtrecom.com/images/products/3/LN_419853_BP_3.jpg,https://www.waitrose.com/ecom/products/essential-mature-cheddar-cheese-strength-4/419853-451506-451507,Essential Mature Cheddar Cheese Strength 4,350g,£2.60,£7.43/kg,,Waitrose Brands
085581,Duchy Organic Carrots,G,false,169,https://ecom-su-static-prod.wtrecom.com/images/products/3/LN_085581_BP_3.jpg,https://www.waitrose.com/ecom/products/duchy-organic-carrots/085581-43671-43672,Duchy Organic Carrots,1kg,£2.00,£2/kg,,Waitrose Brands
786795,Essential Frozen Straight Cut Oven Chips,G,false,170,https://ecom-su-static-prod.wtrecom.com/images/products/3/LN_786795_BP_3.jpg,https://www.waitrose.com/ecom/products/essential-frozen-straight-cut-oven-chips/786795-645003-645004,Essential Frozen Straight Cut Oven Chips,900g,£1.75,£1.95/kg,,Waitrose Brands
058454,Essential Carbonated Natural Mineral Water,G,false,171,https://ecom-su-static-prod.wtrecom.com/images/products/3/LN_058454_BP_3.jpg,https://www.waitrose.com/ecom/products/essential-carbonated-natural-mineral-water/058454-29409-29410,Essential Carbonated Natural Mineral Water,6x500ml,£1.90,6.3p/100ml,,Waitrose Brands
086106,Cooks' Ingredients Mint,G,false,172,https://ecom-su-static-prod.wtrecom.com/images/products/3/LN_086106_BP_3.jpg,https://www.waitrose.com/ecom/products/cooks-ingredients-mint/086106-43929-43930,Cooks' Ingredients Mint,25g,80p,32p/10g,,Waitrose Brands
026556,Essential Soured Cream Small,G,false,173,https://ecom-su-static-prod.wtrecom.com/images/products/3/LN_026556_BP_3.jpg,https://www.waitrose.com/ecom/products/essential-soured-cream-small/026556-12933-12934,Essential Soured Cream Small,150ml,80p,53.3p/100ml,,Waitrose Brands
419757,No.1 Free Range Blossom Honey Roast Ham,G,false,174,https://ecom-su-static-prod.wtrecom.com/images/products/3/LN_419757_BP_3.jpg,https://www.waitrose.com/ecom/products/no1-free-range-blossom-honey-roast-ham/419757-581130-581131,No.1 Free Range Blossom Honey Roast Ham,100g,£4.00,£4/100g,,Waitrose Brands
013687,Essential Thick Bleach Aqua,G,false,175,https://ecom-su-static-prod.wtrecom.com/images/products/3/LN_013687_BP_3.jpg,https://www.waitrose.com/ecom/products/essential-thick-bleach-aqua/013687-6649-6650,Essential Thick Bleach Aqua,750ml,75p,£1/litre,,Waitrose Brands
054027,Essential Frozen British Petits Pois,G,false,176,https://ecom-su-static-prod.wtrecom.com/images/products/3/LN_054027_BP_3.jpg,https://www.waitrose.com/ecom/products/essential-frozen-british-petits-pois/054027-27091-27092,Essential Frozen British Petits Pois,725g,£1.40,£1.94/kg,,Waitrose Brands
059036,Duchy Organic 2 Scottish Salmon Fillets,G,false,177,https://ecom-su-static-prod.wtrecom.com/images/products/3/LN_059036_BP_3.jpg,https://www.waitrose.com/ecom/products/duchy-organic-2-scottish-salmon-fillets/059036-29728-29729,Duchy Organic 2 Scottish Salmon Fillets,265g,£10.50,£39.63/kg,,Waitrose Brands
088062,Duchy Organic British Strawberries,G,false,178,https://ecom-su-static-prod.wtrecom.com/images/products/3/LN_088062_BP_3.jpg,https://www.waitrose.com/ecom/products/duchy-organic-british-strawberries/088062-45053-45054,Duchy Organic British Strawberries,225g,£3.50,£15.56/kg,,Waitrose Brands
001224,Essential Porridge Oats,G,false,179,https://ecom-su-static-prod.wtrecom.com/images/products/3/LN_001224_BP_3.jpg,https://www.waitrose.com/ecom/products/essential-porridge-oats/001224-164-165,Essential Porridge Oats,1kg,£1.25,12.5p/100g,,Waitrose Brands
001216,Essential Wholewheat Biscuits,G,false,180,https://ecom-su-static-prod.wtrecom.com/images/products/3/LN_001216_BP_3.jpg,https://www.waitrose.com/ecom/products/essential-wholewheat-biscuits/001216-156-157,Essential Wholewheat Biscuits,24s,£2.00,8.3p each,,Waitrose Brands
522601,Essential Pedal Bin Liners Tie Handles,G,false,181,https://ecom-su-static-prod.wtrecom.com/images/products/3/LN_522601_BP_3.jpg,https://www.waitrose.com/ecom/products/essential-pedal-bin-liners-tie-handles/522601-156201-156202,Essential Pedal Bin Liners Tie Handles,30s,£2.35,7.8p each,,Waitrose Brands
742393,Duchy Organic Ripe Avocados,G,false,182,https://ecom-su-static-prod.wtrecom.com/images/products/3/LN_742393_BP_3.jpg,https://www.waitrose.com/ecom/products/duchy-organic-ripe-avocados/742393-586766-586767,Duchy Organic Ripe Avocados,2s,£2.65,£1.33 each,,Waitrose Brands
070464,Essential White Ultra Soft Bathroom Tissue,G,false,183,https://ecom-su-static-prod.wtrecom.com/images/products/3/LN_070464_BP_3.jpg,https://www.waitrose.com/ecom/products/essential-white-ultra-soft-bathroom-tissue/070464-35691-35692,Essential White Ultra Soft Bathroom Tissue,4x190Sheet,£2.00,26.3p/100 sheets,,Waitrose Brands
721403,Essential Diced Chicken Breast,G,true,184,https://ecom-su-static-prod.wtrecom.com/images/products/3/LN_721403_BP_3.jpg,https://www.waitrose.com/ecom/products/essential-diced-chicken-breast/721403-389023-389024,Essential Diced Chicken Breast,418g,£4.60,£11.01/kg,Add 3 for £12,Waitrose Brands
445805,Essential British Beef Rump Steak,G,false,185,https://ecom-su-static-prod.wtrecom.com/images/products/3/LN_445805_BP_3.jpg,https://www.waitrose.com/ecom/products/essential-british-beef-rump-steak/445805-62758-62759,Essential British Beef Rump Steak,230g,£3.75,£16.31/kg,,Waitrose Brands
839147,Perfectly Ripe & Home Ripen Avocados,G,true,186,https://ecom-su-static-prod.wtrecom.com/images/products/3/LN_839147_BP_3.jpg,https://www.waitrose.com/ecom/products/perfectly-ripe-home-ripen-avocados/839147-786384-786385,Perfectly Ripe & Home Ripen Avocados,2s,£1.50,75p each,20% Off. Was £1.90,Waitrose Brands
061343,Essential Potato Salad,G,false,187,https://ecom-su-static-prod.wtrecom.com/images/products/3/LN_061343_BP_3.jpg,https://www.waitrose.com/ecom/products/essential-potato-salad/061343-31048-31049,Essential Potato Salad,300g,£1.20,40p/100g,,Waitrose Brands
624369,Essential Mature Cheddar Cheese Strength 4 Large,G,false,188,https://ecom-su-static-prod.wtrecom.com/images/products/3/LN_624369_BP_3.jpg,https://www.waitrose.com/ecom/products/essential-mature-cheddar-cheese-strength-4-large/624369-443782-443783,Essential Mature Cheddar Cheese Strength 4 Large,550g,£3.95,£7.19/kg,,Waitrose Brands
807994,Essential Kale,G,false,189,https://ecom-su-static-prod.wtrecom.com/images/products/3/LN_807994_BP_3.jpg,https://www.waitrose.com/ecom/products/essential-kale/807994-373599-373600,Essential Kale,250g,£1.00,£4/kg,,Waitrose Brands
065131,Essential Baguette,G,false,190,https://ecom-su-static-prod.wtrecom.com/images/products/3/LN_065131_BP_3.jpg,https://www.waitrose.com/ecom/products/essential-baguette/065131-33004-33005,Essential Baguette,400g,£1.20,30p/100g,,Waitrose Brands
086479,Duchy Organic Salad Onions Bunch,G,false,191,https://ecom-su-static-prod.wtrecom.com/images/products/3/LN_086479_BP_3.jpg,https://www.waitrose.com/ecom/products/duchy-organic-salad-onions-bunch/086479-44168-44169,Duchy Organic Salad Onions Bunch,Each,£1.10,£1.10 each,,Waitrose Brands
506272,No.1 2 Raspberry Panna Cotta,G,true,192,https://ecom-su-static-prod.wtrecom.com/images/products/3/LN_506272_BP_3.jpg,https://www.waitrose.com/ecom/products/no1-2-raspberry-panna-cotta/506272-71552-71553,No.1 2 Raspberry Panna Cotta,2x100g,£4.75,£2.38/100g,£12 Our Very Best Dine In: Add Main + Side + Starter or Dessert,Waitrose Brands
058777,Essential Ginger Nuts,G,false,193,https://ecom-su-static-prod.wtrecom.com/images/products/3/LN_058777_BP_3.jpg,https://www.waitrose.com/ecom/products/essential-ginger-nuts/058777-29578-29579,Essential Ginger Nuts,300g,85p,28.3p/100g,,Waitrose Brands
790958,Perfectly Ripe Extra Large Avocados,G,false,194,https://ecom-su-static-prod.wtrecom.com/images/products/3/LN_790958_BP_3.jpg,https://www.waitrose.com/ecom/products/perfectly-ripe-extra-large-avocados/790958-586852-586853,Perfectly Ripe Extra Large Avocados,2s,£3.50,£1.75 each,,Waitrose Brands
088637,Waitrose Granny Smith Apples,G,false,195,https://ecom-su-static-prod.wtrecom.com/images/products/3/LN_088637_BP_3.jpg,https://www.waitrose.com/ecom/products/waitrose-granny-smith-apples/088637-45523-45524,Waitrose Granny Smith Apples,6s,£1.80,30p each,,Waitrose Brands
628170,Essential 20% Fat British Beef Mince,G,false,196,https://ecom-su-static-prod.wtrecom.com/images/products/3/LN_628170_BP_3.jpg,https://www.waitrose.com/ecom/products/essential-20-fat-british-beef-mince/628170-726394-726395,Essential 20% Fat British Beef Mince,500g,£2.75,£5.50/kg,,Waitrose Brands
459919,Essential Gooseberry Fruit Fool,G,false,197,https://ecom-su-static-prod.wtrecom.com/images/products/3/LN_459919_BP_3.jpg,https://www.waitrose.com/ecom/products/essential-gooseberry-fruit-fool/459919-64821-64822,Essential Gooseberry Fruit Fool,114g,95p,83.3p/100g,,Waitrose Brands
657141,No. 1 Cornish Quartz Vintage Reserve Mature Cheddar Cheese Strength 7,G,false,198,https://ecom-su-static-prod.wtrecom.com/images/products/3/LN_657141_BP_3.jpg,https://www.waitrose.com/ecom/products/no-1-cornish-quartz-vintage-reserve-mature-cheddar-cheese-strength-7/657141-677410-677411,No. 1 Cornish Quartz Vintage Reserve Mature Cheddar Cheese Strength 7,200g,£3.35,£16.75/kg,,Waitrose Brands
767801,Essential Baby Wipes,G,false,199,https://ecom-su-static-prod.wtrecom.com/images/products/3/LN_767801_BP_3.jpg,https://www.waitrose.com/ecom/products/essential-baby-wipes/767801-156319-156320,Essential Baby Wipes,80s,95p,1.2p each,,Waitrose Brands
035050,Essential Soya Unsweetened Milk Alternative,G,false,200,https://ecom-su-static-prod.wtrecom.com/images/products/3/LN_035050_BP_3.jpg,https://www.waitrose.com/ecom/products/essential-soya-unsweetened-milk-alternative/035050-17659-17660,Essential Soya Unsweetened Milk Alternative,1litre,£1.10,£1.10/litre,,Waitrose Brands
091497,Essential White Finger Rolls,G,false,201,https://ecom-su-static-prod.wtrecom.com/images/products/3/LN_091497_BP_3.jpg,https://www.waitrose.com/ecom/products/essential-white-finger-rolls/091497-47124-47125,Essential White Finger Rolls,6s,90p,15p each,,Waitrose Brands
667921,Essential Light Salad Greek Feta Cheese Strength 3,G,false,202,https://ecom-su-static-prod.wtrecom.com/images/products/3/LN_667921_BP_3.jpg,https://www.waitrose.com/ecom/products/essential-light-salad-greek-feta-cheese-strength-3/667921-151861-151862,Essential Light Salad Greek Feta Cheese Strength 3,200g,£1.75,£8.75/kg,,Waitrose Brands
389776,Essential Thin & Crispy Cheese & Tomato Pizza,G,false,203,https://ecom-su-static-prod.wtrecom.com/images/products/3/LN_389776_BP_3.jpg,https://www.waitrose.com/ecom/products/essential-thin-crispy-cheese-tomato-pizza/389776-54797-54798,Essential Thin & Crispy Cheese & Tomato Pizza,142g,£1.50,£10.57/kg,,Waitrose Brands
018261,Essential Single Cream,G,false,204,https://ecom-su-static-prod.wtrecom.com/images/products/3/LN_018261_BP_3.jpg,https://www.waitrose.com/ecom/products/essential-single-cream/018261-8850-8851,Essential Single Cream,300ml,£1.10,36.7p/100ml,,Waitrose Brands
086922,Essential Iceberg Lettuce,G,false,205,https://ecom-su-static-prod.wtrecom.com/images/products/3/LN_086922_BP_3.jpg,https://www.waitrose.com/ecom/products/essential-iceberg-lettuce/086922-44408-44409,Essential Iceberg Lettuce,250g,£1.10,44p/100g,,Waitrose Brands
504251,Essential Basmati Rice,G,false,206,https://ecom-su-static-prod.wtrecom.com/images/products/3/LN_504251_BP_3.jpg,https://www.waitrose.com/ecom/products/essential-basmati-rice/504251-148433-148434,Essential Basmati Rice,1kg,£2.30,£2.30/kg,,Waitrose Brands
689279,No.1 Free Range 12 Chipolatas,G,false,207,https://ecom-su-static-prod.wtrecom.com/images/products/3/LN_689279_BP_3.jpg,https://www.waitrose.com/ecom/products/no1-free-range-12-chipolatas/689279-149311-149312,No.1 Free Range 12 Chipolatas,375g,£4.50,£12/kg,,Waitrose Brands
848547,No.1 2 MSC Yellowfin Tuna Steaks,G,false,208,https://ecom-su-static-prod.wtrecom.com/images/products/3/LN_848547_BP_3.jpg,https://www.waitrose.com/ecom/products/no1-2-msc-yellowfin-tuna-steaks/848547-755097-755098,No.1 2 MSC Yellowfin Tuna Steaks,240g,£9.95,£41.46/kg,,Waitrose Brands
439978,Essential Frozen Berries,G,false,209,https://ecom-su-static-prod.wtrecom.com/images/products/3/LN_439978_BP_3.jpg,https://www.waitrose.com/ecom/products/essential-frozen-berries/439978-679257-679258,Essential Frozen Berries,1Kg,£4.20,42p/100g,,Waitrose Brands
086187,Essential Honeydew Melon,G,false,210,https://ecom-su-static-prod.wtrecom.com/images/products/3/LN_086187_BP_3.jpg,https://www.waitrose.com/ecom/products/essential-honeydew-melon/086187-428553-44023,Essential Honeydew Melon,Each,£1.90,£1.90 each,,Waitrose Brands
082835,Duchy Organic Unhomogenised Whole Milk 2 Pints,G,false,211,https://ecom-su-static-prod.wtrecom.com/images/products/3/LN_082835_BP_3.jpg,https://www.waitrose.com/ecom/products/duchy-organic-unhomogenised-whole-milk-2-pints/082835-42105-42106,Duchy Organic Unhomogenised Whole Milk 2 Pints,1.136litre,£1.65,£1.46/litre,,Waitrose Brands
045953,Cooks' Ingredients Flat Leaf Parsley,G,false,212,https://ecom-su-static-prod.wtrecom.com/images/products/3/LN_045953_BP_3.jpg,https://www.waitrose.com/ecom/products/cooks-ingredients-flat-leaf-parsley/045953-22629-22630,Cooks' Ingredients Flat Leaf Parsley,100g,£1.65,16.5p/10g,,Waitrose Brands
085511,Duchy Organic Onions,G,false,213,https://ecom-su-static-prod.wtrecom.com/images/products/3/LN_085511_BP_3.jpg,https://www.waitrose.com/ecom/products/duchy-organic-onions/085511-43590-43591,Duchy Organic Onions,750g,£1.70,£2.27/kg,,Waitrose Brands
088652,Essential Seasonal Apples,G,false,214,https://ecom-su-static-prod.wtrecom.com/images/products/3/LN_088652_BP_3.jpg,https://www.waitrose.com/ecom/products/essential-seasonal-apples/088652-45537-45538,Essential Seasonal Apples,minimum 5,£1.95,39p each,,Waitrose Brands
019737,Essential Penne,G,false,215,https://ecom-su-static-prod.wtrecom.com/images/products/3/LN_019737_BP_3.jpg,https://www.waitrose.com/ecom/products/essential-penne/019737-9611-9612,Essential Penne,1kg,£1.40,£1.40/kg,,Waitrose Brands
058054,Essential Sugar Free Indian Tonic Water,G,false,216,https://ecom-su-static-prod.wtrecom.com/images/products/3/LN_058054_BP_3.jpg,https://www.waitrose.com/ecom/products/essential-sugar-free-indian-tonic-water/058054-29146-29147,Essential Sugar Free Indian Tonic Water,1litre,85p,8.5p/100ml,,Waitrose Brands
498730,Waitrose Sliced Runner Beans,G,true,217,https://ecom-su-static-prod.wtrecom.com/images/products/3/LN_498730_BP_3.jpg,https://www.waitrose.com/ecom/products/waitrose-sliced-runner-beans/498730-70467-70468,Waitrose Sliced Runner Beans,80g,£1.20,£1.50/100g,Add 3 for £3,Waitrose Brands
058057,Waitrose Club Soda,G,false,218,https://ecom-su-static-prod.wtrecom.com/images/products/3/LN_058057_BP_3.jpg,https://www.waitrose.com/ecom/products/waitrose-club-soda/058057-29152-29153,Waitrose Club Soda,1litre,85p,8.5p/100ml,,Waitrose Brands
085504,Duchy Organic Potatoes,G,false,219,https://ecom-su-static-prod.wtrecom.com/images/products/3/LN_085504_BP_3.jpg,https://www.waitrose.com/ecom/products/duchy-organic-potatoes/085504-428552-43583,Duchy Organic Potatoes,1.5kg,£1.95,£1.30/kg,,Waitrose Brands
057079,Essential Wholemeal Baps,G,false,220,https://ecom-su-static-prod.wtrecom.com/images/products/3/LN_057079_BP_3.jpg,https://www.waitrose.com/ecom/products/essential-wholemeal-baps/057079-28695-28696,Essential Wholemeal Baps,6s,90p,15p each,,Waitrose Brands
097580,Essential Tomato Ketchup,G,false,221,https://ecom-su-static-prod.wtrecom.com/images/products/3/LN_097580_BP_3.jpg,https://www.waitrose.com/ecom/products/essential-tomato-ketchup/097580-49819-49820,Essential Tomato Ketchup,470g,95p,20.2p/100g,,Waitrose Brands
021419,Essential Apple Juice,G,false,222,https://ecom-su-static-prod.wtrecom.com/images/products/3/LN_021419_BP_3.jpg,https://www.waitrose.com/ecom/products/essential-apple-juice/021419-10478-10479,Essential Apple Juice,1litre,£1.20,12p/100ml,,Waitrose Brands
863616,No.1 Butter Croissants,G,false,223,https://ecom-su-static-prod.wtrecom.com/images/products/3/LN_863616_BP_3.jpg,https://www.waitrose.com/ecom/products/no1-butter-croissants/863616-493327-493328,No.1 Butter Croissants,2s,£2.40,£1.20 each,,Waitrose Brands
021131,Essential Pure Orange Juice,G,false,224,https://ecom-su-static-prod.wtrecom.com/images/products/3/LN_021131_BP_3.jpg,https://www.waitrose.com/ecom/products/essential-pure-orange-juice/021131-10299-10300,Essential Pure Orange Juice,1litre,£1.80,18p/100ml,,Waitrose Brands
041475,Essential Soft Cheese Strength 1,G,false,225,https://ecom-su-static-prod.wtrecom.com/images/products/3/LN_041475_BP_3.jpg,https://www.waitrose.com/ecom/products/essential-soft-cheese-strength-1/041475-20534-20535,Essential Soft Cheese Strength 1,250g,£1.25,£5/kg,,Waitrose Brands
020916,Essential Prunes in Apple Juice,G,false,226,https://ecom-su-static-prod.wtrecom.com/images/products/3/LN_020916_BP_3.jpg,https://www.waitrose.com/ecom/products/essential-prunes-in-apple-juice/020916-10169-10170,Essential Prunes in Apple Juice,drained 235g,£1.20,£5.11/kg,,Waitrose Brands
054004,Essential Frozen British Garden Peas,G,false,227,https://ecom-su-static-prod.wtrecom.com/images/products/3/LN_054004_BP_3.jpg,https://www.waitrose.com/ecom/products/essential-frozen-british-garden-peas/054004-27081-27082,Essential Frozen British Garden Peas,1.25Kg,£1.85,£1.48/kg,,Waitrose Brands
412325,Essential Lemon Fruit Fool,G,false,228,https://ecom-su-static-prod.wtrecom.com/images/products/3/LN_412325_BP_3.jpg,https://www.waitrose.com/ecom/products/essential-lemon-fruit-fool/412325-151491-151492,Essential Lemon Fruit Fool,114g,95p,83.3p/100g,,Waitrose Brands
836939,Essential 8 Large Wholemeal Tortilla Wraps,G,false,229,https://ecom-su-static-prod.wtrecom.com/images/products/3/LN_836939_BP_3.jpg,https://www.waitrose.com/ecom/products/essential-8-large-wholemeal-tortilla-wraps/836939-344550-344551,Essential 8 Large Wholemeal Tortilla Wraps,8s,£1.30,16.3p each,,Waitrose Brands
708913,Waitrose Celery Sticks,G,false,230,https://ecom-su-static-prod.wtrecom.com/images/products/3/LN_708913_BP_3.jpg,https://www.waitrose.com/ecom/products/waitrose-celery-sticks/708913-459834-459835,Waitrose Celery Sticks,350g,£1.25,£3.58/kg,,Waitrose Brands
461191,Waitrose Prepared Vegetable Trio,G,true,231,https://ecom-su-static-prod.wtrecom.com/images/products/3/LN_461191_BP_3.jpg,https://www.waitrose.com/ecom/products/waitrose-prepared-vegetable-trio/461191-349772-349773,Waitrose Prepared Vegetable Trio,80g,£1.20,£1.50/100g,Add 3 for £3,Waitrose Brands
088911,Duchy Organic Lemons,G,false,232,https://ecom-su-static-prod.wtrecom.com/images/products/3/LN_088911_BP_3.jpg,https://www.waitrose.com/ecom/products/duchy-organic-lemons/088911-428558-45709,Duchy Organic Lemons,3s,£2.00,66.7p each,,Waitrose Brands
022540,Essential Sardines in Water,G,false,233,https://ecom-su-static-prod.wtrecom.com/images/products/3/LN_022540_BP_3.jpg,https://www.waitrose.com/ecom/products/essential-sardines-in-water/022540-11005-11006,Essential Sardines in Water,drained 84g,65p,77.4p/100g,,Waitrose Brands
002227,Essential Malted Milk Biscuits,G,false,234,https://ecom-su-static-prod.wtrecom.com/images/products/3/LN_002227_BP_3.jpg,https://www.waitrose.com/ecom/products/essential-malted-milk-biscuits/002227-682-683,Essential Malted Milk Biscuits,200g,60p,30p/100g,,Waitrose Brands
653557,Duchy Organic Wholemeal Seeded Half Bloomer,G,false,235,https://ecom-su-static-prod.wtrecom.com/images/products/3/LN_653557_BP_3.jpg,https://www.waitrose.com/ecom/products/duchy-organic-wholemeal-seeded-half-bloomer/653557-92785-92786,Duchy Organic Wholemeal Seeded Half Bloomer,400g,£2.20,55p/100g,,Waitrose Brands
022539,Essential Sardines in Olive Oil,G,false,236,https://ecom-su-static-prod.wtrecom.com/images/products/3/LN_022539_BP_3.jpg,https://www.waitrose.com/ecom/products/essential-sardines-in-olive-oil/022539-11003-11004,Essential Sardines in Olive Oil,drained 84g,£1.00,£1.20/100g,,Waitrose Brands
067459,No.1 Royal Deeside Still Water,G,false,237,https://ecom-su-static-prod.wtrecom.com/images/products/3/LN_067459_BP_3.jpg,https://www.waitrose.com/ecom/products/no1-royal-deeside-still-water/067459-34233-34234,No.1 Royal Deeside Still Water,750ml,£1.50,20p/100ml,,Waitrose Brands
095410,Essential 12 Smoked British Bacon Streaky Rashers,G,false,238,https://ecom-su-static-prod.wtrecom.com/images/products/3/LN_095410_BP_3.jpg,https://www.waitrose.com/ecom/products/essential-12-smoked-british-bacon-streaky-rashers/095410-48885-48886,Essential 12 Smoked British Bacon Streaky Rashers,250g,£2.60,£10.40/kg,,Waitrose Brands
003011,No.1 Scottish Salmon Prime Fillet,G,false,239,https://ecom-su-static-prod.wtrecom.com/images/products/3/LN_003011_BP_3.jpg,https://www.waitrose.com/ecom/products/no1-scottish-salmon-prime-fillet/003011-1108-1109,No.1 Scottish Salmon Prime Fillet,500g,£12.95,£25.90/kg,,Waitrose Brands
509364,Essential Mashed Potatoes,G,false,240,https://ecom-su-static-prod.wtrecom.com/images/products/3/LN_509364_BP_3.jpg,https://www.waitrose.com/ecom/products/essential-mashed-potatoes/509364-72013-72014,Essential Mashed Potatoes,400g,90p,£2.25/kg,,Waitrose Brands
088050,No.1 Speciality Raspberries,G,true,241,https://ecom-su-static-prod.wtrecom.com/images/products/3/LN_088050_BP_3.jpg,https://www.waitrose.com/ecom/products/no1-speciality-raspberries/088050-415837-45026,No.1 Speciality Raspberries,200g,£3.50,£17.50/kg,Add 2 for £6,Waitrose Brands
037711,No.1 Free Range Corn Fed Chicken Breast Fillets 2,G,false,242,https://ecom-su-static-prod.wtrecom.com/images/products/3/LN_037711_BP_3.jpg,https://www.waitrose.com/ecom/products/no1-free-range-corn-fed-chicken-breast-fillets-2/037711-18825-18826,No.1 Free Range Corn Fed Chicken Breast Fillets 2,Typical weight 0.3kg,£5.99 each est.,£19.97/kg,,Waitrose Brands
085209,Essential White Cabbage,G,false,243,https://ecom-su-static-prod.wtrecom.com/images/products/3/LN_085209_BP_3.jpg,https://www.waitrose.com/ecom/products/essential-white-cabbage/085209-415836-43278,Essential White Cabbage,Typical weight 0.82kg,95p each est.,£1.15/kg,,Waitrose Brands
086414,Essential Orange Peppers,G,false,244,https://ecom-su-static-prod.wtrecom.com/images/products/3/LN_086414_BP_3.jpg,https://www.waitrose.com/ecom/products/essential-orange-peppers/086414-44124-44125,Essential Orange Peppers,Typical weight 0.16kg,60p each est.,£3.75/kg,,Waitrose Brands
895677,Essential Small Whole Chicken,G,false,245,https://ecom-su-static-prod.wtrecom.com/images/products/3/LN_895677_BP_3.jpg,https://www.waitrose.com/ecom/products/essential-small-whole-chicken/895677-706845-706846,Essential Small Whole Chicken,1.2Kg,£3.70,£3.09/kg,,Waitrose Brands
716810,Cooks' Ingredients Medium Basil Pot,G,false,246,https://ecom-su-static-prod.wtrecom.com/images/products/3/LN_716810_BP_3.jpg,https://www.waitrose.com/ecom/products/cooks-ingredients-medium-basil-pot/716810-160673-160674,Cooks' Ingredients Medium Basil Pot,Each,£1.70,£1.70 each,,Waitrose Brands
512640,Essential Frozen Crinkle Cut Oven Chips,G,false,247,https://ecom-su-static-prod.wtrecom.com/images/products/3/LN_512640_BP_3.jpg,https://www.waitrose.com/ecom/products/essential-frozen-crinkle-cut-oven-chips/512640-644887-644888,Essential Frozen Crinkle Cut Oven Chips,900g,£1.75,£1.95/kg,,Waitrose Brands
676625,Duchy Organic Parmigiano Reggiano DOP Parmesan Cheese Strength 6,G,false,248,https://ecom-su-static-prod.wtrecom.com/images/products/3/LN_676625_BP_3.jpg,https://www.waitrose.com/ecom/products/duchy-organic-parmigiano-reggiano-dop-parmesan-cheese-strength-6/676625-688820-688821,Duchy Organic Parmigiano Reggiano DOP Parmesan Cheese Strength 6,150g,£3.85,£25.67/kg,,Waitrose Brands
746556,Essential Cooked King Prawns ASC,G,false,249,https://ecom-su-static-prod.wtrecom.com/images/products/3/LN_746556_BP_3.jpg,https://www.waitrose.com/ecom/products/essential-cooked-king-prawns-asc/746556-153183-153184,Essential Cooked King Prawns ASC,150g,£3.50,£2.34/100g,,Waitrose Brands
002124,Essential Cream Crackers,G,false,250,https://ecom-su-static-prod.wtrecom.com/images/products/3/LN_002124_BP_3.jpg,https://www.waitrose.com/ecom/products/essential-cream-crackers/002124-580-581,Essential Cream Crackers,300g,70p,23.3p/100g,,Waitrose Brands
059990,Essential Frozen Supersweet Sweetcorn,G,false,251,https://ecom-su-static-prod.wtrecom.com/images/products/3/LN_059990_BP_3.jpg,https://www.waitrose.com/ecom/products/essential-frozen-supersweet-sweetcorn/059990-30307-30308,Essential Frozen Supersweet Sweetcorn,750g,£1.40,£1.87/kg,,Waitrose Brands
551289,Essential Frozen Dark Sweet Pitted Cherries,G,false,252,https://ecom-su-static-prod.wtrecom.com/images/products/3/LN_551289_BP_3.jpg,https://www.waitrose.com/ecom/products/essential-frozen-dark-sweet-pitted-cherries/551289-459695-459696,Essential Frozen Dark Sweet Pitted Cherries,400g,£2.35,58.8p/100g,,Waitrose Brands
640564,No.1 Chestnut Scottish Smoked Salmon,G,false,253,https://ecom-su-static-prod.wtrecom.com/images/products/3/LN_640564_BP_3.jpg,https://www.waitrose.com/ecom/products/no1-chestnut-scottish-smoked-salmon/640564-634930-634931,No.1 Chestnut Scottish Smoked Salmon,100g,£6.95,£6.95/100g,,Waitrose Brands
006215,Essential Plain White Flour,G,false,254,https://ecom-su-static-prod.wtrecom.com/images/products/3/LN_006215_BP_3.jpg,https://www.waitrose.com/ecom/products/essential-plain-white-flour/006215-2730-2731,Essential Plain White Flour,1.5kg,85p,56.7p/kg,,Waitrose Brands
034638,Essential Tartare Sauce,G,false,255,https://ecom-su-static-prod.wtrecom.com/images/products/3/LN_034638_BP_3.jpg,https://www.waitrose.com/ecom/products/essential-tartare-sauce/034638-17435-17436,Essential Tartare Sauce,290g,£1.50,51.7p/100g,,Waitrose Brands
012673,Essential Salted Butter Large,G,false,256,https://ecom-su-static-prod.wtrecom.com/images/products/3/LN_012673_BP_3.jpg,https://www.waitrose.com/ecom/products/essential-salted-butter-large/012673-6212-6213,Essential Salted Butter Large,500g,£3.50,£7/kg,,Waitrose Brands
058977,Essential Still Natural Mineral Water,G,false,257,https://ecom-su-static-prod.wtrecom.com/images/products/3/LN_058977_BP_3.jpg,https://www.waitrose.com/ecom/products/essential-still-natural-mineral-water/058977-29684-29685,Essential Still Natural Mineral Water,6x500ml,£1.70,5.7p/100ml,,Waitrose Brands
882160,Waitrose Extra Large Pineapple,G,true,258,https://ecom-su-static-prod.wtrecom.com/images/products/3/LN_882160_BP_3.jpg,https://www.waitrose.com/ecom/products/waitrose-extra-large-pineapple/882160-428482-428483,Waitrose Extra Large Pineapple,Each,£2.25,£2.25 each,Add 2 for £4,Waitrose Brands
796466,Essential 10 Unsmoked British Bacon Rashers,G,false,259,https://ecom-su-static-prod.wtrecom.com/images/products/3/LN_796466_BP_3.jpg,https://www.waitrose.com/ecom/products/essential-10-unsmoked-british-bacon-rashers/796466-143216-143217,Essential 10 Unsmoked British Bacon Rashers,300g,£2.95,£9.84/kg,,Waitrose Brands
752051,Waitrose Essential Pitted Green Olives,G,false,260,https://ecom-su-static-prod.wtrecom.com/images/products/3/LN_752051_BP_3.jpg,https://www.waitrose.com/ecom/products/waitrose-essential-pitted-green-olives/752051-202417-202418,Waitrose Essential Pitted Green Olives,120g,£2.00,£1.67/100g,,Waitrose Brands
719212,No.1 Royal Deeside Sparkling Water,G,false,261,https://ecom-su-static-prod.wtrecom.com/images/products/3/LN_719212_BP_3.jpg,https://www.waitrose.com/ecom/products/no1-royal-deeside-sparkling-water/719212-102205-102206,No.1 Royal Deeside Sparkling Water,750ml,£1.50,20p/100ml,,Waitrose Brands
878575,Essential 30% Reduced Fat Cypriot Halloumi Grilling Cheese,G,false,262,https://ecom-su-static-prod.wtrecom.com/images/products/3/LN_878575_BP_3.jpg,https://www.waitrose.com/ecom/products/essential-30-reduced-fat-cypriot-halloumi-grilling-cheese/878575-229643-229644,Essential 30% Reduced Fat Cypriot Halloumi Grilling Cheese,250g,£2.50,£10/kg,,Waitrose Brands
001308,Essential Fruit & Nut Muesli,G,false,263,https://ecom-su-static-prod.wtrecom.com/images/products/3/LN_001308_BP_3.jpg,https://www.waitrose.com/ecom/products/essential-fruit-nut-muesli/001308-218-219,Essential Fruit & Nut Muesli,1kg,£3.00,30p/100g,,Waitrose Brands
054209,Essential Frozen British Broccoli Florets,G,false,264,https://ecom-su-static-prod.wtrecom.com/images/products/3/LN_054209_BP_3.jpg,https://www.waitrose.com/ecom/products/essential-frozen-british-broccoli-florets/054209-27201-27202,Essential Frozen British Broccoli Florets,750g,£1.30,£1.74/kg,,Waitrose Brands
856360,Waitrose Shallots,G,false,265,https://ecom-su-static-prod.wtrecom.com/images/products/3/LN_856360_BP_3.jpg,https://www.waitrose.com/ecom/products/waitrose-shallots/856360-694024-694025,Waitrose Shallots,,£3.50,per kg,,Waitrose Brands
081578,Essential White Giant Baps,G,false,266,https://ecom-su-static-prod.wtrecom.com/images/products/3/LN_081578_BP_3.jpg,https://www.waitrose.com/ecom/products/essential-white-giant-baps/081578-41501-41502,Essential White Giant Baps,4s,90p,22.5p each,,Waitrose Brands
085315,Duchy Organic Ridge Cucumber,G,false,267,https://ecom-su-static-prod.wtrecom.com/images/products/3/LN_085315_BP_3.jpg,https://www.waitrose.com/ecom/products/duchy-organic-ridge-cucumber/085315-43394-43395,Duchy Organic Ridge Cucumber,Each,£1.65,£1.65 each,,Waitrose Brands
444321,No.1 Wood-fired Spicy Calabrian Salami Sourdough Pizza,G,false,268,https://ecom-su-static-prod.wtrecom.com/images/products/3/LN_444321_BP_3.jpg,https://www.waitrose.com/ecom/products/no1-wood-fired-spicy-calabrian-salami-sourdough-pizza/444321-702493-702494,No.1 Wood-fired Spicy Calabrian Salami Sourdough Pizza,490g,£5.95,£12.15/kg,,Waitrose Brands
024699,Essential Squeezy Honey,G,false,269,https://ecom-su-static-prod.wtrecom.com/images/products/3/LN_024699_BP_3.jpg,https://www.waitrose.com/ecom/products/essential-squeezy-honey/024699-11962-11963,Essential Squeezy Honey,454g,£2.35,51.8p/100g,,Waitrose Brands
029405,Waitrose Cream of Tomato Soup,G,false,270,https://ecom-su-static-prod.wtrecom.com/images/products/3/LN_029405_BP_3.jpg,https://www.waitrose.com/ecom/products/waitrose-cream-of-tomato-soup/029405-14369-14370,Waitrose Cream of Tomato Soup,400g,70p,17.5p/100g,,Waitrose Brands
085428,Essential Runner Beans,G,false,271,https://ecom-su-static-prod.wtrecom.com/images/products/3/LN_085428_BP_3.jpg,https://www.waitrose.com/ecom/products/essential-runner-beans/085428-43472-43473,Essential Runner Beans,280g,£2.20,£7.86/kg,,Waitrose Brands
086513,No.1 Jack Hawkins Tomatoes,G,true,272,https://ecom-su-static-prod.wtrecom.com/images/products/3/LN_086513_BP_3.jpg,https://www.waitrose.com/ecom/products/no1-jack-hawkins-tomatoes/086513-44196-44197,No.1 Jack Hawkins Tomatoes,,£4.44,per kg,20% Off. Was £5.55,Waitrose Brands
034482,Essential Pitted Black Olives,G,false,273,https://ecom-su-static-prod.wtrecom.com/images/products/3/LN_034482_BP_3.jpg,https://www.waitrose.com/ecom/products/essential-pitted-black-olives/034482-17313-17314,Essential Pitted Black Olives,drained 150g,£1.40,93.3p/100g,,Waitrose Brands
022524,Duchy Organic Spinach,G,false,274,https://ecom-su-static-prod.wtrecom.com/images/products/3/LN_022524_BP_3.jpg,https://www.waitrose.com/ecom/products/duchy-organic-spinach/022524-10989-10990,Duchy Organic Spinach,200g,£2.10,£10.50/kg,,Waitrose Brands
869600,Essential Side Salad,G,false,275,https://ecom-su-static-prod.wtrecom.com/images/products/3/LN_869600_BP_3.jpg,https://www.waitrose.com/ecom/products/essential-side-salad/869600-177458-177459,Essential Side Salad,150g,£1.50,£1/100g,,Waitrose Brands
071559,Essential Large Soft White Tissues,G,false,276,https://ecom-su-static-prod.wtrecom.com/images/products/3/LN_071559_BP_3.jpg,https://www.waitrose.com/ecom/products/essential-large-soft-white-tissues/071559-36312-36313,Essential Large Soft White Tissues,100 sheets,£1.90,19p/10 sheets,,Waitrose Brands
824332,Essential Antibac + Handwash,G,false,277,https://ecom-su-static-prod.wtrecom.com/images/products/3/LN_824332_BP_3.jpg,https://www.waitrose.com/ecom/products/essential-antibac-handwash/824332-313474-313475,Essential Antibac + Handwash,250ml,80p,32p/100ml,,Waitrose Brands
521575,Waitrose Tenderstem Broccoli Spears,G,true,278,https://ecom-su-static-prod.wtrecom.com/images/products/3/LN_521575_BP_3.jpg,https://www.waitrose.com/ecom/products/waitrose-tenderstem-broccoli-spears/521575-549946-549947,Waitrose Tenderstem Broccoli Spears,300g,£1.95,£6.50/kg,25% Off. Was £2.60,Waitrose Brands
088133,Essential Home Ripening Apricots,G,false,279,https://ecom-su-static-prod.wtrecom.com/images/products/3/LN_088133_BP_3.jpg,https://www.waitrose.com/ecom/products/essential-home-ripening-apricots/088133-45115-45116,Essential Home Ripening Apricots,320g,£2.80,£8.75/kg,,Waitrose Brands
085446,Essential Butternut Squash,G,false,280,https://ecom-su-static-prod.wtrecom.com/images/products/3/LN_085446_BP_3.jpg,https://www.waitrose.com/ecom/products/essential-butternut-squash/085446-43498-43499,Essential Butternut Squash,Each,£1.60,£1.60 each,,Waitrose Brands
078724,Essential Sliced Gouda Cheese Strength 2,G,false,281,https://ecom-su-static-prod.wtrecom.com/images/products/3/LN_078724_BP_3.jpg,https://www.waitrose.com/ecom/products/essential-sliced-gouda-cheese-strength-2/078724-40077-40078,Essential Sliced Gouda Cheese Strength 2,250g,£2.80,£11.20/kg,,Waitrose Brands
791258,Levantine Table 2 Handstretched Flatbreads,G,false,282,https://ecom-su-static-prod.wtrecom.com/images/products/3/LN_791258_BP_3.jpg,https://www.waitrose.com/ecom/products/levantine-table-2-handstretched-flatbreads/791258-743616-743617,Levantine Table 2 Handstretched Flatbreads,200g,£1.60,80p/100g,,Waitrose Brands
025333,Essential Sugar Free Lemonade,G,false,283,https://ecom-su-static-prod.wtrecom.com/images/products/3/LN_025333_BP_3.jpg,https://www.waitrose.com/ecom/products/essential-sugar-free-lemonade/025333-12318-12319,Essential Sugar Free Lemonade,2litre,70p,3.5p/100ml,,Waitrose Brands
411519,Duchy Organic English Salted Butter,G,false,284,https://ecom-su-static-prod.wtrecom.com/images/products/3/LN_411519_BP_3.jpg,https://www.waitrose.com/ecom/products/duchy-organic-english-salted-butter/411519-57914-57915,Duchy Organic English Salted Butter,250g,£3.25,£13/kg,,Waitrose Brands
070805,Duchy Organic Skimmed Milk 2 Pints,G,false,285,https://ecom-su-static-prod.wtrecom.com/images/products/3/LN_070805_BP_3.jpg,https://www.waitrose.com/ecom/products/duchy-organic-skimmed-milk-2-pints/070805-35887-35888,Duchy Organic Skimmed Milk 2 Pints,1.136litre,£1.65,£1.46/litre,,Waitrose Brands
732781,Essential Bran Flakes,G,false,286,https://ecom-su-static-prod.wtrecom.com/images/products/3/LN_732781_BP_3.jpg,https://www.waitrose.com/ecom/products/essential-bran-flakes/732781-104123-104124,Essential Bran Flakes,750g,£1.50,20p/100g,,Waitrose Brands
017136,Essential Spaghetti,G,false,287,https://ecom-su-static-prod.wtrecom.com/images/products/3/LN_017136_BP_3.jpg,https://www.waitrose.com/ecom/products/essential-spaghetti/017136-8267-8268,Essential Spaghetti,1kg,£1.40,£1.40/kg,,Waitrose Brands
009882,Essential Frozen Whole Leaf Spinach,G,false,288,https://ecom-su-static-prod.wtrecom.com/images/products/3/LN_009882_BP_3.jpg,https://www.waitrose.com/ecom/products/essential-frozen-whole-leaf-spinach/009882-4912-4913,Essential Frozen Whole Leaf Spinach,750g,£1.75,£2.34/kg,,Waitrose Brands
042277,Essential Beansprouts,G,true,289,https://ecom-su-static-prod.wtrecom.com/images/products/3/LN_042277_BP_3.jpg,https://www.waitrose.com/ecom/products/essential-beansprouts/042277-20928-20929,Essential Beansprouts,250g,80p,32p/100g,"£7 Stir Fry Meal Deal: Add protein, veg, sauce & rice or noodles",Waitrose Brands
088459,Essential Mini Easy Peelers,G,true,290,https://ecom-su-static-prod.wtrecom.com/images/products/3/LN_088459_BP_3.jpg,https://www.waitrose.com/ecom/products/essential-mini-easy-peelers/088459-45399-45400,Essential Mini Easy Peelers,600g,£1.50,£2.50/kg,Add 2 for £2.50,Waitrose Brands
428265,Essential 10 Smoked British Bacon Rashers,G,false,291,https://ecom-su-static-prod.wtrecom.com/images/products/3/LN_428265_BP_3.jpg,https://www.waitrose.com/ecom/products/essential-10-smoked-british-bacon-rashers/428265-142206-142207,Essential 10 Smoked British Bacon Rashers,300g,£2.95,£9.84/kg,,Waitrose Brands
546080,"Essential Chicken Legs, Skin-on & Bone-in",G,false,292,https://ecom-su-static-prod.wtrecom.com/images/products/3/LN_546080_BP_3.jpg,https://www.waitrose.com/ecom/products/essential-chicken-legs-skin-on-bone-in/546080-369382-369383,"Essential Chicken Legs, Skin-on & Bone-in",Typical weight 0.53kg,£1.59 each est.,£3.00/kg,,Waitrose Brands
812801,Essential Sliced Cheese for Burgers Strength 2,G,false,293,https://ecom-su-static-prod.wtrecom.com/images/products/3/LN_812801_BP_3.jpg,https://www.waitrose.com/ecom/products/essential-sliced-cheese-for-burgers-strength-2/812801-268240-268241,Essential Sliced Cheese for Burgers Strength 2,200g,£1.50,£7.50/kg,,Waitrose Brands
085205,Waitrose Red Cabbage,G,false,294,https://ecom-su-static-prod.wtrecom.com/images/products/3/LN_085205_BP_3.jpg,https://www.waitrose.com/ecom/products/waitrose-red-cabbage/085205-43272-43273,Waitrose Red Cabbage,Typical weight 0.54kg,62p each est.,£1.15/kg,,Waitrose Brands
883134,Essential Floor Wipes,G,false,295,https://ecom-su-static-prod.wtrecom.com/images/products/3/LN_883134_BP_3.jpg,https://www.waitrose.com/ecom/products/essential-floor-wipes/883134-366641-366642,Essential Floor Wipes,15s,£1.10,7.3p each,,Waitrose Brands
700325,Duchy Organic Butter Beans,G,false,296,https://ecom-su-static-prod.wtrecom.com/images/products/3/LN_700325_BP_3.jpg,https://www.waitrose.com/ecom/products/duchy-organic-butter-beans/700325-747680-747681,Duchy Organic Butter Beans,drained 244g,£1.15,£4.72/kg,,Waitrose Brands
553470,Essential Medium Cheddar Cheese Strength 3,G,false,297,https://ecom-su-static-prod.wtrecom.com/images/products/3/LN_553470_BP_3.jpg,https://www.waitrose.com/ecom/products/essential-medium-cheddar-cheese-strength-3/553470-451638-451639,Essential Medium Cheddar Cheese Strength 3,350g,£2.60,£7.43/kg,,Waitrose Brands
678069,Essential Extra Mature Grated Cheddar Cheese Strength 6,G,false,298,https://ecom-su-static-prod.wtrecom.com/images/products/3/LN_678069_BP_3.jpg,https://www.waitrose.com/ecom/products/essential-extra-mature-grated-cheddar-cheese-strength-6/678069-96313-96314,Essential Extra Mature Grated Cheddar Cheese Strength 6,250g,£2.80,£11.20/kg,,Waitrose Brands
873276,No.1 2 Sicilian Lemon Tarts,G,true,299,https://ecom-su-static-prod.wtrecom.com/images/products/3/LN_873276_BP_3.jpg,https://www.waitrose.com/ecom/products/no1-2-sicilian-lemon-tarts/873276-719971-719972,No.1 2 Sicilian Lemon Tarts,2x75g,£4.50,£3/100g,£12 Our Very Best Dine In: Add Main + Side + Starter or Dessert,Waitrose Brands
033687,Essential Slicing Tomatoes,G,false,300,https://ecom-su-static-prod.wtrecom.com/images/products/3/LN_033687_BP_3.jpg,https://www.waitrose.com/ecom/products/essential-slicing-tomatoes/033687-16887-16888,Essential Slicing Tomatoes,2s,£1.80,90p each,,Waitrose Brands
740318,Duchy Organic Leeks,G,false,301,https://ecom-su-static-prod.wtrecom.com/images/products/3/LN_740318_BP_3.jpg,https://www.waitrose.com/ecom/products/duchy-organic-leeks/740318-443842-443843,Duchy Organic Leeks,350g,£1.80,£5.15/kg,,Waitrose Brands
060840,Essential Mushrooms,G,false,302,https://ecom-su-static-prod.wtrecom.com/images/products/3/LN_060840_BP_3.jpg,https://www.waitrose.com/ecom/products/essential-mushrooms/060840-30754-30755,Essential Mushrooms,500g,£1.65,£3.30/kg,,Waitrose Brands
035308,Essential Long Life Whole Milk,G,false,303,https://ecom-su-static-prod.wtrecom.com/images/products/3/LN_035308_BP_3.jpg,https://www.waitrose.com/ecom/products/essential-long-life-whole-milk/035308-17783-17784,Essential Long Life Whole Milk,1litre,£1.00,£1/litre,,Waitrose Brands
053445,Essential British Free Range Skimmed Milk 1 Pint,G,false,304,https://ecom-su-static-prod.wtrecom.com/images/products/3/LN_053445_BP_3.jpg,https://www.waitrose.com/ecom/products/essential-british-free-range-skimmed-milk-1-pint/053445-26743-26744,Essential British Free Range Skimmed Milk 1 Pint,568ml,95p,£1.68/litre,,Waitrose Brands
771714,Levantine Table Sweet Potato Falafels,G,false,305,https://ecom-su-static-prod.wtrecom.com/images/products/3/LN_771714_BP_3.jpg,https://www.waitrose.com/ecom/products/levantine-table-sweet-potato-falafels/771714-755673-755674,Levantine Table Sweet Potato Falafels,192g,£3.75,£1.96/100g,,Waitrose Brands
784091,Duchy Organic Cooked King Prawns,G,false,306,https://ecom-su-static-prod.wtrecom.com/images/products/3/LN_784091_BP_3.jpg,https://www.waitrose.com/ecom/products/duchy-organic-cooked-king-prawns/784091-538917-538918,Duchy Organic Cooked King Prawns,150g,£5.35,£3.57/100g,,Waitrose Brands
054211,Essential Frozen British Baby Broad Beans,G,false,307,https://ecom-su-static-prod.wtrecom.com/images/products/3/LN_054211_BP_3.jpg,https://www.waitrose.com/ecom/products/essential-frozen-british-baby-broad-beans/054211-27203-27204,Essential Frozen British Baby Broad Beans,500g,£1.50,£3/kg,,Waitrose Brands
837532,Cooks' Ingredients Smoked Pancetta,G,true,308,https://ecom-su-static-prod.wtrecom.com/images/products/3/LN_837532_BP_3.jpg,https://www.waitrose.com/ecom/products/cooks-ingredients-smoked-pancetta/837532-280805-280806,Cooks' Ingredients Smoked Pancetta,2x77g,£2.40,£1.56/100g,20% Off. Was £3.00,Waitrose Brands
528115,No.1 Free Range Wiltshire Cured Ham,G,false,309,https://ecom-su-static-prod.wtrecom.com/images/products/3/LN_528115_BP_3.jpg,https://www.waitrose.com/ecom/products/no1-free-range-wiltshire-cured-ham/528115-704971-704972,No.1 Free Range Wiltshire Cured Ham,100g,£4.00,£4/100g,,Waitrose Brands
855493,No.1 Icelandic Cod Loin MSC,G,false,310,https://ecom-su-static-prod.wtrecom.com/images/products/3/LN_855493_BP_3.jpg,https://www.waitrose.com/ecom/products/no1-icelandic-cod-loin-msc/855493-502991-502992,No.1 Icelandic Cod Loin MSC,260g,£6.75,£25.97/kg,,Waitrose Brands
075149,Duchy Organic Roast Turkey Breast,G,false,311,https://ecom-su-static-prod.wtrecom.com/images/products/3/LN_075149_BP_3.jpg,https://www.waitrose.com/ecom/products/duchy-organic-roast-turkey-breast/075149-38130-38131,Duchy Organic Roast Turkey Breast,80g,£4.00,£5/100g,,Waitrose Brands
006217,Essential Strong White Bread Flour,G,false,312,https://ecom-su-static-prod.wtrecom.com/images/products/3/LN_006217_BP_3.jpg,https://www.waitrose.com/ecom/products/essential-strong-white-bread-flour/006217-2734-2735,Essential Strong White Bread Flour,1.5kg,£1.40,93.3p/kg,,Waitrose Brands
879058,"No.1 Wood-fired King Prawn, Garlic & Chilli Sourdough Pizza",G,false,313,https://ecom-su-static-prod.wtrecom.com/images/products/3/LN_879058_BP_3.jpg,https://www.waitrose.com/ecom/products/no1-wood-fired-king-prawn-garlic-chilli-sourdough-pizza/879058-703660-703661,"No.1 Wood-fired King Prawn, Garlic & Chilli Sourdough Pizza",464g,£5.95,£12.83/kg,,Waitrose Brands
520941,Duchy Organic Courgettes,G,false,314,https://ecom-su-static-prod.wtrecom.com/images/products/3/LN_520941_BP_3.jpg,https://www.waitrose.com/ecom/products/duchy-organic-courgettes/520941-137985-137986,Duchy Organic Courgettes,300g,£2.50,£8.34/kg,,Waitrose Brands
068324,Duchy Organic Romano Peppers,G,false,315,https://ecom-su-static-prod.wtrecom.com/images/products/3/LN_068324_BP_3.jpg,https://www.waitrose.com/ecom/products/duchy-organic-romano-peppers/068324-34683-34684,Duchy Organic Romano Peppers,180g,£2.30,£12.78/kg,,Waitrose Brands
865820,865820 - Essential Frozen Mango Chunks,G,false,316,https://ecom-su-static-prod.wtrecom.com/images/products/3/LN_865820_BP_3.jpg,https://www.waitrose.com/ecom/products/865820-essential-frozen-mango-chunks/865820-679293-679294,865820 - Essential Frozen Mango Chunks,450g,£2.35,52.2p/100g,,Waitrose Brands
085558,Duchy Organic Peppers,G,false,317,https://ecom-su-static-prod.wtrecom.com/images/products/3/LN_085558_BP_3.jpg,https://www.waitrose.com/ecom/products/duchy-organic-peppers/085558-43652-43653,Duchy Organic Peppers,2s,£2.25,£1.13 each,,Waitrose Brands
650101,Cooks' Ingredients Frozen Diced Onions,G,false,318,https://ecom-su-static-prod.wtrecom.com/images/products/3/LN_650101_BP_3.jpg,https://www.waitrose.com/ecom/products/cooks-ingredients-frozen-diced-onions/650101-154639-154640,Cooks' Ingredients Frozen Diced Onions,500g,£1.50,£3/kg,,Waitrose Brands
088404,Waitrose Duchy Organic Oranges,G,false,319,https://ecom-su-static-prod.wtrecom.com/images/products/3/LN_088404_BP_3.jpg,https://www.waitrose.com/ecom/products/waitrose-duchy-organic-oranges/088404-428557-45350,Waitrose Duchy Organic Oranges,4s,£2.00,50p each,,Waitrose Brands
001204,Essential Corn Flakes,G,false,320,https://ecom-su-static-prod.wtrecom.com/images/products/3/LN_001204_BP_3.jpg,https://www.waitrose.com/ecom/products/essential-corn-flakes/001204-144-145,Essential Corn Flakes,500g,£1.00,20p/100g,,Waitrose Brands
034538,Essential Mayonnaise,G,false,321,https://ecom-su-static-prod.wtrecom.com/images/products/3/LN_034538_BP_3.jpg,https://www.waitrose.com/ecom/products/essential-mayonnaise/034538-17345-17346,Essential Mayonnaise,500ml,£1.30,26p/100ml,,Waitrose Brands
011269,Cooks' Ingredients Unwaxed Limes,G,true,322,https://ecom-su-static-prod.wtrecom.com/images/products/3/LN_011269_BP_3.jpg,https://www.waitrose.com/ecom/products/cooks-ingredients-unwaxed-limes/011269-5598-5599,Cooks' Ingredients Unwaxed Limes,4s,£1.44,36p each,20% Off. Was £1.80,Waitrose Brands
073603,Essential 10 Frozen Cod Fish Fingers MSC,G,false,323,https://ecom-su-static-prod.wtrecom.com/images/products/3/LN_073603_BP_3.jpg,https://www.waitrose.com/ecom/products/essential-10-frozen-cod-fish-fingers-msc/073603-37332-37333,Essential 10 Frozen Cod Fish Fingers MSC,300g,£2.75,£9.17/kg,,Waitrose Brands
567778,Essential Breaded Chicken Pops,G,false,324,https://ecom-su-static-prod.wtrecom.com/images/products/3/LN_567778_BP_3.jpg,https://www.waitrose.com/ecom/products/essential-breaded-chicken-pops/567778-721260-721261,Essential Breaded Chicken Pops,250g,£2.75,£11/kg,,Waitrose Brands
679338,Essential Hot Cross Buns,G,false,325,https://ecom-su-static-prod.wtrecom.com/images/products/3/LN_679338_BP_3.jpg,https://www.waitrose.com/ecom/products/essential-hot-cross-buns/679338-794952-794953,Essential Hot Cross Buns,4s,£1.00,25p each,,Waitrose Brands
658244,Essential Tomato & Basil Pasta Sauce,G,false,326,https://ecom-su-static-prod.wtrecom.com/images/products/3/LN_658244_BP_3.jpg,https://www.waitrose.com/ecom/products/essential-tomato-basil-pasta-sauce/658244-697886-697887,Essential Tomato & Basil Pasta Sauce,340g,£1.00,29.4p/100g,,Waitrose Brands
496432,Essential Italian Mozzarella Cheese Strength 1 Large,G,false,327,https://ecom-su-static-prod.wtrecom.com/images/products/3/LN_496432_BP_3.jpg,https://www.waitrose.com/ecom/products/essential-italian-mozzarella-cheese-strength-1-large/496432-229035-229036,Essential Italian Mozzarella Cheese Strength 1 Large,drained 250g,£2.20,£8.80/kg,,Waitrose Brands
019543,Essential Lentils in Water,G,false,328,https://ecom-su-static-prod.wtrecom.com/images/products/3/LN_019543_BP_3.jpg,https://www.waitrose.com/ecom/products/essential-lentils-in-water/019543-9473-9474,Essential Lentils in Water,drained 260g,70p,£2.70/kg,,Waitrose Brands
086673,Essential Single Cream Small,G,false,329,https://ecom-su-static-prod.wtrecom.com/images/products/3/LN_086673_BP_3.jpg,https://www.waitrose.com/ecom/products/essential-single-cream-small/086673-44301-44302,Essential Single Cream Small,150ml,80p,53.3p/100ml,,Waitrose Brands
019708,Essential Chopped Tomatoes in Natural Juice,G,false,330,https://ecom-su-static-prod.wtrecom.com/images/products/3/LN_019708_BP_3.jpg,https://www.waitrose.com/ecom/products/essential-chopped-tomatoes-in-natural-juice/019708-9577-9578,Essential Chopped Tomatoes in Natural Juice,227g,50p,£2.21/kg,,Waitrose Brands
033981,No. 1 Freshly Squeezed Smooth Orange Juice,G,false,331,https://ecom-su-static-prod.wtrecom.com/images/products/3/LN_033981_BP_3.jpg,https://www.waitrose.com/ecom/products/no-1-freshly-squeezed-smooth-orange-juice/033981-17007-17008,No. 1 Freshly Squeezed Smooth Orange Juice,1litre,£3.40,34p/100ml,,Waitrose Brands
732136,Essential Breaded Chicken Breast Steaks 4,G,true,332,https://ecom-su-static-prod.wtrecom.com/images/products/3/LN_732136_BP_3.jpg,https://www.waitrose.com/ecom/products/essential-breaded-chicken-breast-steaks-4/732136-104015-104016,Essential Breaded Chicken Breast Steaks 4,505g,£5.40,£10.70/kg,Add 3 for £12,Waitrose Brands
703502,No.1 Spelt Sourdough Bread,G,false,333,https://ecom-su-static-prod.wtrecom.com/images/products/3/LN_703502_BP_3.jpg,https://www.waitrose.com/ecom/products/no1-spelt-sourdough-bread/703502-525844-525845,No.1 Spelt Sourdough Bread,500g,£2.70,54p/100g,,Waitrose Brands
004601,Essential Pure Clear Honey,G,false,334,https://ecom-su-static-prod.wtrecom.com/images/products/3/LN_004601_BP_3.jpg,https://www.waitrose.com/ecom/products/essential-pure-clear-honey/004601-1947-1948,Essential Pure Clear Honey,454g,£1.75,38.5p/100g,,Waitrose Brands
830135,Essential Raw King Prawns ASC,G,true,335,https://ecom-su-static-prod.wtrecom.com/images/products/3/LN_830135_BP_3.jpg,https://www.waitrose.com/ecom/products/essential-raw-king-prawns-asc/830135-498220-498221,Essential Raw King Prawns ASC,165g,£4.25,£25.76/kg,"£7 Stir Fry Meal Deal: Add protein, veg, sauce & rice or noodles",Waitrose Brands
019524,Essential Red Kidney Beans in Chilli Sauce,G,false,336,https://ecom-su-static-prod.wtrecom.com/images/products/3/LN_019524_BP_3.jpg,https://www.waitrose.com/ecom/products/essential-red-kidney-beans-in-chilli-sauce/019524-9453-9454,Essential Red Kidney Beans in Chilli Sauce,395g,£1.00,£2.54/kg,,Waitrose Brands
711694,Waitrose Swede,G,false,337,https://ecom-su-static-prod.wtrecom.com/images/products/3/LN_711694_BP_3.jpg,https://www.waitrose.com/ecom/products/waitrose-swede/711694-759814-759815,Waitrose Swede,Each,70p,70p each,,Waitrose Brands
055290,Duchy Organic Chicken Breast Fillets 2,G,false,338,https://ecom-su-static-prod.wtrecom.com/images/products/3/LN_055290_BP_3.jpg,https://www.waitrose.com/ecom/products/duchy-organic-chicken-breast-fillets-2/055290-27757-27758,Duchy Organic Chicken Breast Fillets 2,Typical weight 440g,£12.32 each est.,£2.80/100g,,Waitrose Brands
897805,Essential British Beef Sirloin Steak,G,false,339,https://ecom-su-static-prod.wtrecom.com/images/products/3/LN_897805_BP_3.jpg,https://www.waitrose.com/ecom/products/essential-british-beef-sirloin-steak/897805-676948-676949,Essential British Beef Sirloin Steak,200g,£4.95,£24.75/kg,,Waitrose Brands
894969,Essential 12 British Pork Sausages,G,false,340,https://ecom-su-static-prod.wtrecom.com/images/products/3/LN_894969_BP_3.jpg,https://www.waitrose.com/ecom/products/essential-12-british-pork-sausages/894969-409672-409673,Essential 12 British Pork Sausages,681g,£2.25,£3.31/kg,,Waitrose Brands
081286,Essential Plum Tomatoes,G,false,341,https://ecom-su-static-prod.wtrecom.com/images/products/3/LN_081286_BP_3.jpg,https://www.waitrose.com/ecom/products/essential-plum-tomatoes/081286-41343-41344,Essential Plum Tomatoes,500g,£1.70,£3.40/kg,,Waitrose Brands
623293,Duchy Organic Smoked Salmon,G,false,342,https://ecom-su-static-prod.wtrecom.com/images/products/3/LN_623293_BP_3.jpg,https://www.waitrose.com/ecom/products/duchy-organic-smoked-salmon/623293-157017-157018,Duchy Organic Smoked Salmon,120g,£8.50,£7.09/100g,,Waitrose Brands
810359,No. 1 Sicilian Blood Orange Juice,G,false,343,https://ecom-su-static-prod.wtrecom.com/images/products/3/LN_810359_BP_3.jpg,https://www.waitrose.com/ecom/products/no-1-sicilian-blood-orange-juice/810359-337196-337197,No. 1 Sicilian Blood Orange Juice,1litre,£3.50,35p/100ml,,Waitrose Brands
006212,Essential Self Raising White Wheat Flour,G,false,344,https://ecom-su-static-prod.wtrecom.com/images/products/3/LN_006212_BP_3.jpg,https://www.waitrose.com/ecom/products/essential-self-raising-white-wheat-flour/006212-2728-2729,Essential Self Raising White Wheat Flour,1.5kg,85p,56.7p/kg,,Waitrose Brands
610378,No. 1 Barrel Aged Greek Feta Cheese PDO Strength 4,G,false,345,https://ecom-su-static-prod.wtrecom.com/images/products/3/LN_610378_BP_3.jpg,https://www.waitrose.com/ecom/products/no-1-barrel-aged-greek-feta-cheese-pdo-strength-4/610378-493044-493045,No. 1 Barrel Aged Greek Feta Cheese PDO Strength 4,drained 2x100g,£3.55,£17.75/kg,,Waitrose Brands
813558,Duchy Organic Chickpeas in Water,G,false,346,https://ecom-su-static-prod.wtrecom.com/images/products/3/LN_813558_BP_3.jpg,https://www.waitrose.com/ecom/products/duchy-organic-chickpeas-in-water/813558-747686-747687,Duchy Organic Chickpeas in Water,drained 246g,£1.15,£4.68/kg,,Waitrose Brands
061131,Essential Carrot Batons,G,false,347,https://ecom-su-static-prod.wtrecom.com/images/products/3/LN_061131_BP_3.jpg,https://www.waitrose.com/ecom/products/essential-carrot-batons/061131-30914-30915,Essential Carrot Batons,400g,£1.35,33.8p/100g,,Waitrose Brands
409588,Essential NAS Cranberry Juice Drink,G,false,348,https://ecom-su-static-prod.wtrecom.com/images/products/3/LN_409588_BP_3.jpg,https://www.waitrose.com/ecom/products/essential-nas-cranberry-juice-drink/409588-723621-723622,Essential NAS Cranberry Juice Drink,1litre,£1.40,14p/100ml,,Waitrose Brands
016139,Essential Low Fat Cottage Cheese Strength 1,G,false,349,https://ecom-su-static-prod.wtrecom.com/images/products/3/LN_016139_BP_3.jpg,https://www.waitrose.com/ecom/products/essential-low-fat-cottage-cheese-strength-1/016139-7724-7725,Essential Low Fat Cottage Cheese Strength 1,300g,£1.40,£4.67/kg,,Waitrose Brands
034128,Essential Vegetable Oil,G,false,350,https://ecom-su-static-prod.wtrecom.com/images/products/3/LN_034128_BP_3.jpg,https://www.waitrose.com/ecom/products/essential-vegetable-oil/034128-17079-17080,Essential Vegetable Oil,1litre,£2.10,21p/100ml,,Waitrose Brands
563021,Duchy Organic Soft Cheese Strength 1,G,false,351,https://ecom-su-static-prod.wtrecom.com/images/products/3/LN_563021_BP_3.jpg,https://www.waitrose.com/ecom/products/duchy-organic-soft-cheese-strength-1/563021-319582-319583,Duchy Organic Soft Cheese Strength 1,250g,£2.30,£9.20/kg,,Waitrose Brands
053428,Essential Soured Cream,G,false,352,https://ecom-su-static-prod.wtrecom.com/images/products/3/LN_053428_BP_3.jpg,https://www.waitrose.com/ecom/products/essential-soured-cream/053428-26727-26728,Essential Soured Cream,300ml,£1.10,36.7p/100ml,,Waitrose Brands
037011,No.1 Free Range Corn Fed Whole Chicken,G,false,353,https://ecom-su-static-prod.wtrecom.com/images/products/3/LN_037011_BP_3.jpg,https://www.waitrose.com/ecom/products/no1-free-range-corn-fed-whole-chicken/037011-18529-18530,No.1 Free Range Corn Fed Whole Chicken,Typical weight 1.58kg,£14.22 each est.,£9/kg,,Waitrose Brands
012901,Essential Smooth Orange Juice,G,false,354,https://ecom-su-static-prod.wtrecom.com/images/products/3/LN_012901_BP_3.jpg,https://www.waitrose.com/ecom/products/essential-smooth-orange-juice/012901-6292-6293,Essential Smooth Orange Juice,1litre,£1.50,15p/100ml,,Waitrose Brands
052554,Duchy Organic Kale,G,false,355,https://ecom-su-static-prod.wtrecom.com/images/products/3/LN_052554_BP_3.jpg,https://www.waitrose.com/ecom/products/duchy-organic-kale/052554-26201-26202,Duchy Organic Kale,180g,£1.90,£10.56/kg,,Waitrose Brands
089682,No.1 Madagascan Vanilla Ice Cream,G,true,356,https://ecom-su-static-prod.wtrecom.com/images/products/3/LN_089682_BP_3.jpg,https://www.waitrose.com/ecom/products/no1-madagascan-vanilla-ice-cream/089682-46236-46237,No.1 Madagascan Vanilla Ice Cream,500ml,£3.00,60p/100ml,25% Off. Was £4.40,Waitrose Brands
767087,Essential Dark Choc Ices,G,false,357,https://ecom-su-static-prod.wtrecom.com/images/products/3/LN_767087_BP_3.jpg,https://www.waitrose.com/ecom/products/essential-dark-choc-ices/767087-767663-767664,Essential Dark Choc Ices,6x70ml,£1.70,40.5p/100ml,,Waitrose Brands
839952,Essential Non-Scratch Scourers,G,false,358,https://ecom-su-static-prod.wtrecom.com/images/products/3/LN_839952_BP_3.jpg,https://www.waitrose.com/ecom/products/essential-non-scratch-scourers/839952-230049-230050,Essential Non-Scratch Scourers,6s,£1.10,18.3p each,,Waitrose Brands
832754,Essential Frozen Strawberries,G,false,359,https://ecom-su-static-prod.wtrecom.com/images/products/3/LN_832754_BP_3.jpg,https://www.waitrose.com/ecom/products/essential-frozen-strawberries/832754-679283-679284,Essential Frozen Strawberries,400g,£2.35,£5.88/kg,,Waitrose Brands
089547,Essential Medium Sliced Cheddar Cheese Strength 3,G,false,360,https://ecom-su-static-prod.wtrecom.com/images/products/3/LN_089547_BP_3.jpg,https://www.waitrose.com/ecom/products/essential-medium-sliced-cheddar-cheese-strength-3/089547-46158-46159,Essential Medium Sliced Cheddar Cheese Strength 3,250g,£2.80,£11.20/kg,,Waitrose Brands
725457,Essential 8 British Pork Sausages,G,false,361,https://ecom-su-static-prod.wtrecom.com/images/products/3/LN_725457_BP_3.jpg,https://www.waitrose.com/ecom/products/essential-8-british-pork-sausages/725457-409460-409461,Essential 8 British Pork Sausages,454g,£1.75,£3.86/kg,,Waitrose Brands
016264,Essential Cottage Cheese Strength 1,G,false,362,https://ecom-su-static-prod.wtrecom.com/images/products/3/LN_016264_BP_3.jpg,https://www.waitrose.com/ecom/products/essential-cottage-cheese-strength-1/016264-7790-7791,Essential Cottage Cheese Strength 1,300g,£1.40,£4.67/kg,,Waitrose Brands
677353,Essential Mackerel Fillets in Olive Oil,G,false,363,https://ecom-su-static-prod.wtrecom.com/images/products/3/LN_677353_BP_3.jpg,https://www.waitrose.com/ecom/products/essential-mackerel-fillets-in-olive-oil/677353-96223-96224,Essential Mackerel Fillets in Olive Oil,drained 82g,£1.25,£1.53/100g,,Waitrose Brands
742748,Waitrose Essential Pitted Black Olives,G,false,364,https://ecom-su-static-prod.wtrecom.com/images/products/3/LN_742748_BP_3.jpg,https://www.waitrose.com/ecom/products/waitrose-essential-pitted-black-olives/742748-202413-202414,Waitrose Essential Pitted Black Olives,120g,£2.00,£1.67/100g,,Waitrose Brands
090636,Essential 2 Scotch Eggs,G,false,365,https://ecom-su-static-prod.wtrecom.com/images/products/3/LN_090636_BP_3.jpg,https://www.waitrose.com/ecom/products/essential-2-scotch-eggs/090636-46691-46692,Essential 2 Scotch Eggs,246g,£1.50,61p/100g,,Waitrose Brands
019544,Essential Mixed Bean Salad in Water,G,false,366,https://ecom-su-static-prod.wtrecom.com/images/products/3/LN_019544_BP_3.jpg,https://www.waitrose.com/ecom/products/essential-mixed-bean-salad-in-water/019544-9475-9476,Essential Mixed Bean Salad in Water,drained 270g,£1.00,£3.71/kg,,Waitrose Brands
480470,Essential Non PVC Cling Film,G,false,367,https://ecom-su-static-prod.wtrecom.com/images/products/3/LN_480470_BP_3.jpg,https://www.waitrose.com/ecom/products/essential-non-pvc-cling-film/480470-549873-549874,Essential Non PVC Cling Film,36s,£2.40,6.7p each,,Waitrose Brands
085532,Duchy Organic Asparagus,G,false,368,https://ecom-su-static-prod.wtrecom.com/images/products/3/LN_085532_BP_3.jpg,https://www.waitrose.com/ecom/products/duchy-organic-asparagus/085532-43618-43619,Duchy Organic Asparagus,200g,£2.75,£13.75/kg,,Waitrose Brands
091545,Essential Tomato & Basil Sauce,G,false,369,https://ecom-su-static-prod.wtrecom.com/images/products/3/LN_091545_BP_3.jpg,https://www.waitrose.com/ecom/products/essential-tomato-basil-sauce/091545-47146-47147,Essential Tomato & Basil Sauce,350g,£1.95,55.7p/100g,,Waitrose Brands
807621,Essential MSC Tuna Chunks in Spring Water,G,false,370,https://ecom-su-static-prod.wtrecom.com/images/products/3/LN_807621_BP_3.jpg,https://www.waitrose.com/ecom/products/essential-msc-tuna-chunks-in-spring-water/807621-728764-728765,Essential MSC Tuna Chunks in Spring Water,drained 112g,£1.25,£1.12/100g,,Waitrose Brands
032284,Essential Fruit & Fibre Wheat Flakes,G,false,371,https://ecom-su-static-prod.wtrecom.com/images/products/3/LN_032284_BP_3.jpg,https://www.waitrose.com/ecom/products/essential-fruit-fibre-wheat-flakes/032284-15753-15754,Essential Fruit & Fibre Wheat Flakes,750g,£1.85,24.7p/100g,,Waitrose Brands
017186,Essential Macaroni,G,false,372,https://ecom-su-static-prod.wtrecom.com/images/products/3/LN_017186_BP_3.jpg,https://www.waitrose.com/ecom/products/essential-macaroni/017186-8289-8290,Essential Macaroni,500g,75p,£1.50/kg,,Waitrose Brands
019525,Essential Red Kidney Beans in Water,G,false,373,https://ecom-su-static-prod.wtrecom.com/images/products/3/LN_019525_BP_3.jpg,https://www.waitrose.com/ecom/products/essential-red-kidney-beans-in-water/019525-9455-9456,Essential Red Kidney Beans in Water,drained 180g,50p,£2.78/kg,,Waitrose Brands
085542,Duchy Organic Green Beans,G,false,374,https://ecom-su-static-prod.wtrecom.com/images/products/3/LN_085542_BP_3.jpg,https://www.waitrose.com/ecom/products/duchy-organic-green-beans/085542-43632-43633,Duchy Organic Green Beans,225g,£2.15,£9.56/kg,,Waitrose Brands
886249,No.1 Wood-fired Chargrilled Vegetable & Pesto Sourdough Pizza,G,false,375,https://ecom-su-static-prod.wtrecom.com/images/products/3/LN_886249_BP_3.jpg,https://www.waitrose.com/ecom/products/no1-wood-fired-chargrilled-vegetable-pesto-sourdough-pizza/886249-703688-703689,No.1 Wood-fired Chargrilled Vegetable & Pesto Sourdough Pizza,499g,£5.95,£11.93/kg,,Waitrose Brands
033997,No. 1 Madagascan Vanilla Custard,G,false,376,https://ecom-su-static-prod.wtrecom.com/images/products/3/LN_033997_BP_3.jpg,https://www.waitrose.com/ecom/products/no-1-madagascan-vanilla-custard/033997-17025-17026,No. 1 Madagascan Vanilla Custard,500g,£3.00,60p/100g,,Waitrose Brands
605600,Essential Grana Padano DOP Parmesan Cheese Strength 4,G,false,377,https://ecom-su-static-prod.wtrecom.com/images/products/3/LN_605600_BP_3.jpg,https://www.waitrose.com/ecom/products/essential-grana-padano-dop-parmesan-cheese-strength-4/605600-688808-688809,Essential Grana Padano DOP Parmesan Cheese Strength 4,175g,£2.75,£15.72/kg,,Waitrose Brands
027119,Essential Original Blend 160 Tea Bags,G,false,378,https://ecom-su-static-prod.wtrecom.com/images/products/3/LN_027119_BP_3.jpg,https://www.waitrose.com/ecom/products/essential-original-blend-160-tea-bags/027119-13181-13182,Essential Original Blend 160 Tea Bags,500g,£2.40,48p/100g,,Waitrose Brands
887019,Essential Salad Bowl,G,false,379,https://ecom-su-static-prod.wtrecom.com/images/products/3/LN_887019_BP_3.jpg,https://www.waitrose.com/ecom/products/essential-salad-bowl/887019-420651-420652,Essential Salad Bowl,330g,£2.80,84.8p/100g,,Waitrose Brands
002105,Waitrose Rich Tea Finger Biscuits,G,false,380,https://ecom-su-static-prod.wtrecom.com/images/products/3/LN_002105_BP_3.jpg,https://www.waitrose.com/ecom/products/waitrose-rich-tea-finger-biscuits/002105-566-567,Waitrose Rich Tea Finger Biscuits,250g,85p,34p/100g,,Waitrose Brands
017162,Essential Penne,G,false,381,https://ecom-su-static-prod.wtrecom.com/images/products/3/LN_017162_BP_3.jpg,https://www.waitrose.com/ecom/products/essential-penne/017162-8281-8282,Essential Penne,500g,75p,£1.50/kg,,Waitrose Brands
552147,Essential Multigrain Hoops,G,false,382,https://ecom-su-static-prod.wtrecom.com/images/products/3/LN_552147_BP_3.jpg,https://www.waitrose.com/ecom/products/essential-multigrain-hoops/552147-722850-722851,Essential Multigrain Hoops,375g,£1.25,33.3p/100g,,Waitrose Brands
017133,Essential Spaghetti,G,false,383,https://ecom-su-static-prod.wtrecom.com/images/products/3/LN_017133_BP_3.jpg,https://www.waitrose.com/ecom/products/essential-spaghetti/017133-8263-8264,Essential Spaghetti,500g,75p,£1.50/kg,,Waitrose Brands
064441,Cooks' Ingredients Mint,G,false,384,https://ecom-su-static-prod.wtrecom.com/images/products/3/LN_064441_BP_3.jpg,https://www.waitrose.com/ecom/products/cooks-ingredients-mint/064441-32706-32707,Cooks' Ingredients Mint,100g,£1.65,16.5p/10g,,Waitrose Brands
039006,Essential Cosmetic Pads,G,false,385,https://ecom-su-static-prod.wtrecom.com/images/products/3/LN_039006_BP_3.jpg,https://www.waitrose.com/ecom/products/essential-cosmetic-pads/039006-19369-19370,Essential Cosmetic Pads,100s,£1.75,1.8p each,,Waitrose Brands
537568,No.1 Wood-fired Mushroom & Truffle Sourdough Pizza,G,false,386,https://ecom-su-static-prod.wtrecom.com/images/products/3/LN_537568_BP_3.jpg,https://www.waitrose.com/ecom/products/no1-wood-fired-mushroom-truffle-sourdough-pizza/537568-702719-702720,No.1 Wood-fired Mushroom & Truffle Sourdough Pizza,440g,£5.95,£13.53/kg,,Waitrose Brands
655081,Essential Low Fat Natural Greek Style Yogurt,G,false,387,https://ecom-su-static-prod.wtrecom.com/images/products/3/LN_655081_BP_3.jpg,https://www.waitrose.com/ecom/products/essential-low-fat-natural-greek-style-yogurt/655081-138559-138560,Essential Low Fat Natural Greek Style Yogurt,500g,£1.10,22p/100g,,Waitrose Brands
053135,Essential Low Fat Natural Yogurt,G,false,388,https://ecom-su-static-prod.wtrecom.com/images/products/3/LN_053135_BP_3.jpg,https://www.waitrose.com/ecom/products/essential-low-fat-natural-yogurt/053135-26523-26524,Essential Low Fat Natural Yogurt,500g,90p,18p/100g,,Waitrose Brands
088113,Essential Home Ripening Plums,G,false,389,https://ecom-su-static-prod.wtrecom.com/images/products/3/LN_088113_BP_3.jpg,https://www.waitrose.com/ecom/products/essential-home-ripening-plums/088113-45099-45100,Essential Home Ripening Plums,400g,£1.40,£3.50/kg,,Waitrose Brands
002370,Waitrose Biscuits For Cheese,G,false,390,https://ecom-su-static-prod.wtrecom.com/images/products/3/LN_002370_BP_3.jpg,https://www.waitrose.com/ecom/products/waitrose-biscuits-for-cheese/002370-774-775,Waitrose Biscuits For Cheese,300g,£2.25,75p/100g,,Waitrose Brands
054028,Essential Frozen British Petits Pois,G,false,391,https://ecom-su-static-prod.wtrecom.com/images/products/3/LN_054028_BP_3.jpg,https://www.waitrose.com/ecom/products/essential-frozen-british-petits-pois/054028-27093-27094,Essential Frozen British Petits Pois,1.25Kg,£2.10,£1.68/kg,,Waitrose Brands
006721,Essential Raisins,G,false,392,https://ecom-su-static-prod.wtrecom.com/images/products/3/LN_006721_BP_3.jpg,https://www.waitrose.com/ecom/products/essential-raisins/006721-2991-2992,Essential Raisins,500g,£1.90,£3.80/kg,,Waitrose Brands
542119,Essential Terrine With Chicken,G,false,393,https://ecom-su-static-prod.wtrecom.com/images/products/3/LN_542119_BP_3.jpg,https://www.waitrose.com/ecom/products/essential-terrine-with-chicken/542119-175078-175079,Essential Terrine With Chicken,150g,65p,£4.34/kg,,Waitrose Brands
022538,Essential Sardines in Tomato Sauce,G,false,394,https://ecom-su-static-prod.wtrecom.com/images/products/3/LN_022538_BP_3.jpg,https://www.waitrose.com/ecom/products/essential-sardines-in-tomato-sauce/022538-11001-11002,Essential Sardines in Tomato Sauce,120g,65p,54.2p/100g,,Waitrose Brands
088414,essential Waitrose Loose Clementines/Mandarins,G,false,395,https://ecom-su-static-prod.wtrecom.com/images/products/3/LN_088414_BP_3.jpg,https://www.waitrose.com/ecom/products/essential-waitrose-loose-clementines-mandarins/088414-45365-45366,essential Waitrose Loose Clementines/Mandarins,Typical weight 0.11kg,32p each est.,£2.97/kg,,Waitrose Brands
099821,Cooks' Ingredients Nonpareille Capers,G,false,396,https://ecom-su-static-prod.wtrecom.com/images/products/3/LN_099821_BP_3.jpg,https://www.waitrose.com/ecom/products/cooks-ingredients-nonpareille-capers/099821-50999-51000,Cooks' Ingredients Nonpareille Capers,drained 95g,£2.90,£3.06/100g,,Waitrose Brands
040262,Essential Mature Grated Cheddar Cheese Strength 4,G,false,397,https://ecom-su-static-prod.wtrecom.com/images/products/3/LN_040262_BP_3.jpg,https://www.waitrose.com/ecom/products/essential-mature-grated-cheddar-cheese-strength-4/040262-19921-19922,Essential Mature Grated Cheddar Cheese Strength 4,250g,£2.80,£11.20/kg,,Waitrose Brands
754693,Essential Extra Large Whole Chicken,G,false,398,https://ecom-su-static-prod.wtrecom.com/images/products/3/LN_754693_BP_3.jpg,https://www.waitrose.com/ecom/products/essential-extra-large-whole-chicken/754693-507938-507939,Essential Extra Large Whole Chicken,Typical weight 2.3kg,£6.79 each est.,£2.95/kg,,Waitrose Brands
010263,Essential Milk Chocolate Malted Milk Biscuits,G,false,399,https://ecom-su-static-prod.wtrecom.com/images/products/3/LN_010263_BP_3.jpg,https://www.waitrose.com/ecom/products/essential-milk-chocolate-malted-milk-biscuits/010263-5106-5107,Essential Milk Chocolate Malted Milk Biscuits,250g,£1.40,56p/100g,,Waitrose Brands
077513,Cooks' Ingredients Unwaxed Lemons,G,true,400,https://ecom-su-static-prod.wtrecom.com/images/products/3/LN_077513_BP_3.jpg,https://www.waitrose.com/ecom/products/cooks-ingredients-unwaxed-lemons/077513-39428-39429,Cooks' Ingredients Unwaxed Lemons,8s,£2.56,32p each,20% Off. Was £3.20,Waitrose Brands
034140,Essential Olive Oil,G,false,401,https://ecom-su-static-prod.wtrecom.com/images/products/3/LN_034140_BP_3.jpg,https://www.waitrose.com/ecom/products/essential-olive-oil/034140-17085-17086,Essential Olive Oil,1litre,£8.00,80p/100ml,,Waitrose Brands
085562,Duchy Organic Cooked Beetroot,G,false,402,https://ecom-su-static-prod.wtrecom.com/images/products/3/LN_085562_BP_3.jpg,https://www.waitrose.com/ecom/products/duchy-organic-cooked-beetroot/085562-43657-43658,Duchy Organic Cooked Beetroot,250g,£1.25,£5/kg,,Waitrose Brands
766458,Essential Italian Mascarpone Cheese Strength 1,G,false,403,https://ecom-su-static-prod.wtrecom.com/images/products/3/LN_766458_BP_3.jpg,https://www.waitrose.com/ecom/products/essential-italian-mascarpone-cheese-strength-1/766458-129802-129803,Essential Italian Mascarpone Cheese Strength 1,250g,£1.90,£7.60/kg,,Waitrose Brands
079687,No.1 Colombia Reserve Ground Coffee,G,false,404,https://ecom-su-static-prod.wtrecom.com/images/products/3/LN_079687_BP_3.jpg,https://www.waitrose.com/ecom/products/no1-colombia-reserve-ground-coffee/079687-40543-40544,No.1 Colombia Reserve Ground Coffee,227g,£4.00,£1.77/100g,,Waitrose Brands
395648,Essential Mackerel Fillets in Spring Water,G,false,405,https://ecom-su-static-prod.wtrecom.com/images/products/3/LN_395648_BP_3.jpg,https://www.waitrose.com/ecom/products/essential-mackerel-fillets-in-spring-water/395648-55599-55600,Essential Mackerel Fillets in Spring Water,drained 82g,£1.00,£1.22/100g,,Waitrose Brands
003512,Essential Waitrose Peanuts Roasted & Salted,G,false,406,https://ecom-su-static-prod.wtrecom.com/images/products/3/LN_003512_BP_3.jpg,https://www.waitrose.com/ecom/products/essential-waitrose-peanuts-roasted-salted/003512-1403-1404,Essential Waitrose Peanuts Roasted & Salted,550g,£2.20,40p/100g,,Waitrose Brands
728453,Duchy Organic Honey Roast Ham,G,false,407,https://ecom-su-static-prod.wtrecom.com/images/products/3/LN_728453_BP_3.jpg,https://www.waitrose.com/ecom/products/duchy-organic-honey-roast-ham/728453-103481-103482,Duchy Organic Honey Roast Ham,90g,£3.75,£4.17/100g,,Waitrose Brands
381809,Essential Extra Mature Sliced Cheddar Cheese Strength 6,G,false,408,https://ecom-su-static-prod.wtrecom.com/images/products/3/LN_381809_BP_3.jpg,https://www.waitrose.com/ecom/products/essential-extra-mature-sliced-cheddar-cheese-strength-6/381809-53704-53705,Essential Extra Mature Sliced Cheddar Cheese Strength 6,250g,£2.80,£11.20/kg,,Waitrose Brands
086104,Cooks' Ingredients Chives,G,false,409,https://ecom-su-static-prod.wtrecom.com/images/products/3/LN_086104_BP_3.jpg,https://www.waitrose.com/ecom/products/cooks-ingredients-chives/086104-43927-43928,Cooks' Ingredients Chives,20g,80p,40p/10g,,Waitrose Brands
799380,Essential Variety Crisps,G,false,410,https://ecom-su-static-prod.wtrecom.com/images/products/3/LN_799380_BP_3.jpg,https://www.waitrose.com/ecom/products/essential-variety-crisps/799380-723540-723541,Essential Variety Crisps,6x25g,£1.25,83.3p/100g,,Waitrose Brands
661559,No.1 British Woodland Mushrooms,G,false,411,https://ecom-su-static-prod.wtrecom.com/images/products/3/LN_661559_BP_3.jpg,https://www.waitrose.com/ecom/products/no1-british-woodland-mushrooms/661559-281807-281808,No.1 British Woodland Mushrooms,200g,£2.65,£13.25/kg,,Waitrose Brands
665293,No.1 Free Range Applewood Smoked Turkey,G,false,412,https://ecom-su-static-prod.wtrecom.com/images/products/3/LN_665293_BP_3.jpg,https://www.waitrose.com/ecom/products/no1-free-range-applewood-smoked-turkey/665293-575690-575691,No.1 Free Range Applewood Smoked Turkey,80g,£4.00,£5/100g,,Waitrose Brands
096944,Duchy Organic Chopped Tomatoes in Juice,G,false,413,https://ecom-su-static-prod.wtrecom.com/images/products/3/LN_096944_BP_3.jpg,https://www.waitrose.com/ecom/products/duchy-organic-chopped-tomatoes-in-juice/096944-49531-49532,Duchy Organic Chopped Tomatoes in Juice,400g,£1.10,£2.75/kg,,Waitrose Brands
009152,Essential Mixed Salad,G,false,414,https://ecom-su-static-prod.wtrecom.com/images/products/3/LN_009152_BP_3.jpg,https://www.waitrose.com/ecom/products/essential-mixed-salad/009152-4409-4410,Essential Mixed Salad,265g,£2.65,£1/100g,,Waitrose Brands
027116,Essential Original Blend Decaf 80 Tea Bags,G,false,415,https://ecom-su-static-prod.wtrecom.com/images/products/3/LN_027116_BP_3.jpg,https://www.waitrose.com/ecom/products/essential-original-blend-decaf-80-tea-bags/027116-13177-13178,Essential Original Blend Decaf 80 Tea Bags,250g,£1.75,70p/100g,,Waitrose Brands
865503,No.1 Aberdeen Angus Beef Topside,G,false,416,https://ecom-su-static-prod.wtrecom.com/images/products/3/LN_865503_BP_3.jpg,https://www.waitrose.com/ecom/products/no1-aberdeen-angus-beef-topside/865503-575906-575907,No.1 Aberdeen Angus Beef Topside,80g,£4.00,£5/100g,,Waitrose Brands
083873,Essential Handwash Aloe Vera,G,false,417,https://ecom-su-static-prod.wtrecom.com/images/products/3/LN_083873_BP_3.jpg,https://www.waitrose.com/ecom/products/essential-handwash-aloe-vera/083873-42594-42595,Essential Handwash Aloe Vera,250ml,80p,32p/100ml,,Waitrose Brands
004501,Essential Seville Orange Marmalade Fine Cut,G,false,418,https://ecom-su-static-prod.wtrecom.com/images/products/3/LN_004501_BP_3.jpg,https://www.waitrose.com/ecom/products/essential-seville-orange-marmalade-fine-cut/004501-1903-1904,Essential Seville Orange Marmalade Fine Cut,454g,£1.00,22p/100g,,Waitrose Brands
044948,Cooks' Ingredients Basil,G,false,419,https://ecom-su-static-prod.wtrecom.com/images/products/3/LN_044948_BP_3.jpg,https://www.waitrose.com/ecom/products/cooks-ingredients-basil/044948-22178-22179,Cooks' Ingredients Basil,100g,£1.65,16.5p/10g,,Waitrose Brands
086113,Cooks' Ingredients Thyme,G,false,420,https://ecom-su-static-prod.wtrecom.com/images/products/3/LN_086113_BP_3.jpg,https://www.waitrose.com/ecom/products/cooks-ingredients-thyme/086113-43941-43942,Cooks' Ingredients Thyme,20g,80p,40p/10g,,Waitrose Brands
402717,Essential Fat Free Cottage Cheese,G,false,421,https://ecom-su-static-prod.wtrecom.com/images/products/3/LN_402717_BP_3.jpg,https://www.waitrose.com/ecom/products/essential-fat-free-cottage-cheese/402717-324728-324729,Essential Fat Free Cottage Cheese,300g,£1.40,£4.67/kg,,Waitrose Brands
054326,Essential Frozen Vegetable Mix,G,false,422,https://ecom-su-static-prod.wtrecom.com/images/products/3/LN_054326_BP_3.jpg,https://www.waitrose.com/ecom/products/essential-frozen-vegetable-mix/054326-27277-27278,Essential Frozen Vegetable Mix,750g,£1.20,£1.60/kg,,Waitrose Brands
894508,Essential British Turkey Thigh Mince,G,true,423,https://ecom-su-static-prod.wtrecom.com/images/products/3/LN_894508_BP_3.jpg,https://www.waitrose.com/ecom/products/essential-british-turkey-thigh-mince/894508-587088-587089,Essential British Turkey Thigh Mince,500g,£4.50,£9/kg,Add 3 for £12,Waitrose Brands
086224,Cooks' Ingredients Mixed Thai Chillies,G,false,424,https://ecom-su-static-prod.wtrecom.com/images/products/3/LN_086224_BP_3.jpg,https://www.waitrose.com/ecom/products/cooks-ingredients-mixed-thai-chillies/086224-44050-44051,Cooks' Ingredients Mixed Thai Chillies,30g,£1.00,£33.34/kg,,Waitrose Brands
721720,No.1 Miniature Jersey Potatoes,G,false,425,https://ecom-su-static-prod.wtrecom.com/images/products/3/LN_721720_BP_3.jpg,https://www.waitrose.com/ecom/products/no1-miniature-jersey-potatoes/721720-661937-661938,No.1 Miniature Jersey Potatoes,400g,£2.10,£5.25/kg,,Waitrose Brands
879739,No.1 Chicken And Prawn Paella for 2,G,true,426,https://ecom-su-static-prod.wtrecom.com/images/products/3/LN_879739_BP_3.jpg,https://www.waitrose.com/ecom/products/no1-chicken-and-prawn-paella-for-2/879739-496800-496801,No.1 Chicken And Prawn Paella for 2,800g,£9.95,£12.44/kg,£12 Our Very Best Dine In: Add Main + Side + Starter or Dessert,Waitrose Brands
001841,Duchy Organic British Beef 4 Burgers,G,false,427,https://ecom-su-static-prod.wtrecom.com/images/products/3/LN_001841_BP_3.jpg,https://www.waitrose.com/ecom/products/duchy-organic-british-beef-4-burgers/001841-434-435,Duchy Organic British Beef 4 Burgers,0.34Kg,£4.95,£14.56/kg,,Waitrose Brands
085305,Duchy Organic Garlic,G,false,428,https://ecom-su-static-prod.wtrecom.com/images/products/3/LN_085305_BP_3.jpg,https://www.waitrose.com/ecom/products/duchy-organic-garlic/085305-43382-43383,Duchy Organic Garlic,3s,£1.15,38.3p each,,Waitrose Brands
519316,Essential Reduced Fat Creme Fraiche,G,false,429,https://ecom-su-static-prod.wtrecom.com/images/products/3/LN_519316_BP_3.jpg,https://www.waitrose.com/ecom/products/essential-reduced-fat-creme-fraiche/519316-73433-73434,Essential Reduced Fat Creme Fraiche,300ml,£1.00,33.3p/100ml,,Waitrose Brands
027471,Essential Pure Juice Apple,G,false,430,https://ecom-su-static-prod.wtrecom.com/images/products/3/LN_027471_BP_3.jpg,https://www.waitrose.com/ecom/products/essential-pure-juice-apple/027471-13375-13376,Essential Pure Juice Apple,6x200ml,£2.10,17.5p/100ml,,Waitrose Brands
434840,Essential 7 British Roast Ham Slices,G,false,431,https://ecom-su-static-prod.wtrecom.com/images/products/3/LN_434840_BP_3.jpg,https://www.waitrose.com/ecom/products/essential-7-british-roast-ham-slices/434840-724839-724840,Essential 7 British Roast Ham Slices,80g,£1.10,£1.38/100g,,Waitrose Brands
474748,No. 1 Strained Natural Greek Yogurt,G,false,432,https://ecom-su-static-prod.wtrecom.com/images/products/3/LN_474748_BP_3.jpg,https://www.waitrose.com/ecom/products/no-1-strained-natural-greek-yogurt/474748-289308-289309,No. 1 Strained Natural Greek Yogurt,200g,£1.40,70p/100g,,Waitrose Brands
020130,Essential Peach Slices in Grape Juice,G,false,433,https://ecom-su-static-prod.wtrecom.com/images/products/3/LN_020130_BP_3.jpg,https://www.waitrose.com/ecom/products/essential-peach-slices-in-grape-juice/020130-9799-9800,Essential Peach Slices in Grape Juice,drained 248g,£1.15,£4.64/kg,,Waitrose Brands
895455,Duchy Organic Natural Greek Style Yogurt,G,false,434,https://ecom-su-static-prod.wtrecom.com/images/products/3/LN_895455_BP_3.jpg,https://www.waitrose.com/ecom/products/duchy-organic-natural-greek-style-yogurt/895455-756255-756256,Duchy Organic Natural Greek Style Yogurt,450g,£1.75,38.9p/100g,,Waitrose Brands
406943,Duchy Organic Seville Orange Fine Cut Marmalade,G,false,435,https://ecom-su-static-prod.wtrecom.com/images/products/3/LN_406943_BP_3.jpg,https://www.waitrose.com/ecom/products/duchy-organic-seville-orange-fine-cut-marmalade/406943-57247-57248,Duchy Organic Seville Orange Fine Cut Marmalade,340g,£2.10,61.8p/100g,,Waitrose Brands
029401,Waitrose Cream of Chicken Soup,G,false,436,https://ecom-su-static-prod.wtrecom.com/images/products/3/LN_029401_BP_3.jpg,https://www.waitrose.com/ecom/products/waitrose-cream-of-chicken-soup/029401-14365-14366,Waitrose Cream of Chicken Soup,400g,70p,17.5p/100g,,Waitrose Brands
819117,Essential Evaporated Milk,G,false,437,https://ecom-su-static-prod.wtrecom.com/images/products/3/LN_819117_BP_3.jpg,https://www.waitrose.com/ecom/products/essential-evaporated-milk/819117-295729-295730,Essential Evaporated Milk,170g,60p,35.3p/100g,,Waitrose Brands
019830,Essential Sweetcorn,G,false,438,https://ecom-su-static-prod.wtrecom.com/images/products/3/LN_019830_BP_3.jpg,https://www.waitrose.com/ecom/products/essential-sweetcorn/019830-9660-9661,Essential Sweetcorn,drained 260g,£1.00,£3.85/kg,,Waitrose Brands
633698,Essential Medium Tie Handle Bags,G,false,439,https://ecom-su-static-prod.wtrecom.com/images/products/3/LN_633698_BP_3.jpg,https://www.waitrose.com/ecom/products/essential-medium-tie-handle-bags/633698-726398-726399,Essential Medium Tie Handle Bags,40s,£2.00,5p each,,Waitrose Brands
495822,Duchy Organic Coconut Milk,G,false,440,https://ecom-su-static-prod.wtrecom.com/images/products/3/LN_495822_BP_3.jpg,https://www.waitrose.com/ecom/products/duchy-organic-coconut-milk/495822-747390-747391,Duchy Organic Coconut Milk,400ml,£2.00,£5/litre,,Waitrose Brands
002348,Essential High Bake Water Biscuits,G,false,441,https://ecom-su-static-prod.wtrecom.com/images/products/3/LN_002348_BP_3.jpg,https://www.waitrose.com/ecom/products/essential-high-bake-water-biscuits/002348-748-749,Essential High Bake Water Biscuits,200g,£1.20,60p/100g,,Waitrose Brands
721660,Essential Mature Cheddar Cheese Strength 4 Extra Large,G,false,442,https://ecom-su-static-prod.wtrecom.com/images/products/3/LN_721660_BP_3.jpg,https://www.waitrose.com/ecom/products/essential-mature-cheddar-cheese-strength-4-extra-large/721660-102547-102548,Essential Mature Cheddar Cheese Strength 4 Extra Large,750g,£4.95,£6.60/kg,,Waitrose Brands
481904,Duchy Organic Cypriot Halloumi Cheese Strength 1,G,false,443,https://ecom-su-static-prod.wtrecom.com/images/products/3/LN_481904_BP_3.jpg,https://www.waitrose.com/ecom/products/duchy-organic-cypriot-halloumi-cheese-strength-1/481904-624394-624395,Duchy Organic Cypriot Halloumi Cheese Strength 1,225g,£3.75,£16.67/kg,,Waitrose Brands
003358,Cooks' Ingredients Diced Pancetta,G,true,444,https://ecom-su-static-prod.wtrecom.com/images/products/3/LN_003358_BP_3.jpg,https://www.waitrose.com/ecom/products/cooks-ingredients-diced-pancetta/003358-1309-1310,Cooks' Ingredients Diced Pancetta,2x77g,£2.56,£1.67/100g,20% Off. Was £3.20,Waitrose Brands
452679,Essential Oval Ibuprofen Tablets,G,false,445,https://ecom-su-static-prod.wtrecom.com/images/products/3/LN_452679_BP_3.jpg,https://www.waitrose.com/ecom/products/essential-oval-ibuprofen-tablets/452679-311130-311131,Essential Oval Ibuprofen Tablets,16s,60p,3.8p each,,Waitrose Brands
863604,No. 1 Cornish Quartz Extra Mature Cheddar Cheese Strength 6,G,false,446,https://ecom-su-static-prod.wtrecom.com/images/products/3/LN_863604_BP_3.jpg,https://www.waitrose.com/ecom/products/no-1-cornish-quartz-extra-mature-cheddar-cheese-strength-6/863604-744115-744116,No. 1 Cornish Quartz Extra Mature Cheddar Cheese Strength 6,200g,£3.35,£16.75/kg,,Waitrose Brands
733520,"Essential Carrot, Swede & Potato Mash",G,false,447,https://ecom-su-static-prod.wtrecom.com/images/products/3/LN_733520_BP_3.jpg,https://www.waitrose.com/ecom/products/essential-carrot-swede-potato-mash/733520-677470-677471,"Essential Carrot, Swede & Potato Mash",400g,£1.50,£3.75/kg,,Waitrose Brands
033310,Essential French Brie Cheese Strength 2,G,false,448,https://ecom-su-static-prod.wtrecom.com/images/products/3/LN_033310_BP_3.jpg,https://www.waitrose.com/ecom/products/essential-french-brie-cheese-strength-2/033310-16543-16544,Essential French Brie Cheese Strength 2,200g,£1.80,£9/kg,,Waitrose Brands
085714,Duchy Organic White Cup Mushrooms,G,false,449,https://ecom-su-static-prod.wtrecom.com/images/products/3/LN_085714_BP_3.jpg,https://www.waitrose.com/ecom/products/duchy-organic-white-cup-mushrooms/085714-43734-43735,Duchy Organic White Cup Mushrooms,250g,£1.30,£5.20/kg,,Waitrose Brands
040260,Essential Medium Grated Cheddar Cheese Strength 3,G,false,450,https://ecom-su-static-prod.wtrecom.com/images/products/3/LN_040260_BP_3.jpg,https://www.waitrose.com/ecom/products/essential-medium-grated-cheddar-cheese-strength-3/040260-19917-19918,Essential Medium Grated Cheddar Cheese Strength 3,250g,£2.80,£11.20/kg,,Waitrose Brands
004317,Essential Fusilli,G,false,451,https://ecom-su-static-prod.wtrecom.com/images/products/3/LN_004317_BP_3.jpg,https://www.waitrose.com/ecom/products/essential-fusilli/004317-1771-1772,Essential Fusilli,1kg,£1.40,£1.40/kg,,Waitrose Brands
630359,Essential Medium Cheddar Cheese Strength 3 Large,G,false,452,https://ecom-su-static-prod.wtrecom.com/images/products/3/LN_630359_BP_3.jpg,https://www.waitrose.com/ecom/products/essential-medium-cheddar-cheese-strength-3-large/630359-443786-443787,Essential Medium Cheddar Cheese Strength 3 Large,550g,£3.95,£7.19/kg,,Waitrose Brands
734328,No.1 Prosciutto di Parma,G,false,453,https://ecom-su-static-prod.wtrecom.com/images/products/3/LN_734328_BP_3.jpg,https://www.waitrose.com/ecom/products/no1-prosciutto-di-parma/734328-166755-166756,No.1 Prosciutto di Parma,90g,£6.45,£7.17/100g,,Waitrose Brands
477443,Essential Extra Mature Cheddar Cheese Strength 6 Large,G,false,454,https://ecom-su-static-prod.wtrecom.com/images/products/3/LN_477443_BP_3.jpg,https://www.waitrose.com/ecom/products/essential-extra-mature-cheddar-cheese-strength-6-large/477443-443702-443703,Essential Extra Mature Cheddar Cheese Strength 6 Large,550g,£3.95,£7.19/kg,,Waitrose Brands
818636,No.1 Beef Lasagne for 2,G,true,455,https://ecom-su-static-prod.wtrecom.com/images/products/3/LN_818636_BP_3.jpg,https://www.waitrose.com/ecom/products/no1-beef-lasagne-for-2/818636-759206-759207,No.1 Beef Lasagne for 2,800g,£9.50,£11.88/kg,£12 Our Very Best Dine In: Add Main + Side + Starter or Dessert,Waitrose Brands
467199,Cooks' Ingredients Meringue Nests,G,false,456,https://ecom-su-static-prod.wtrecom.com/images/products/3/LN_467199_BP_3.jpg,https://www.waitrose.com/ecom/products/cooks-ingredients-meringue-nests/467199-65835-65836,Cooks' Ingredients Meringue Nests,8s,£2.10,26.3p each,,Waitrose Brands
612711,No.1 Free Range Corn Fed Chicken Breast Fillets 4,G,false,457,https://ecom-su-static-prod.wtrecom.com/images/products/3/LN_612711_BP_3.jpg,https://www.waitrose.com/ecom/products/no1-free-range-corn-fed-chicken-breast-fillets-4/612711-661767-661768,No.1 Free Range Corn Fed Chicken Breast Fillets 4,Typical weight 0.6kg,£11.97 each est.,£19.95/kg,,Waitrose Brands
063388,"Duchy Organic Chicken Thighs, Skin-on & Bone-in",G,false,458,https://ecom-su-static-prod.wtrecom.com/images/products/3/LN_063388_BP_3.jpg,https://www.waitrose.com/ecom/products/duchy-organic-chicken-thighs-skin-on-bone-in/063388-32185-32186,"Duchy Organic Chicken Thighs, Skin-on & Bone-in",Typical weight 0.61kg,£7.17 each est.,£11.75/kg,,Waitrose Brands
055051,Essential Wholemeal Medium Sliced Bread,G,false,459,https://ecom-su-static-prod.wtrecom.com/images/products/3/LN_055051_BP_3.jpg,https://www.waitrose.com/ecom/products/essential-wholemeal-medium-sliced-bread/055051-27670-27671,Essential Wholemeal Medium Sliced Bread,800g,75p,9.4p/100g,,Waitrose Brands
652224,Waitrose Blush Pears,G,false,460,https://ecom-su-static-prod.wtrecom.com/images/products/3/LN_652224_BP_3.jpg,https://www.waitrose.com/ecom/products/waitrose-blush-pears/652224-459790-459791,Waitrose Blush Pears,4s,£2.25,56.3p each,,Waitrose Brands
428692,Essential 10 Chocolate Mini Rolls,G,false,461,https://ecom-su-static-prod.wtrecom.com/images/products/3/LN_428692_BP_3.jpg,https://www.waitrose.com/ecom/products/essential-10-chocolate-mini-rolls/428692-414169-414170,Essential 10 Chocolate Mini Rolls,10s,£1.50,15p each,,Waitrose Brands
521800,Duchy Organic Tenderstem Broccoli,G,false,462,https://ecom-su-static-prod.wtrecom.com/images/products/3/LN_521800_BP_3.jpg,https://www.waitrose.com/ecom/products/duchy-organic-tenderstem-broccoli/521800-73782-73783,Duchy Organic Tenderstem Broccoli,200g,£2.65,£13.25/kg,,Waitrose Brands
750282,Duchy Organic Finely Sliced Roast Ham,G,false,463,https://ecom-su-static-prod.wtrecom.com/images/products/3/LN_750282_BP_3.jpg,https://www.waitrose.com/ecom/products/duchy-organic-finely-sliced-roast-ham/750282-752515-752516,Duchy Organic Finely Sliced Roast Ham,90g,£3.75,£4.17/100g,,Waitrose Brands
537802,No.1 Pain Aux Raisins,G,false,464,https://ecom-su-static-prod.wtrecom.com/images/products/3/LN_537802_BP_3.jpg,https://www.waitrose.com/ecom/products/no1-pain-aux-raisins/537802-538668-538669,No.1 Pain Aux Raisins,2s,£2.35,£1.18 each,,Waitrose Brands
034106,Essential Sunflower Oil,G,false,465,https://ecom-su-static-prod.wtrecom.com/images/products/3/LN_034106_BP_3.jpg,https://www.waitrose.com/ecom/products/essential-sunflower-oil/034106-17065-17066,Essential Sunflower Oil,1litre,£2.30,23p/100ml,,Waitrose Brands
652858,Essential Lighter Italian Mozzarella Cheese Strength 1,G,false,466,https://ecom-su-static-prod.wtrecom.com/images/products/3/LN_652858_BP_3.jpg,https://www.waitrose.com/ecom/products/essential-lighter-italian-mozzarella-cheese-strength-1/652858-129728-129729,Essential Lighter Italian Mozzarella Cheese Strength 1,drained 125g,90p,£7.20/kg,,Waitrose Brands
830298,Essential Milk Choc Ices,G,false,467,https://ecom-su-static-prod.wtrecom.com/images/products/3/LN_830298_BP_3.jpg,https://www.waitrose.com/ecom/products/essential-milk-choc-ices/830298-767705-767706,Essential Milk Choc Ices,6x70ml,£1.70,40.5p/100ml,,Waitrose Brands
802374,Essential Tomato and Mascarpone Sauce,G,false,468,https://ecom-su-static-prod.wtrecom.com/images/products/3/LN_802374_BP_3.jpg,https://www.waitrose.com/ecom/products/essential-tomato-and-mascarpone-sauce/802374-211776-211777,Essential Tomato and Mascarpone Sauce,350g,£1.95,55.7p/100g,,Waitrose Brands
029402,Waitrose Cream of Mushroom Soup,G,false,469,https://ecom-su-static-prod.wtrecom.com/images/products/3/LN_029402_BP_3.jpg,https://www.waitrose.com/ecom/products/waitrose-cream-of-mushroom-soup/029402-14367-14368,Waitrose Cream of Mushroom Soup,400g,70p,17.5p/100g,,Waitrose Brands
078030,Cooks' Ingredients Green Chillies,G,false,470,https://ecom-su-static-prod.wtrecom.com/images/products/3/LN_078030_BP_3.jpg,https://www.waitrose.com/ecom/products/cooks-ingredients-green-chillies/078030-39701-39702,Cooks' Ingredients Green Chillies,50g,65p,£1.30/100g,,Waitrose Brands
010343,Duchy Organic Skimmed Milk 4 pints,G,false,471,https://ecom-su-static-prod.wtrecom.com/images/products/3/LN_010343_BP_3.jpg,https://www.waitrose.com/ecom/products/duchy-organic-skimmed-milk-4-pints/010343-5164-5165,Duchy Organic Skimmed Milk 4 pints,2.272litre,£2.25,99p/litre,,Waitrose Brands
048879,Essential Reduced Fat Houmous,G,false,472,https://ecom-su-static-prod.wtrecom.com/images/products/3/LN_048879_BP_3.jpg,https://www.waitrose.com/ecom/products/essential-reduced-fat-houmous/048879-24324-24325,Essential Reduced Fat Houmous,200g,£1.45,72.5p/100g,,Waitrose Brands
003384,Essential Cheese & Onion Crisps,G,false,473,https://ecom-su-static-prod.wtrecom.com/images/products/3/LN_003384_BP_3.jpg,https://www.waitrose.com/ecom/products/essential-cheese-onion-crisps/003384-1337-1338,Essential Cheese & Onion Crisps,6x25g,£1.25,83.3p/100g,,Waitrose Brands
068091,Essential Chicken Breast Fillets,G,false,474,https://ecom-su-static-prod.wtrecom.com/images/products/3/LN_068091_BP_3.jpg,https://www.waitrose.com/ecom/products/essential-chicken-breast-fillets/068091-34551-34552,Essential Chicken Breast Fillets,1Kg,£9.50,£9.50/kg,,Waitrose Brands
090630,Essential British Pork Mince 8% Fat,G,false,475,https://ecom-su-static-prod.wtrecom.com/images/products/3/LN_090630_BP_3.jpg,https://www.waitrose.com/ecom/products/essential-british-pork-mince-8-fat/090630-46685-46686,Essential British Pork Mince 8% Fat,500g,£2.75,£5.50/kg,,Waitrose Brands
049360,No.1 Colombian Coffee Ice Cream,G,true,476,https://ecom-su-static-prod.wtrecom.com/images/products/3/LN_049360_BP_3.jpg,https://www.waitrose.com/ecom/products/no1-colombian-coffee-ice-cream/049360-24598-24599,No.1 Colombian Coffee Ice Cream,500ml,£3.00,60p/100ml,25% Off. Was £4.40,Waitrose Brands
093238,"No.1 Free Range Corn Fed Chicken Thighs, Skin-on & Bone-in",G,false,477,https://ecom-su-static-prod.wtrecom.com/images/products/3/LN_093238_BP_3.jpg,https://www.waitrose.com/ecom/products/no1-free-range-corn-fed-chicken-thighs-skin-on-bone-in/093238-47898-47899,"No.1 Free Range Corn Fed Chicken Thighs, Skin-on & Bone-in",Typical weight 0.58kg,£4.50 each est.,£7.75/kg,,Waitrose Brands
421564,Essential Coconut Cream,G,false,478,https://ecom-su-static-prod.wtrecom.com/images/products/3/LN_421564_BP_3.jpg,https://www.waitrose.com/ecom/products/essential-coconut-cream/421564-59308-59309,Essential Coconut Cream,160ml,£1.00,62.5p/100ml,,Waitrose Brands
383333,Essential Frozen Chicken Steaks 4,G,false,479,https://ecom-su-static-prod.wtrecom.com/images/products/3/LN_383333_BP_3.jpg,https://www.waitrose.com/ecom/products/essential-frozen-chicken-steaks-4/383333-53901-53902,Essential Frozen Chicken Steaks 4,380g,£2.50,£6.58/kg,,Waitrose Brands
519928,Essential Breaded Chicken Breast Goujons,G,false,480,https://ecom-su-static-prod.wtrecom.com/images/products/3/LN_519928_BP_3.jpg,https://www.waitrose.com/ecom/products/essential-breaded-chicken-breast-goujons/519928-451610-451611,Essential Breaded Chicken Breast Goujons,270g,£2.50,£9.26/kg,,Waitrose Brands
088112,Essential Loose Plums,G,false,481,https://ecom-su-static-prod.wtrecom.com/images/products/3/LN_088112_BP_3.jpg,https://www.waitrose.com/ecom/products/essential-loose-plums/088112-45097-45098,Essential Loose Plums,Typical weight 0.09kg,37p each est.,£4.00/kg,,Waitrose Brands
002141,Essential Garibaldi Biscuits,G,false,482,https://ecom-su-static-prod.wtrecom.com/images/products/3/LN_002141_BP_3.jpg,https://www.waitrose.com/ecom/products/essential-garibaldi-biscuits/002141-596-597,Essential Garibaldi Biscuits,200g,£1.35,67.5p/100g,,Waitrose Brands
828027,Essential Seafood Sticks,G,false,483,https://ecom-su-static-prod.wtrecom.com/images/products/3/LN_828027_BP_3.jpg,https://www.waitrose.com/ecom/products/essential-seafood-sticks/828027-162221-162222,Essential Seafood Sticks,250g,£1.25,50p/100g,,Waitrose Brands
004652,Essential Crunchy Peanut Butter,G,false,484,https://ecom-su-static-prod.wtrecom.com/images/products/3/LN_004652_BP_3.jpg,https://www.waitrose.com/ecom/products/essential-crunchy-peanut-butter/004652-1985-1986,Essential Crunchy Peanut Butter,340g,£1.80,52.9p/100g,,Waitrose Brands
086108,Cooks' Ingredients Tarragon,G,false,485,https://ecom-su-static-prod.wtrecom.com/images/products/3/LN_086108_BP_3.jpg,https://www.waitrose.com/ecom/products/cooks-ingredients-tarragon/086108-43933-43934,Cooks' Ingredients Tarragon,20g,80p,40p/10g,,Waitrose Brands
685941,Essential Basil Pesto,G,false,486,https://ecom-su-static-prod.wtrecom.com/images/products/3/LN_685941_BP_3.jpg,https://www.waitrose.com/ecom/products/essential-basil-pesto/685941-711216-711217,Essential Basil Pesto,190g,£1.35,71.1p/100g,,Waitrose Brands
871910,Duchy Organic Baked Beans in Tomato Sauce,G,false,487,https://ecom-su-static-prod.wtrecom.com/images/products/3/LN_871910_BP_3.jpg,https://www.waitrose.com/ecom/products/duchy-organic-baked-beans-in-tomato-sauce/871910-747640-747641,Duchy Organic Baked Beans in Tomato Sauce,420g,£1.00,£2.39/kg,,Waitrose Brands
619273,Essential Frozen Raw King Prawns,G,false,488,https://ecom-su-static-prod.wtrecom.com/images/products/3/LN_619273_BP_3.jpg,https://www.waitrose.com/ecom/products/essential-frozen-raw-king-prawns/619273-236256-236257,Essential Frozen Raw King Prawns,250g,£5.00,£20/kg,,Waitrose Brands
539528,Essential Terrine With Lamb,G,false,489,https://ecom-su-static-prod.wtrecom.com/images/products/3/LN_539528_BP_3.jpg,https://www.waitrose.com/ecom/products/essential-terrine-with-lamb/539528-175068-175069,Essential Terrine With Lamb,150g,65p,£4.34/kg,,Waitrose Brands
035051,Essential Soya Original Milk Alternative,G,false,490,https://ecom-su-static-prod.wtrecom.com/images/products/3/LN_035051_BP_3.jpg,https://www.waitrose.com/ecom/products/essential-soya-original-milk-alternative/035051-17661-17662,Essential Soya Original Milk Alternative,1litre,£1.10,£1.10/litre,,Waitrose Brands
092908,Duchy Organic Frozen Petits Pois,G,false,491,https://ecom-su-static-prod.wtrecom.com/images/products/3/LN_092908_BP_3.jpg,https://www.waitrose.com/ecom/products/duchy-organic-frozen-petits-pois/092908-47755-47756,Duchy Organic Frozen Petits Pois,500g,£2.25,£4.50/kg,,Waitrose Brands
779502,Cooks' Ingredients Frozen Soffritto Mix,G,false,492,https://ecom-su-static-prod.wtrecom.com/images/products/3/LN_779502_BP_3.jpg,https://www.waitrose.com/ecom/products/cooks-ingredients-frozen-soffritto-mix/779502-493206-493207,Cooks' Ingredients Frozen Soffritto Mix,500g,£1.50,£3/kg,,Waitrose Brands
092131,Duchy Organic Jumbo Rolled Oats,G,false,493,https://ecom-su-static-prod.wtrecom.com/images/products/3/LN_092131_BP_3.jpg,https://www.waitrose.com/ecom/products/duchy-organic-jumbo-rolled-oats/092131-47410-47411,Duchy Organic Jumbo Rolled Oats,1kg,£2.75,27.5p/100g,,Waitrose Brands
088793,Duchy Organic Medjool Dates,G,false,494,https://ecom-su-static-prod.wtrecom.com/images/products/3/LN_088793_BP_3.jpg,https://www.waitrose.com/ecom/products/duchy-organic-medjool-dates/088793-45627-45628,Duchy Organic Medjool Dates,180g,£2.90,£16.12/kg,,Waitrose Brands
057283,Duchy Organic Italian Extra Virgin Olive Oil,G,false,495,https://ecom-su-static-prod.wtrecom.com/images/products/3/LN_057283_BP_3.jpg,https://www.waitrose.com/ecom/products/duchy-organic-italian-extra-virgin-olive-oil/057283-28821-28822,Duchy Organic Italian Extra Virgin Olive Oil,500ml,£7.95,£1.59/100ml,,Waitrose Brands
058450,Essential Still Natural Mineral Water,G,false,496,https://ecom-su-static-prod.wtrecom.com/images/products/3/LN_058450_BP_3.jpg,https://www.waitrose.com/ecom/products/essential-still-natural-mineral-water/058450-29403-29404,Essential Still Natural Mineral Water,2litre,85p,4.3p/100ml,,Waitrose Brands
566073,Essential Wholemeal Giant Baps,G,false,497,https://ecom-su-static-prod.wtrecom.com/images/products/3/LN_566073_BP_3.jpg,https://www.waitrose.com/ecom/products/essential-wholemeal-giant-baps/566073-80200-80201,Essential Wholemeal Giant Baps,4s,90p,22.5p each,,Waitrose Brands
835778,Essential Extra Mature Cheddar Cheese Strength 6,G,false,498,https://ecom-su-static-prod.wtrecom.com/images/products/3/LN_835778_BP_3.jpg,https://www.waitrose.com/ecom/products/essential-extra-mature-cheddar-cheese-strength-6/835778-451944-451945,Essential Extra Mature Cheddar Cheese Strength 6,350g,£2.60,£7.43/kg,,Waitrose Brands
443101,Essential 12 British Pork Chipolatas,G,false,499,https://ecom-su-static-prod.wtrecom.com/images/products/3/LN_443101_BP_3.jpg,https://www.waitrose.com/ecom/products/essential-12-british-pork-chipolatas/443101-409188-409189,Essential 12 British Pork Chipolatas,340g,£1.95,£5.74/kg,,Waitrose Brands
482030,Essential British Turkey Breast Strips,G,true,500,https://ecom-su-static-prod.wtrecom.com/images/products/3/LN_482030_BP_3.jpg,https://www.waitrose.com/ecom/products/essential-british-turkey-breast-strips/482030-586462-586463,Essential British Turkey Breast Strips,300g,£4.20,£14/kg,"£7 Stir Fry Meal Deal: Add protein, veg, sauce & rice or noodles",Waitrose Brands
704974,Essential Wonderfully Wonky Potatoes,G,false,501,https://ecom-su-static-prod.wtrecom.com/images/products/3/LN_704974_BP_3.jpg,https://www.waitrose.com/ecom/products/essential-wonderfully-wonky-potatoes/704974-486934-486935,Essential Wonderfully Wonky Potatoes,3Kg,£1.60,53.3p/kg,,Waitrose Brands
703663,Essential Round Paracetamol Tablets,G,false,502,https://ecom-su-static-prod.wtrecom.com/images/products/3/LN_703663_BP_3.jpg,https://www.waitrose.com/ecom/products/essential-round-paracetamol-tablets/703663-311294-311295,Essential Round Paracetamol Tablets,16s,60p,3.8p each,,Waitrose Brands
006739,Essential Sultanas,G,false,503,https://ecom-su-static-prod.wtrecom.com/images/products/3/LN_006739_BP_3.jpg,https://www.waitrose.com/ecom/products/essential-sultanas/006739-3003-3004,Essential Sultanas,500g,£1.90,£3.80/kg,,Waitrose Brands
004407,Essential Strawberry Jam,G,false,504,https://ecom-su-static-prod.wtrecom.com/images/products/3/LN_004407_BP_3.jpg,https://www.waitrose.com/ecom/products/essential-strawberry-jam/004407-1829-1830,Essential Strawberry Jam,454g,£1.20,26.4p/100g,,Waitrose Brands
052189,Duchy Organic Baby Plum Tomatoes,G,false,505,https://ecom-su-static-prod.wtrecom.com/images/products/3/LN_052189_BP_3.jpg,https://www.waitrose.com/ecom/products/duchy-organic-baby-plum-tomatoes/052189-25988-25989,Duchy Organic Baby Plum Tomatoes,225g,£2.30,£10.23/kg,,Waitrose Brands
020110,Essential Apricot Halves in Fruit Juice,G,false,506,https://ecom-su-static-prod.wtrecom.com/images/products/3/LN_020110_BP_3.jpg,https://www.waitrose.com/ecom/products/essential-apricot-halves-in-fruit-juice/020110-9787-9788,Essential Apricot Halves in Fruit Juice,drained 240g,£1.15,£4.80/kg,,Waitrose Brands
427343,Essential Cooked Peeled Prawns,G,false,507,https://ecom-su-static-prod.wtrecom.com/images/products/3/LN_427343_BP_3.jpg,https://www.waitrose.com/ecom/products/essential-cooked-peeled-prawns/427343-152273-152274,Essential Cooked Peeled Prawns,150g,£2.95,£1.97/100g,,Waitrose Brands
822621,Cooks' Ingredients Frozen Chopped Shallots,G,false,508,https://ecom-su-static-prod.wtrecom.com/images/products/3/LN_822621_BP_3.jpg,https://www.waitrose.com/ecom/products/cooks-ingredients-frozen-chopped-shallots/822621-673433-673434,Cooks' Ingredients Frozen Chopped Shallots,300g,£1.50,£5/kg,,Waitrose Brands
019527,Essential Borlotti Beans,G,false,509,https://ecom-su-static-prod.wtrecom.com/images/products/3/LN_019527_BP_3.jpg,https://www.waitrose.com/ecom/products/essential-borlotti-beans/019527-9457-9458,Essential Borlotti Beans,drained 240g,70p,£2.92/kg,,Waitrose Brands
806781,No.1 Fish Pie for 2,G,true,510,https://ecom-su-static-prod.wtrecom.com/images/products/3/LN_806781_BP_3.jpg,https://www.waitrose.com/ecom/products/no1-fish-pie-for-2/806781-703370-703371,No.1 Fish Pie for 2,720g,£9.95,£13.82/kg,£12 Our Very Best Dine In: Add Main + Side + Starter or Dessert,Waitrose Brands
015596,Duchy Organic British Beef Ribeye Steak,G,false,511,https://ecom-su-static-prod.wtrecom.com/images/products/3/LN_015596_BP_3.jpg,https://www.waitrose.com/ecom/products/duchy-organic-british-beef-ribeye-steak/015596-7493-7494,Duchy Organic British Beef Ribeye Steak,Typical weight 0.23kg,£7.99 each est.,£35.51/kg,,Waitrose Brands
700301,Essential Reduced Fat Coconut Milk,G,false,512,https://ecom-su-static-prod.wtrecom.com/images/products/3/LN_700301_BP_3.jpg,https://www.waitrose.com/ecom/products/essential-reduced-fat-coconut-milk/700301-99404-99405,Essential Reduced Fat Coconut Milk,400ml,£1.10,£2.75/litre,,Waitrose Brands
855633,No. 1 Fat Free Strained Natural Greek Yogurt,G,false,513,https://ecom-su-static-prod.wtrecom.com/images/products/3/LN_855633_BP_3.jpg,https://www.waitrose.com/ecom/products/no-1-fat-free-strained-natural-greek-yogurt/855633-291842-291843,No. 1 Fat Free Strained Natural Greek Yogurt,500g,£2.35,47p/100g,,Waitrose Brands
006659,Duchy Organic Frozen Garden Peas,G,false,514,https://ecom-su-static-prod.wtrecom.com/images/products/3/LN_006659_BP_3.jpg,https://www.waitrose.com/ecom/products/duchy-organic-frozen-garden-peas/006659-2957-2958,Duchy Organic Frozen Garden Peas,500g,£2.00,£4/kg,,Waitrose Brands
095861,Essential 12 Unsmoked Bacon Streaky Rashers,G,false,515,https://ecom-su-static-prod.wtrecom.com/images/products/3/LN_095861_BP_3.jpg,https://www.waitrose.com/ecom/products/essential-12-unsmoked-bacon-streaky-rashers/095861-49100-49101,Essential 12 Unsmoked Bacon Streaky Rashers,250g,£2.60,£10.40/kg,,Waitrose Brands
009747,Essential 4 British Beef Quarterpounder Burgers,G,false,516,https://ecom-su-static-prod.wtrecom.com/images/products/3/LN_009747_BP_3.jpg,https://www.waitrose.com/ecom/products/essential-4-british-beef-quarterpounder-burgers/009747-4819-4820,Essential 4 British Beef Quarterpounder Burgers,454g,£3.25,£7.16/kg,,Waitrose Brands
020404,Essential Mandarin Orange in Fruit Juice,G,false,517,https://ecom-su-static-prod.wtrecom.com/images/products/3/LN_020404_BP_3.jpg,https://www.waitrose.com/ecom/products/essential-mandarin-orange-in-fruit-juice/020404-9929-9930,Essential Mandarin Orange in Fruit Juice,drained 175g,£1.10,£6.29/kg,,Waitrose Brands
449923,Cook's Ingredients Sweet Potato & Butternut,G,false,518,https://ecom-su-static-prod.wtrecom.com/images/products/3/LN_449923_BP_3.jpg,https://www.waitrose.com/ecom/products/cooks-ingredients-sweet-potato-butternut/449923-756340-756341,Cook's Ingredients Sweet Potato & Butternut,350g,£1.70,48.6p/100g,,Waitrose Brands
036786,Duchy Organic Plum Tomatoes in Natural Juice,G,false,519,https://ecom-su-static-prod.wtrecom.com/images/products/3/LN_036786_BP_3.jpg,https://www.waitrose.com/ecom/products/duchy-organic-plum-tomatoes-in-natural-juice/036786-18418-18419,Duchy Organic Plum Tomatoes in Natural Juice,400g,£1.10,£2.75/kg,,Waitrose Brands
446296,Essential British Turkey Breast Steaks,G,false,520,https://ecom-su-static-prod.wtrecom.com/images/products/3/LN_446296_BP_3.jpg,https://www.waitrose.com/ecom/products/essential-british-turkey-breast-steaks/446296-586424-586425,Essential British Turkey Breast Steaks,Typical weight 0.25kg,£2.84 each est.,£11.35/kg,,Waitrose Brands
556126,Cooks' Ingredients Cornflour,G,false,521,https://ecom-su-static-prod.wtrecom.com/images/products/3/LN_556126_BP_3.jpg,https://www.waitrose.com/ecom/products/cooks-ingredients-cornflour/556126-78638-78639,Cooks' Ingredients Cornflour,250g,£1.25,£5/kg,,Waitrose Brands
074305,Duchy Organic Farmhouse Mature Cheddar Cheese Strength 5,G,false,522,https://ecom-su-static-prod.wtrecom.com/images/products/3/LN_074305_BP_3.jpg,https://www.waitrose.com/ecom/products/duchy-organic-farmhouse-mature-cheddar-cheese-strength-5/074305-37740-37741,Duchy Organic Farmhouse Mature Cheddar Cheese Strength 5,350g,£4.75,£13.58/kg,,Waitrose Brands
615219,Duchy Organic Strawberry Extra Jam Preserve,G,false,523,https://ecom-su-static-prod.wtrecom.com/images/products/3/LN_615219_BP_3.jpg,https://www.waitrose.com/ecom/products/duchy-organic-strawberry-extra-jam-preserve/615219-87285-87286,Duchy Organic Strawberry Extra Jam Preserve,340g,£2.80,82.4p/100g,,Waitrose Brands
006270,Waitrose Aluminium Foil,G,false,524,https://ecom-su-static-prod.wtrecom.com/images/products/3/LN_006270_BP_3.jpg,https://www.waitrose.com/ecom/products/waitrose-aluminium-foil/006270-2780-2781,Waitrose Aluminium Foil,Each,£3.60,£3.60 each,,Waitrose Brands
785492,Cooks' Ingredients Black Peppercorns,G,false,525,https://ecom-su-static-prod.wtrecom.com/images/products/3/LN_785492_BP_3.jpg,https://www.waitrose.com/ecom/products/cooks-ingredients-black-peppercorns/785492-785124-785125,Cooks' Ingredients Black Peppercorns,100g,£2.90,29p/10g,,Waitrose Brands
815967,Cooks' Ingredients Coriander Pot,G,false,526,https://ecom-su-static-prod.wtrecom.com/images/products/3/LN_815967_BP_3.jpg,https://www.waitrose.com/ecom/products/cooks-ingredients-coriander-pot/815967-160825-160826,Cooks' Ingredients Coriander Pot,Each,£1.70,£1.70 each,,Waitrose Brands
031512,Essential Garlic Baguette,G,false,527,https://ecom-su-static-prod.wtrecom.com/images/products/3/LN_031512_BP_3.jpg,https://www.waitrose.com/ecom/products/essential-garlic-baguette/031512-15351-15352,Essential Garlic Baguette,210g,£1.15,54.8p/100g,,Waitrose Brands
040760,Essential Peas,G,false,528,https://ecom-su-static-prod.wtrecom.com/images/products/3/LN_040760_BP_3.jpg,https://www.waitrose.com/ecom/products/essential-peas/040760-20134-20135,Essential Peas,500g,£2.50,£5/kg,,Waitrose Brands
058554,Duchy Organic Pears,G,false,529,https://ecom-su-static-prod.wtrecom.com/images/products/3/LN_058554_BP_3.jpg,https://www.waitrose.com/ecom/products/duchy-organic-pears/058554-29463-29464,Duchy Organic Pears,4s,£3.15,78.8p each,,Waitrose Brands
007637,Essential Dijon Mustard,G,false,530,https://ecom-su-static-prod.wtrecom.com/images/products/3/LN_007637_BP_3.jpg,https://www.waitrose.com/ecom/products/essential-dijon-mustard/007637-3578-3579,Essential Dijon Mustard,180g,£1.15,63.9p/100g,,Waitrose Brands
010098,Duchy Organic Kiwi Fruit,G,true,531,https://ecom-su-static-prod.wtrecom.com/images/products/3/LN_010098_BP_3.jpg,https://www.waitrose.com/ecom/products/duchy-organic-kiwi-fruit/010098-5022-5023,Duchy Organic Kiwi Fruit,4s,£2.36,59p each,20% Off. Was £2.95,Waitrose Brands
676934,No. 1 Mountain Comte AOP Alpine Cheese Strength 5,G,false,532,https://ecom-su-static-prod.wtrecom.com/images/products/3/LN_676934_BP_3.jpg,https://www.waitrose.com/ecom/products/no-1-mountain-comte-aop-alpine-cheese-strength-5/676934-497970-497971,No. 1 Mountain Comte AOP Alpine Cheese Strength 5,200g,£5.75,£28.75/kg,,Waitrose Brands
070399,No.1 Free Range Beech Smoked Bacon Lardons,G,true,533,https://ecom-su-static-prod.wtrecom.com/images/products/3/LN_070399_BP_3.jpg,https://www.waitrose.com/ecom/products/no1-free-range-beech-smoked-bacon-lardons/070399-35656-35657,No.1 Free Range Beech Smoked Bacon Lardons,200g,£4.00,£20/kg,Add 2 for £6.50,Waitrose Brands
593719,Essential Mackerel Fillets in Tomato Sauce,G,false,534,https://ecom-su-static-prod.wtrecom.com/images/products/3/LN_593719_BP_3.jpg,https://www.waitrose.com/ecom/products/essential-mackerel-fillets-in-tomato-sauce/593719-84155-84156,Essential Mackerel Fillets in Tomato Sauce,125g,£1.00,80p/100g,,Waitrose Brands
080425,Essential Cheese Puffs,G,false,535,https://ecom-su-static-prod.wtrecom.com/images/products/3/LN_080425_BP_3.jpg,https://www.waitrose.com/ecom/products/essential-cheese-puffs/080425-40932-40933,Essential Cheese Puffs,100g,£1.10,£1.10/100g,,Waitrose Brands
020208,Essential Pear Halves in Fruit Juice,G,false,536,https://ecom-su-static-prod.wtrecom.com/images/products/3/LN_020208_BP_3.jpg,https://www.waitrose.com/ecom/products/essential-pear-halves-in-fruit-juice/020208-9839-9840,Essential Pear Halves in Fruit Juice,drained 240g,£1.15,£4.80/kg,,Waitrose Brands
086119,Cooks' Ingredients Rosemary,G,false,537,https://ecom-su-static-prod.wtrecom.com/images/products/3/LN_086119_BP_3.jpg,https://www.waitrose.com/ecom/products/cooks-ingredients-rosemary/086119-43949-43950,Cooks' Ingredients Rosemary,20g,80p,40p/10g,,Waitrose Brands
014342,Essential Crème Caramel,G,false,538,https://ecom-su-static-prod.wtrecom.com/images/products/3/LN_014342_BP_3.jpg,https://www.waitrose.com/ecom/products/essential-creme-caramel/014342-6886-6887,Essential Crème Caramel,4x100g,£1.35,33.8p/100g,,Waitrose Brands
883843,Waitrose Home Ripening Avocado,G,false,539,https://ecom-su-static-prod.wtrecom.com/images/products/3/LN_883843_BP_3.jpg,https://www.waitrose.com/ecom/products/waitrose-home-ripening-avocado/883843-801586-801587,Waitrose Home Ripening Avocado,Each,£1.10,£1.10 each,,Waitrose Brands
045158,Duchy Organic Mature Cheddar Cheese Strength 4,G,true,540,https://ecom-su-static-prod.wtrecom.com/images/products/3/LN_045158_BP_3.jpg,https://www.waitrose.com/ecom/products/duchy-organic-mature-cheddar-cheese-strength-4/045158-22278-22279,Duchy Organic Mature Cheddar Cheese Strength 4,350g,£3.37,£9.63/kg,25% Off. Was £4.80,Waitrose Brands
085306,Duchy Organic Romaine Lettuce,G,false,541,https://ecom-su-static-prod.wtrecom.com/images/products/3/LN_085306_BP_3.jpg,https://www.waitrose.com/ecom/products/duchy-organic-romaine-lettuce/085306-43384-43385,Duchy Organic Romaine Lettuce,Each,£1.75,£1.75 each,,Waitrose Brands
053904,Essential Thick Bleach,G,false,542,https://ecom-su-static-prod.wtrecom.com/images/products/3/LN_053904_BP_3.jpg,https://www.waitrose.com/ecom/products/essential-thick-bleach/053904-27018-27019,Essential Thick Bleach,2litre,£1.35,67.5p/litre,,Waitrose Brands
644059,Essential Fruit Splits,G,false,543,https://ecom-su-static-prod.wtrecom.com/images/products/3/LN_644059_BP_3.jpg,https://www.waitrose.com/ecom/products/essential-fruit-splits/644059-801953-801953,Essential Fruit Splits,6x73ml,£1.60,36.5p/100ml,,Waitrose Brands
885556,Levantine Table Whipped Feta Dip,G,false,544,https://ecom-su-static-prod.wtrecom.com/images/products/3/LN_885556_BP_3.jpg,https://www.waitrose.com/ecom/products/levantine-table-whipped-feta-dip/885556-779351-779352,Levantine Table Whipped Feta Dip,180g,£2.85,£1.59/100g,,Waitrose Brands
046309,Essential Smoked Kipper Cutlets & Butter,G,false,545,https://ecom-su-static-prod.wtrecom.com/images/products/3/LN_046309_BP_3.jpg,https://www.waitrose.com/ecom/products/essential-smoked-kipper-cutlets-butter/046309-22800-22801,Essential Smoked Kipper Cutlets & Butter,200g,£1.90,£9.50/kg,,Waitrose Brands
018286,Essential Dutch Sliced Edam Cheese Strength 2,G,false,546,https://ecom-su-static-prod.wtrecom.com/images/products/3/LN_018286_BP_3.jpg,https://www.waitrose.com/ecom/products/essential-dutch-sliced-edam-cheese-strength-2/018286-8862-8863,Essential Dutch Sliced Edam Cheese Strength 2,250g,£2.80,£11.20/kg,,Waitrose Brands
007184,Essential Balsamic Vinegar of Modena,G,false,547,https://ecom-su-static-prod.wtrecom.com/images/products/3/LN_007184_BP_3.jpg,https://www.waitrose.com/ecom/products/essential-balsamic-vinegar-of-modena/007184-3299-3300,Essential Balsamic Vinegar of Modena,250ml,£1.50,60p/100ml,,Waitrose Brands
004602,Essential Pure Set Honey,G,false,548,https://ecom-su-static-prod.wtrecom.com/images/products/3/LN_004602_BP_3.jpg,https://www.waitrose.com/ecom/products/essential-pure-set-honey/004602-1949-1950,Essential Pure Set Honey,454g,£1.75,38.5p/100g,,Waitrose Brands
016491,Duchy Organic British Beef Sirloin Steak,G,false,549,https://ecom-su-static-prod.wtrecom.com/images/products/3/LN_016491_BP_3.jpg,https://www.waitrose.com/ecom/products/duchy-organic-british-beef-sirloin-steak/016491-7910-7911,Duchy Organic British Beef Sirloin Steak,Typical weight 0.23kg,£8.59 each est.,£38.01/kg,,Waitrose Brands
085218,Essential Savoy Cabbage,G,false,550,https://ecom-su-static-prod.wtrecom.com/images/products/3/LN_085218_BP_3.jpg,https://www.waitrose.com/ecom/products/essential-savoy-cabbage/085218-43291-43292,Essential Savoy Cabbage,Each,£1.00,£1 each,,Waitrose Brands
003383,Essential Salt & Malt Vinegar Crisps,G,false,551,https://ecom-su-static-prod.wtrecom.com/images/products/3/LN_003383_BP_3.jpg,https://www.waitrose.com/ecom/products/essential-salt-malt-vinegar-crisps/003383-1335-1336,Essential Salt & Malt Vinegar Crisps,6x25g,£1.25,83.3p/100g,,Waitrose Brands
069202,Essential Dishwasher Rinse Aid Lemon,G,false,552,https://ecom-su-static-prod.wtrecom.com/images/products/3/LN_069202_BP_3.jpg,https://www.waitrose.com/ecom/products/essential-dishwasher-rinse-aid-lemon/069202-35091-35092,Essential Dishwasher Rinse Aid Lemon,500ml,£2.85,57p/100ml,,Waitrose Brands
099838,Essential Olive Spread,G,false,553,https://ecom-su-static-prod.wtrecom.com/images/products/3/LN_099838_BP_3.jpg,https://www.waitrose.com/ecom/products/essential-olive-spread/099838-51007-51008,Essential Olive Spread,500g,£1.50,£3/kg,,Waitrose Brands
078250,Duchy Organic Whole Chicken,G,true,554,https://ecom-su-static-prod.wtrecom.com/images/products/3/LN_078250_BP_3.jpg,https://www.waitrose.com/ecom/products/duchy-organic-whole-chicken/078250-39829-39830,Duchy Organic Whole Chicken,Typical weight 1.45kg,£12.77 each est.,£8.81/kg,25% Off. Was £17.03,Waitrose Brands
004503,Essential Seville Orange Marmalade Thick Cut,G,false,555,https://ecom-su-static-prod.wtrecom.com/images/products/3/LN_004503_BP_3.jpg,https://www.waitrose.com/ecom/products/essential-seville-orange-marmalade-thick-cut/004503-1907-1908,Essential Seville Orange Marmalade Thick Cut,454g,£1.00,22p/100g,,Waitrose Brands
022537,Essential Sardines in Sunflower Oil,G,false,556,https://ecom-su-static-prod.wtrecom.com/images/products/3/LN_022537_BP_3.jpg,https://www.waitrose.com/ecom/products/essential-sardines-in-sunflower-oil/022537-10999-11000,Essential Sardines in Sunflower Oil,drained 84g,65p,77.4p/100g,,Waitrose Brands
054331,Essential Frozen British Chunky Vegetable Mix,G,false,557,https://ecom-su-static-prod.wtrecom.com/images/products/3/LN_054331_BP_3.jpg,https://www.waitrose.com/ecom/products/essential-frozen-british-chunky-vegetable-mix/054331-27281-27282,Essential Frozen British Chunky Vegetable Mix,750g,£1.40,£1.87/kg,,Waitrose Brands
006211,Essential Plain White Flour,G,false,558,https://ecom-su-static-prod.wtrecom.com/images/products/3/LN_006211_BP_3.jpg,https://www.waitrose.com/ecom/products/essential-plain-white-flour/006211-2726-2727,Essential Plain White Flour,500g,50p,£1/kg,,Waitrose Brands
697589,Essential Chamomile Hand Wash,G,false,559,https://ecom-su-static-prod.wtrecom.com/images/products/3/LN_697589_BP_3.jpg,https://www.waitrose.com/ecom/products/essential-chamomile-hand-wash/697589-504577-504578,Essential Chamomile Hand Wash,250ml,80p,32p/100ml,,Waitrose Brands
548066,Essential Absorbent Cat Litter,G,false,560,https://ecom-su-static-prod.wtrecom.com/images/products/3/LN_548066_BP_3.jpg,https://www.waitrose.com/ecom/products/essential-absorbent-cat-litter/548066-156531-156532,Essential Absorbent Cat Litter,10litre,£2.95,29.5p/litre,,Waitrose Brands
446259,"Waitrose Levantine Spinach, Feta Parcels",G,false,561,https://ecom-su-static-prod.wtrecom.com/images/products/3/LN_446259_BP_3.jpg,https://www.waitrose.com/ecom/products/waitrose-levantine-spinach-feta-parcels/446259-62829-62830,"Waitrose Levantine Spinach, Feta Parcels",136g,£3.90,£2.87/100g,,Waitrose Brands
637605,Duchy Organic Extra Mature Cheddar Cheese Strength 5,G,true,562,https://ecom-su-static-prod.wtrecom.com/images/products/3/LN_637605_BP_3.jpg,https://www.waitrose.com/ecom/products/duchy-organic-extra-mature-cheddar-cheese-strength-5/637605-129714-129715,Duchy Organic Extra Mature Cheddar Cheese Strength 5,350g,£3.37,£9.63/kg,25% Off. Was £4.80,Waitrose Brands
086151,Cooks' Ingredients Mint Pot,G,true,563,https://ecom-su-static-prod.wtrecom.com/images/products/3/LN_086151_BP_3.jpg,https://www.waitrose.com/ecom/products/cooks-ingredients-mint-pot/086151-43997-43998,Cooks' Ingredients Mint Pot,Each,£1.36,£1.36 each,20% Off. Was £1.70,Waitrose Brands
580808,Duchy Organic Italian Mozzarella Cheese Strength 1,G,false,564,https://ecom-su-static-prod.wtrecom.com/images/products/3/LN_580808_BP_3.jpg,https://www.waitrose.com/ecom/products/duchy-organic-italian-mozzarella-cheese-strength-1/580808-666395-666396,Duchy Organic Italian Mozzarella Cheese Strength 1,drained 125g,£1.80,£14.40/kg,,Waitrose Brands
095141,Essential Plum Tomatoes in Natural Juice,G,false,565,https://ecom-su-static-prod.wtrecom.com/images/products/3/LN_095141_BP_3.jpg,https://www.waitrose.com/ecom/products/essential-plum-tomatoes-in-natural-juice/095141-48772-48772,Essential Plum Tomatoes in Natural Juice,4x400g,£2.20,£1.38/kg,,Waitrose Brands
784500,Essential British Turkey Breast Mince,G,false,566,https://ecom-su-static-prod.wtrecom.com/images/products/3/LN_784500_BP_3.jpg,https://www.waitrose.com/ecom/products/essential-british-turkey-breast-mince/784500-586844-586845,Essential British Turkey Breast Mince,300g,£3.75,£12.50/kg,,Waitrose Brands
002581,Essential Cheese Thins,G,false,567,https://ecom-su-static-prod.wtrecom.com/images/products/3/LN_002581_BP_3.jpg,https://www.waitrose.com/ecom/products/essential-cheese-thins/002581-874-875,Essential Cheese Thins,150g,£1.20,80p/100g,,Waitrose Brands
470588,Cooks' Ingredients Garlic Granules,G,false,568,https://ecom-su-static-prod.wtrecom.com/images/products/3/LN_470588_BP_3.jpg,https://www.waitrose.com/ecom/products/cooks-ingredients-garlic-granules/470588-784844-784845,Cooks' Ingredients Garlic Granules,52g,£1.60,30.8p/10g,,Waitrose Brands
095415,Duchy Organic Fusilli,G,false,569,https://ecom-su-static-prod.wtrecom.com/images/products/3/LN_095415_BP_3.jpg,https://www.waitrose.com/ecom/products/duchy-organic-fusilli/095415-48891-48892,Duchy Organic Fusilli,500g,£1.90,£3.80/kg,,Waitrose Brands
086508,Duchy Organic Vine Tomatoes,G,false,570,https://ecom-su-static-prod.wtrecom.com/images/products/3/LN_086508_BP_3.jpg,https://www.waitrose.com/ecom/products/duchy-organic-vine-tomatoes/086508-44188-44189,Duchy Organic Vine Tomatoes,250g,£2.50,£10/kg,,Waitrose Brands
086209,Cooks' Ingredients Large Basil Pot,G,false,571,https://ecom-su-static-prod.wtrecom.com/images/products/3/LN_086209_BP_3.jpg,https://www.waitrose.com/ecom/products/cooks-ingredients-large-basil-pot/086209-44044-44045,Cooks' Ingredients Large Basil Pot,Each,£2.35,£2.35 each,,Waitrose Brands
628005,Essential Sensitive Hand Wash,G,false,572,https://ecom-su-static-prod.wtrecom.com/images/products/3/LN_628005_BP_3.jpg,https://www.waitrose.com/ecom/products/essential-sensitive-hand-wash/628005-504375-504376,Essential Sensitive Hand Wash,250ml,80p,32p/100ml,,Waitrose Brands
055108,Essential Whipping Cream,G,false,573,https://ecom-su-static-prod.wtrecom.com/images/products/3/LN_055108_BP_3.jpg,https://www.waitrose.com/ecom/products/essential-whipping-cream/055108-27689-27690,Essential Whipping Cream,300ml,£1.25,41.7p/100ml,,Waitrose Brands
034153,Waitrose Toasted Sesame Oil,G,false,574,https://ecom-su-static-prod.wtrecom.com/images/products/3/LN_034153_BP_3.jpg,https://www.waitrose.com/ecom/products/waitrose-toasted-sesame-oil/034153-17101-17102,Waitrose Toasted Sesame Oil,250ml,£2.75,£1.10/100ml,,Waitrose Brands
648738,Levantine Table Smoky Aubergine Baba Ganoush,G,false,575,https://ecom-su-static-prod.wtrecom.com/images/products/3/LN_648738_BP_3.jpg,https://www.waitrose.com/ecom/products/levantine-table-smoky-aubergine-baba-ganoush/648738-755653-755654,Levantine Table Smoky Aubergine Baba Ganoush,180g,£2.85,£1.59/100g,,Waitrose Brands
694565,Essential Frozen Cooked and Peeled Prawns,G,false,576,https://ecom-su-static-prod.wtrecom.com/images/products/3/LN_694565_BP_3.jpg,https://www.waitrose.com/ecom/products/essential-frozen-cooked-and-peeled-prawns/694565-653353-653354,Essential Frozen Cooked and Peeled Prawns,300g,£5.00,£16.67/kg,,Waitrose Brands
019703,Essential Plum Tomatoes in Natural Juice,G,false,577,https://ecom-su-static-prod.wtrecom.com/images/products/3/LN_019703_BP_3.jpg,https://www.waitrose.com/ecom/products/essential-plum-tomatoes-in-natural-juice/019703-9569-9570,Essential Plum Tomatoes in Natural Juice,400g,60p,£1.50/kg,,Waitrose Brands
046201,Essential Reduced Fat Houmous,G,false,578,https://ecom-su-static-prod.wtrecom.com/images/products/3/LN_046201_BP_3.jpg,https://www.waitrose.com/ecom/products/essential-reduced-fat-houmous/046201-22747-22748,Essential Reduced Fat Houmous,300g,£1.75,58.3p/100g,,Waitrose Brands
090788,Duchy Organic Frozen Sweetcorn,G,false,579,https://ecom-su-static-prod.wtrecom.com/images/products/3/LN_090788_BP_3.jpg,https://www.waitrose.com/ecom/products/duchy-organic-frozen-sweetcorn/090788-46761-46762,Duchy Organic Frozen Sweetcorn,500g,£2.00,£4/kg,,Waitrose Brands
085608,Duchy Organic Bunched Carrots,G,false,580,https://ecom-su-static-prod.wtrecom.com/images/products/3/LN_085608_BP_3.jpg,https://www.waitrose.com/ecom/products/duchy-organic-bunched-carrots/085608-43691-43692,Duchy Organic Bunched Carrots,Each,£1.90,£1.90 each,,Waitrose Brands
653720,No.1 Wheat & Rye Sourdough Sliced,G,false,581,https://ecom-su-static-prod.wtrecom.com/images/products/3/LN_653720_BP_3.jpg,https://www.waitrose.com/ecom/products/no1-wheat-rye-sourdough-sliced/653720-373403-373404,No.1 Wheat & Rye Sourdough Sliced,500g,£2.20,44p/100g,,Waitrose Brands
034647,Essential Creamed Horseradish,G,false,582,https://ecom-su-static-prod.wtrecom.com/images/products/3/LN_034647_BP_3.jpg,https://www.waitrose.com/ecom/products/essential-creamed-horseradish/034647-17443-17444,Essential Creamed Horseradish,180g,£1.00,55.6p/100g,,Waitrose Brands
557579,Duchy Organic 12 British Pork Chipolatas,G,true,583,https://ecom-su-static-prod.wtrecom.com/images/products/3/LN_557579_BP_3.jpg,https://www.waitrose.com/ecom/products/duchy-organic-12-british-pork-chipolatas/557579-78862-78863,Duchy Organic 12 British Pork Chipolatas,340g,£3.93,£11.56/kg,25% Off. Was £5.25,Waitrose Brands
615191,Cooks' Ingredients Panko Breadcrumbs,G,false,584,https://ecom-su-static-prod.wtrecom.com/images/products/3/LN_615191_BP_3.jpg,https://www.waitrose.com/ecom/products/cooks-ingredients-panko-breadcrumbs/615191-312329-312330,Cooks' Ingredients Panko Breadcrumbs,150g,£2.55,£1.70/100g,,Waitrose Brands
852514,Essential 5 Flapjacks,G,false,585,https://ecom-su-static-prod.wtrecom.com/images/products/3/LN_852514_BP_3.jpg,https://www.waitrose.com/ecom/products/essential-5-flapjacks/852514-721652-721653,Essential 5 Flapjacks,5s,£1.35,84.4p/100g,,Waitrose Brands
049009,Essential Vanilla Soft Scoop Ice Cream,G,false,586,https://ecom-su-static-prod.wtrecom.com/images/products/3/LN_049009_BP_3.jpg,https://www.waitrose.com/ecom/products/essential-vanilla-soft-scoop-ice-cream/049009-24420-24421,Essential Vanilla Soft Scoop Ice Cream,2litre,£2.20,11p/100ml,,Waitrose Brands
887033,No.1 Rye and Wheat Dark Sourdough Bread,G,false,587,https://ecom-su-static-prod.wtrecom.com/images/products/3/LN_887033_BP_3.jpg,https://www.waitrose.com/ecom/products/no1-rye-and-wheat-dark-sourdough-bread/887033-526254-526255,No.1 Rye and Wheat Dark Sourdough Bread,500g,£2.70,54p/100g,,Waitrose Brands
086516,Essential Cherry Tomatoes,G,false,588,https://ecom-su-static-prod.wtrecom.com/images/products/3/LN_086516_BP_3.jpg,https://www.waitrose.com/ecom/products/essential-cherry-tomatoes/086516-44200-44201,Essential Cherry Tomatoes,250g,£1.00,£4/kg,,Waitrose Brands
814257,Essential Spring Greens,G,false,589,https://ecom-su-static-prod.wtrecom.com/images/products/3/LN_814257_BP_3.jpg,https://www.waitrose.com/ecom/products/essential-spring-greens/814257-422017-422018,Essential Spring Greens,500g,80p,£1.60/kg,,Waitrose Brands
687276,Essential Table Salt,G,false,590,https://ecom-su-static-prod.wtrecom.com/images/products/3/LN_687276_BP_3.jpg,https://www.waitrose.com/ecom/products/essential-table-salt/687276-723940-723941,Essential Table Salt,750g,70p,93.3p/kg,,Waitrose Brands
644929,Cooks' Ingredients Tahini,G,false,591,https://ecom-su-static-prod.wtrecom.com/images/products/3/LN_644929_BP_3.jpg,https://www.waitrose.com/ecom/products/cooks-ingredients-tahini/644929-312347-312348,Cooks' Ingredients Tahini,300g,£3.00,£1/100g,,Waitrose Brands
717622,Duchy Organic Frozen Berry Mix,G,false,592,https://ecom-su-static-prod.wtrecom.com/images/products/3/LN_717622_BP_3.jpg,https://www.waitrose.com/ecom/products/duchy-organic-frozen-berry-mix/717622-101973-101974,Duchy Organic Frozen Berry Mix,300g,£3.80,£12.67/kg,,Waitrose Brands
810648,Duchy Organic British Beef Diced Casserole Steak,G,false,593,https://ecom-su-static-prod.wtrecom.com/images/products/3/LN_810648_BP_3.jpg,https://www.waitrose.com/ecom/products/duchy-organic-british-beef-diced-casserole-steak/810648-754863-754864,Duchy Organic British Beef Diced Casserole Steak,400g,£4.75,£11.88/kg,,Waitrose Brands
735273,No.1 Free Range Lincolnshire Pork Sausages 6s,G,false,594,https://ecom-su-static-prod.wtrecom.com/images/products/3/LN_735273_BP_3.jpg,https://www.waitrose.com/ecom/products/no1-free-range-lincolnshire-pork-sausages-6s/735273-149491-149492,No.1 Free Range Lincolnshire Pork Sausages 6s,400g,£4.50,£11.25/kg,,Waitrose Brands
070684,Cooks' Ingredients Sicilian Lemon Juice,G,false,595,https://ecom-su-static-prod.wtrecom.com/images/products/3/LN_070684_BP_3.jpg,https://www.waitrose.com/ecom/products/cooks-ingredients-sicilian-lemon-juice/070684-35827-35828,Cooks' Ingredients Sicilian Lemon Juice,250ml,£1.25,50p/100ml,,Waitrose Brands
058058,Essential Indian Tonic Water,G,false,596,https://ecom-su-static-prod.wtrecom.com/images/products/3/LN_058058_BP_3.jpg,https://www.waitrose.com/ecom/products/essential-indian-tonic-water/058058-29154-29155,Essential Indian Tonic Water,1litre,85p,8.5p/100ml,,Waitrose Brands
469603,Essential Red Leicester Cheese Strength 3,G,false,597,https://ecom-su-static-prod.wtrecom.com/images/products/3/LN_469603_BP_3.jpg,https://www.waitrose.com/ecom/products/essential-red-leicester-cheese-strength-3/469603-66203-66204,Essential Red Leicester Cheese Strength 3,350g,£2.95,£8.43/kg,,Waitrose Brands
015864,Duchy Organic Unhomogenised Whole Milk 1 Pint,G,false,598,https://ecom-su-static-prod.wtrecom.com/images/products/3/LN_015864_BP_3.jpg,https://www.waitrose.com/ecom/products/duchy-organic-unhomogenised-whole-milk-1-pint/015864-7587-7588,Duchy Organic Unhomogenised Whole Milk 1 Pint,568ml,£1.15,£2.03/litre,,Waitrose Brands
823228,Cooks' Ingredients Frozen Sliced British Bramley Apples,G,false,599,https://ecom-su-static-prod.wtrecom.com/images/products/3/LN_823228_BP_3.jpg,https://www.waitrose.com/ecom/products/cooks-ingredients-frozen-sliced-british-bramley-apples/823228-673435-673436,Cooks' Ingredients Frozen Sliced British Bramley Apples,350g,£2.20,£6.29/kg,,Waitrose Brands
033516,Duchy Organic 20 British Beef Meatballs,G,false,600,https://ecom-su-static-prod.wtrecom.com/images/products/3/LN_033516_BP_3.jpg,https://www.waitrose.com/ecom/products/duchy-organic-20-british-beef-meatballs/033516-16771-16772,Duchy Organic 20 British Beef Meatballs,300g,£3.75,£12.50/kg,,Waitrose Brands
744398,Duchy Organic 6 British Pork Sausages,G,false,601,https://ecom-su-static-prod.wtrecom.com/images/products/3/LN_744398_BP_3.jpg,https://www.waitrose.com/ecom/products/duchy-organic-6-british-pork-sausages/744398-105820-105821,Duchy Organic 6 British Pork Sausages,400g,£5.25,£13.13/kg,,Waitrose Brands
697205,Essential All Purpose Cloths,G,false,602,https://ecom-su-static-prod.wtrecom.com/images/products/3/LN_697205_BP_3.jpg,https://www.waitrose.com/ecom/products/essential-all-purpose-cloths/697205-483403-483404,Essential All Purpose Cloths,25s,£2.70,10.8p each,,Waitrose Brands
369061,Essential Bathroom & Toilet Wipes,G,false,603,https://ecom-su-static-prod.wtrecom.com/images/products/3/LN_369061_BP_3.jpg,https://www.waitrose.com/ecom/products/essential-bathroom-toilet-wipes/369061-287872-287873,Essential Bathroom & Toilet Wipes,40s,£1.10,2.8p each,,Waitrose Brands
464768,Cooks' Ingredients Ground Cumin,G,false,604,https://ecom-su-static-prod.wtrecom.com/images/products/3/LN_464768_BP_3.jpg,https://www.waitrose.com/ecom/products/cooks-ingredients-ground-cumin/464768-784832-784833,Cooks' Ingredients Ground Cumin,40g,£1.60,40p/10g,,Waitrose Brands
091489,Essential Thin & Crispy Cheese & Tomato Pizza,G,false,605,https://ecom-su-static-prod.wtrecom.com/images/products/3/LN_091489_BP_3.jpg,https://www.waitrose.com/ecom/products/essential-thin-crispy-cheese-tomato-pizza/091489-47111-47112,Essential Thin & Crispy Cheese & Tomato Pizza,241g,£2.50,£10.38/kg,,Waitrose Brands
473256,Cooks' Ingredients Frozen Chopped ginger,G,true,606,https://ecom-su-static-prod.wtrecom.com/images/products/3/LN_473256_BP_3.jpg,https://www.waitrose.com/ecom/products/cooks-ingredients-frozen-chopped-ginger/473256-66752-66753,Cooks' Ingredients Frozen Chopped ginger,75g,£1.85,24.7p/10g,Add 2 for £3,Waitrose Brands
033431,Duchy Organic British FR Eggs Very Large,G,false,607,https://ecom-su-static-prod.wtrecom.com/images/products/3/LN_033431_BP_3.jpg,https://www.waitrose.com/ecom/products/duchy-organic-british-fr-eggs-very-large/033431-16683-16684,Duchy Organic British FR Eggs Very Large,6s,£3.75,62.5p each,,Waitrose Brands
884020,No.1 Free Range Pork Medallions,G,true,608,https://ecom-su-static-prod.wtrecom.com/images/products/3/LN_884020_BP_3.jpg,https://www.waitrose.com/ecom/products/no1-free-range-pork-medallions/884020-382472-382473,No.1 Free Range Pork Medallions,240g,£3.37,£14.05/kg,25% Off. Was £4.50,Waitrose Brands
004653,Essential Smooth Peanut Butter,G,false,609,https://ecom-su-static-prod.wtrecom.com/images/products/3/LN_004653_BP_3.jpg,https://www.waitrose.com/ecom/products/essential-smooth-peanut-butter/004653-1987-1988,Essential Smooth Peanut Butter,340g,£1.80,52.9p/100g,,Waitrose Brands
659896,Cooks' Ingredients Peeled Garlic Cloves,G,false,610,https://ecom-su-static-prod.wtrecom.com/images/products/3/LN_659896_BP_3.jpg,https://www.waitrose.com/ecom/products/cooks-ingredients-peeled-garlic-cloves/659896-93730-93731,Cooks' Ingredients Peeled Garlic Cloves,50g,£1.25,£2.50/100g,,Waitrose Brands
428911,No. 1 Parmigiano Reggiano DOP Parmesan Cheese,G,false,611,https://ecom-su-static-prod.wtrecom.com/images/products/3/LN_428911_BP_3.jpg,https://www.waitrose.com/ecom/products/no-1-parmigiano-reggiano-dop-parmesan-cheese/428911-636273-636274,No. 1 Parmigiano Reggiano DOP Parmesan Cheese,200g,£4.25,£21.25/kg,,Waitrose Brands
728889,Essential 5 Brownie Bars,G,false,612,https://ecom-su-static-prod.wtrecom.com/images/products/3/LN_728889_BP_3.jpg,https://www.waitrose.com/ecom/products/essential-5-brownie-bars/728889-414189-414190,Essential 5 Brownie Bars,5s,£1.35,27p each,,Waitrose Brands
722139,Essential Jam Tarts,G,false,613,https://ecom-su-static-prod.wtrecom.com/images/products/3/LN_722139_BP_3.jpg,https://www.waitrose.com/ecom/products/essential-jam-tarts/722139-204959-204960,Essential Jam Tarts,6s,£1.30,21.7p each,,Waitrose Brands
037190,Essential Chicken Livers,G,false,614,https://ecom-su-static-prod.wtrecom.com/images/products/3/LN_037190_BP_3.jpg,https://www.waitrose.com/ecom/products/essential-chicken-livers/037190-18631-18632,Essential Chicken Livers,400g,£1.70,£4.25/kg,,Waitrose Brands
640788,Essential Italian Ricotta Strength 1,G,false,615,https://ecom-su-static-prod.wtrecom.com/images/products/3/LN_640788_BP_3.jpg,https://www.waitrose.com/ecom/products/essential-italian-ricotta-strength-1/640788-129716-129717,Essential Italian Ricotta Strength 1,250g,£1.50,£6/kg,,Waitrose Brands
779045,Duchy Organic Pitted Kalamata Olives,G,true,616,https://ecom-su-static-prod.wtrecom.com/images/products/3/LN_779045_BP_3.jpg,https://www.waitrose.com/ecom/products/duchy-organic-pitted-kalamata-olives/779045-747564-747565,Duchy Organic Pitted Kalamata Olives,drained 160g,£2.40,£1.50/100g,25% Off. Was £3.25,Waitrose Brands
640621,Cooks' Ingredients Pulled Ham Hock,G,true,617,https://ecom-su-static-prod.wtrecom.com/images/products/3/LN_640621_BP_3.jpg,https://www.waitrose.com/ecom/products/cooks-ingredients-pulled-ham-hock/640621-90987-90988,Cooks' Ingredients Pulled Ham Hock,180g,£3.04,£1.69/100g,20% Off. Was £3.80,Waitrose Brands
019692,Essential British Sliced Honey Roast Ham,G,false,618,https://ecom-su-static-prod.wtrecom.com/images/products/3/LN_019692_BP_3.jpg,https://www.waitrose.com/ecom/products/essential-british-sliced-honey-roast-ham/019692-9563-9564,Essential British Sliced Honey Roast Ham,260g,£3.45,£1.33/100g,,Waitrose Brands
482361,Duchy Organic Red Kidney Beans in Water,G,false,619,https://ecom-su-static-prod.wtrecom.com/images/products/3/LN_482361_BP_3.jpg,https://www.waitrose.com/ecom/products/duchy-organic-red-kidney-beans-in-water/482361-747668-747669,Duchy Organic Red Kidney Beans in Water,drained 255g,£1.15,£4.51/kg,,Waitrose Brands
571223,Waitrose Beechwood Smoked Cheese Strength 3,G,false,620,https://ecom-su-static-prod.wtrecom.com/images/products/3/LN_571223_BP_3.jpg,https://www.waitrose.com/ecom/products/waitrose-beechwood-smoked-cheese-strength-3/571223-268122-268123,Waitrose Beechwood Smoked Cheese Strength 3,150g,£2.45,£16.34/kg,,Waitrose Brands
088023,Waitrose CI Gooseberries,G,true,621,https://ecom-su-static-prod.wtrecom.com/images/products/3/LN_088023_BP_3.jpg,https://www.waitrose.com/ecom/products/waitrose-ci-gooseberries/088023-45002-45003,Waitrose CI Gooseberries,320g,£2.50,£7.82/kg,Add 2 for £4,Waitrose Brands
434916,Japan Menyū 6 Tempura King Prawns,G,true,622,https://ecom-su-static-prod.wtrecom.com/images/products/3/LN_434916_BP_3.jpg,https://www.waitrose.com/ecom/products/japan-meny-6-tempura-king-prawns/434916-810882-810883,Japan Menyū 6 Tempura King Prawns,96g,£2.80,£2.92/100g,20% Off. Was £3.50,Waitrose Brands
606479,Levantine Table 2 Roasted Garlic Flatbreads,G,false,623,https://ecom-su-static-prod.wtrecom.com/images/products/3/LN_606479_BP_3.jpg,https://www.waitrose.com/ecom/products/levantine-table-2-roasted-garlic-flatbreads/606479-743612-743613,Levantine Table 2 Roasted Garlic Flatbreads,200g,£1.60,80p/100g,,Waitrose Brands
019782,Duchy Organic British Lamb Mince,G,false,624,https://ecom-su-static-prod.wtrecom.com/images/products/3/LN_019782_BP_3.jpg,https://www.waitrose.com/ecom/products/duchy-organic-british-lamb-mince/019782-425749-9633,Duchy Organic British Lamb Mince,400g,£7.25,£18.13/kg,,Waitrose Brands
752033,Waitrose Perfectly Ripe Flat Peaches,G,false,625,https://ecom-su-static-prod.wtrecom.com/images/products/3/LN_752033_BP_3.jpg,https://www.waitrose.com/ecom/products/waitrose-perfectly-ripe-flat-peaches/752033-350007-350008,Waitrose Perfectly Ripe Flat Peaches,4s,£4.00,£1 each,,Waitrose Brands
524931,No.1 Free Range 6 Cumberland Pork Sausages,G,false,626,https://ecom-su-static-prod.wtrecom.com/images/products/3/LN_524931_BP_3.jpg,https://www.waitrose.com/ecom/products/no1-free-range-6-cumberland-pork-sausages/524931-148531-148532,No.1 Free Range 6 Cumberland Pork Sausages,400g,£4.50,£11.25/kg,,Waitrose Brands
700918,Cooks' Ingredients Smoked Paprika,G,true,627,https://ecom-su-static-prod.wtrecom.com/images/products/3/LN_700918_BP_3.jpg,https://www.waitrose.com/ecom/products/cooks-ingredients-smoked-paprika/700918-785052-785053,Cooks' Ingredients Smoked Paprika,40g,£1.60,40p/10g,Add 2 for £2.75,Waitrose Brands
563644,Waitrose Popped Garden Peas,G,true,628,https://ecom-su-static-prod.wtrecom.com/images/products/3/LN_563644_BP_3.jpg,https://www.waitrose.com/ecom/products/waitrose-popped-garden-peas/563644-344178-344179,Waitrose Popped Garden Peas,80g,£1.20,£1.50/100g,Add 3 for £3,Waitrose Brands
781012,Essential Brown Basmati Rice,G,false,629,https://ecom-su-static-prod.wtrecom.com/images/products/3/LN_781012_BP_3.jpg,https://www.waitrose.com/ecom/products/essential-brown-basmati-rice/781012-695190-695191,Essential Brown Basmati Rice,1kg,£2.50,£2.50/kg,,Waitrose Brands
086102,Cooks' Ingredients Curly Leaf Parsley,G,false,630,https://ecom-su-static-prod.wtrecom.com/images/products/3/LN_086102_BP_3.jpg,https://www.waitrose.com/ecom/products/cooks-ingredients-curly-leaf-parsley/086102-43923-43924,Cooks' Ingredients Curly Leaf Parsley,25g,80p,32p/10g,,Waitrose Brands
042584,Essential Cotton Buds,G,false,631,https://ecom-su-static-prod.wtrecom.com/images/products/3/LN_042584_BP_3.jpg,https://www.waitrose.com/ecom/products/essential-cotton-buds/042584-21074-21075,Essential Cotton Buds,200s,75p,0.4p each,,Waitrose Brands
059686,Essential Mature Sliced Cheddar Cheese Strength 4,G,false,632,https://ecom-su-static-prod.wtrecom.com/images/products/3/LN_059686_BP_3.jpg,https://www.waitrose.com/ecom/products/essential-mature-sliced-cheddar-cheese-strength-4/059686-30104-30105,Essential Mature Sliced Cheddar Cheese Strength 4,250g,£2.80,£11.20/kg,,Waitrose Brands
017442,Essential Long Grain Rice Easy Cook,G,false,633,https://ecom-su-static-prod.wtrecom.com/images/products/3/LN_017442_BP_3.jpg,https://www.waitrose.com/ecom/products/essential-long-grain-rice-easy-cook/017442-8440-8441,Essential Long Grain Rice Easy Cook,1kg,£1.50,£1.50/kg,,Waitrose Brands
099050,Cooks' Ingredients Frozen Butternut Vine Squash Chunks,G,false,634,https://ecom-su-static-prod.wtrecom.com/images/products/3/LN_099050_BP_3.jpg,https://www.waitrose.com/ecom/products/cooks-ingredients-frozen-butternut-vine-squash-chunks/099050-50487-50488,Cooks' Ingredients Frozen Butternut Vine Squash Chunks,500g,£1.90,£3.80/kg,,Waitrose Brands
739977,Essential Choco Pops,G,false,635,https://ecom-su-static-prod.wtrecom.com/images/products/3/LN_739977_BP_3.jpg,https://www.waitrose.com/ecom/products/essential-choco-pops/739977-722962-722963,Essential Choco Pops,375g,£1.25,33.3p/100g,,Waitrose Brands
005032,Essential 4 British Pork Shoulder Steaks,G,false,636,https://ecom-su-static-prod.wtrecom.com/images/products/3/LN_005032_BP_3.jpg,https://www.waitrose.com/ecom/products/essential-4-british-pork-shoulder-steaks/005032-2161-2162,Essential 4 British Pork Shoulder Steaks,Typical weight 0.71kg,£4.82 each est.,£6.75/kg,,Waitrose Brands
743476,Essential Fresh Mint Mouthwash,G,false,637,https://ecom-su-static-prod.wtrecom.com/images/products/3/LN_743476_BP_3.jpg,https://www.waitrose.com/ecom/products/essential-fresh-mint-mouthwash/743476-402653-402654,Essential Fresh Mint Mouthwash,500ml,£1.35,27p/100ml,,Waitrose Brands
562636,Waitrose German Cambozola,G,false,638,https://ecom-su-static-prod.wtrecom.com/images/products/3/LN_562636_BP_3.jpg,https://www.waitrose.com/ecom/products/waitrose-german-cambozola/562636-129664-129665,Waitrose German Cambozola,170g,£3.00,£17.65/kg,,Waitrose Brands
892254,Cooks' Ingredients Crispy Bacon Rashers,G,true,639,https://ecom-su-static-prod.wtrecom.com/images/products/3/LN_892254_BP_3.jpg,https://www.waitrose.com/ecom/products/cooks-ingredients-crispy-bacon-rashers/892254-319754-319755,Cooks' Ingredients Crispy Bacon Rashers,55g,£3.16,£5.75/100g,20% Off. Was £3.95,Waitrose Brands
007182,Essential White Wine Vinegar,G,false,640,https://ecom-su-static-prod.wtrecom.com/images/products/3/LN_007182_BP_3.jpg,https://www.waitrose.com/ecom/products/essential-white-wine-vinegar/007182-3295-3296,Essential White Wine Vinegar,500ml,£2.00,40p/100ml,,Waitrose Brands
739927,Essential Tuna Chunks in Sunflower Oil,G,false,641,https://ecom-su-static-prod.wtrecom.com/images/products/3/LN_739927_BP_3.jpg,https://www.waitrose.com/ecom/products/essential-tuna-chunks-in-sunflower-oil/739927-457190-457191,Essential Tuna Chunks in Sunflower Oil,4x160g,£4.75,£1.07/100g,,Waitrose Brands
816562,Duchy Organic Baby Potatoes,G,false,642,https://ecom-su-static-prod.wtrecom.com/images/products/3/LN_816562_BP_3.jpg,https://www.waitrose.com/ecom/products/duchy-organic-baby-potatoes/816562-777436-777437,Duchy Organic Baby Potatoes,750g,£1.90,£2.54/kg,,Waitrose Brands
406516,No.1 Santo Domingo Chocolate Ice Cream,G,true,643,https://ecom-su-static-prod.wtrecom.com/images/products/3/LN_406516_BP_3.jpg,https://www.waitrose.com/ecom/products/no1-santo-domingo-chocolate-ice-cream/406516-336017-336018,No.1 Santo Domingo Chocolate Ice Cream,480ml,£3.00,62.5p/100ml,25% Off. Was £4.40,Waitrose Brands
560101,Duchy Organic Ayrshire Unhomogenised Whole Milk,G,false,644,https://ecom-su-static-prod.wtrecom.com/images/products/3/LN_560101_BP_3.jpg,https://www.waitrose.com/ecom/products/duchy-organic-ayrshire-unhomogenised-whole-milk/560101-560479-560480,Duchy Organic Ayrshire Unhomogenised Whole Milk,1litre,£1.65,£1.65/litre,,Waitrose Brands
002144,Essential Shortcake Biscuits,G,false,645,https://ecom-su-static-prod.wtrecom.com/images/products/3/LN_002144_BP_3.jpg,https://www.waitrose.com/ecom/products/essential-shortcake-biscuits/002144-602-603,Essential Shortcake Biscuits,400g,£1.25,31.3p/100g,,Waitrose Brands
523974,Essential Cheese Sauce,G,false,646,https://ecom-su-static-prod.wtrecom.com/images/products/3/LN_523974_BP_3.jpg,https://www.waitrose.com/ecom/products/essential-cheese-sauce/523974-74112-74113,Essential Cheese Sauce,350g,£1.95,55.7p/100g,,Waitrose Brands
408646,Duchy Organic Roast Beef Topside with Mustard,G,false,647,https://ecom-su-static-prod.wtrecom.com/images/products/3/LN_408646_BP_3.jpg,https://www.waitrose.com/ecom/products/duchy-organic-roast-beef-topside-with-mustard/408646-57512-57513,Duchy Organic Roast Beef Topside with Mustard,70g,£4.00,£5.72/100g,,Waitrose Brands
484592,Levantine Table Tabbouleh Salad,G,false,648,https://ecom-su-static-prod.wtrecom.com/images/products/3/LN_484592_BP_3.jpg,https://www.waitrose.com/ecom/products/levantine-table-tabbouleh-salad/484592-756346-756347,Levantine Table Tabbouleh Salad,185g,£2.50,£1.36/100g,,Waitrose Brands
034675,Essential Bramley Apple Sauce,G,true,649,https://ecom-su-static-prod.wtrecom.com/images/products/3/LN_034675_BP_3.jpg,https://www.waitrose.com/ecom/products/essential-bramley-apple-sauce/034675-17463-17464,Essential Bramley Apple Sauce,285g,£1.00,35.1p/100g,save 40p. Was £1.40,Waitrose Brands
599109,Cooks' Ingredients Spanish Navara Chorizo,G,true,650,https://ecom-su-static-prod.wtrecom.com/images/products/3/LN_599109_BP_3.jpg,https://www.waitrose.com/ecom/products/cooks-ingredients-spanish-navara-chorizo/599109-785466-785467,Cooks' Ingredients Spanish Navara Chorizo,190g,£2.32,£1.23/100g,20% Off. Was £2.90,Waitrose Brands
880866,Essential Frozen Pineapple Chunks,G,false,651,https://ecom-su-static-prod.wtrecom.com/images/products/3/LN_880866_BP_3.jpg,https://www.waitrose.com/ecom/products/essential-frozen-pineapple-chunks/880866-679299-679300,Essential Frozen Pineapple Chunks,500g,£2.35,47p/100g,,Waitrose Brands
500993,Duchy Organic Seville Orange thick Cut Marmalade,G,false,652,https://ecom-su-static-prod.wtrecom.com/images/products/3/LN_500993_BP_3.jpg,https://www.waitrose.com/ecom/products/duchy-organic-seville-orange-thick-cut-marmalade/500993-70795-70796,Duchy Organic Seville Orange thick Cut Marmalade,340g,£2.10,61.8p/100g,,Waitrose Brands
058458,Essential Carbonated Natural Mineral Water,G,false,653,https://ecom-su-static-prod.wtrecom.com/images/products/3/LN_058458_BP_3.jpg,https://www.waitrose.com/ecom/products/essential-carbonated-natural-mineral-water/058458-29413-29414,Essential Carbonated Natural Mineral Water,2litre,90p,4.5p/100ml,,Waitrose Brands
758216,Essential Fat Free Natural Yogurt,G,false,654,https://ecom-su-static-prod.wtrecom.com/images/products/3/LN_758216_BP_3.jpg,https://www.waitrose.com/ecom/products/essential-fat-free-natural-yogurt/758216-107855-107856,Essential Fat Free Natural Yogurt,500g,90p,18p/100g,,Waitrose Brands
028780,No.1 Canadian Maple Syrup No1 Medium,G,false,655,https://ecom-su-static-prod.wtrecom.com/images/products/3/LN_028780_BP_3.jpg,https://www.waitrose.com/ecom/products/no1-canadian-maple-syrup-no1-medium/028780-14028-14029,No.1 Canadian Maple Syrup No1 Medium,330g,£5.60,£1.70/100g,,Waitrose Brands
088174,Essential Home Ripening Nectarines,G,false,656,https://ecom-su-static-prod.wtrecom.com/images/products/3/LN_088174_BP_3.jpg,https://www.waitrose.com/ecom/products/essential-home-ripening-nectarines/088174-372146-45147,Essential Home Ripening Nectarines,4s,£2.80,70p each,,Waitrose Brands
021652,Essential Vegetable Soup,G,false,657,https://ecom-su-static-prod.wtrecom.com/images/products/3/LN_021652_BP_3.jpg,https://www.waitrose.com/ecom/products/essential-vegetable-soup/021652-10568-10569,Essential Vegetable Soup,400g,70p,17.5p/100g,,Waitrose Brands
853454,Levantine Table Houmous with Chickpeas & Spicy Zhoug,G,false,658,https://ecom-su-static-prod.wtrecom.com/images/products/3/LN_853454_BP_3.jpg,https://www.waitrose.com/ecom/products/levantine-table-houmous-with-chickpeas-spicy-zhoug/853454-755695-755696,Levantine Table Houmous with Chickpeas & Spicy Zhoug,200g,£2.85,£1.43/100g,,Waitrose Brands
029707,Essential 2 Frozen Cod & Parsley Fish Cakes,G,false,659,https://ecom-su-static-prod.wtrecom.com/images/products/3/LN_029707_BP_3.jpg,https://www.waitrose.com/ecom/products/essential-2-frozen-cod-parsley-fish-cakes/029707-14511-14512,Essential 2 Frozen Cod & Parsley Fish Cakes,170g,£1.60,£9.42/kg,,Waitrose Brands
860982,No.1 Lamb Moussaka,G,true,660,https://ecom-su-static-prod.wtrecom.com/images/products/3/LN_860982_BP_3.jpg,https://www.waitrose.com/ecom/products/no1-lamb-moussaka/860982-757065-757066,No.1 Lamb Moussaka,750g,£9.95,£13.27/kg,£12 Our Very Best Dine In: Add Main + Side + Starter or Dessert,Waitrose Brands
755839,Waitrose Mango Fingers,G,false,661,https://ecom-su-static-prod.wtrecom.com/images/products/3/LN_755839_BP_3.jpg,https://www.waitrose.com/ecom/products/waitrose-mango-fingers/755839-772480-772481,Waitrose Mango Fingers,600g,£4.70,£7.84/kg,,Waitrose Brands
654833,Cooks' Ingredients Diced Chorizo,G,false,662,https://ecom-su-static-prod.wtrecom.com/images/products/3/LN_654833_BP_3.jpg,https://www.waitrose.com/ecom/products/cooks-ingredients-diced-chorizo/654833-92951-92952,Cooks' Ingredients Diced Chorizo,2x60g,£3.20,£2.67/100g,,Waitrose Brands
005664,Cooks' Ingredients Jalapeño Peppers,G,false,663,https://ecom-su-static-prod.wtrecom.com/images/products/3/LN_005664_BP_3.jpg,https://www.waitrose.com/ecom/products/cooks-ingredients-jalapeno-peppers/005664-2453-2454,Cooks' Ingredients Jalapeño Peppers,drained 125g,£2.00,£1.60/100g,,Waitrose Brands
006220,Essential Strong Wholemeal Bread Wheat Flour,G,false,664,https://ecom-su-static-prod.wtrecom.com/images/products/3/LN_006220_BP_3.jpg,https://www.waitrose.com/ecom/products/essential-strong-wholemeal-bread-wheat-flour/006220-2736-2737,Essential Strong Wholemeal Bread Wheat Flour,1.5kg,£1.50,£1/kg,,Waitrose Brands
088065,Essential Blackberries,G,false,665,https://ecom-su-static-prod.wtrecom.com/images/products/3/LN_088065_BP_3.jpg,https://www.waitrose.com/ecom/products/essential-blackberries/088065-45057-45058,Essential Blackberries,150g,£2.50,£16.67/kg,,Waitrose Brands
085148,Essential Parsnips,G,false,666,https://ecom-su-static-prod.wtrecom.com/images/products/3/LN_085148_BP_3.jpg,https://www.waitrose.com/ecom/products/essential-parsnips/085148-43238-43239,Essential Parsnips,500g,75p,£1.50/kg,,Waitrose Brands
595470,Essential Italian Mini Mozzarella Cheese Strength 1,G,false,667,https://ecom-su-static-prod.wtrecom.com/images/products/3/LN_595470_BP_3.jpg,https://www.waitrose.com/ecom/products/essential-italian-mini-mozzarella-cheese-strength-1/595470-151815-151816,Essential Italian Mini Mozzarella Cheese Strength 1,drained 150g,£2.00,£13.34/kg,,Waitrose Brands
034341,Essential Pickled Sweet Baby Beetroot,G,false,668,https://ecom-su-static-prod.wtrecom.com/images/products/3/LN_034341_BP_3.jpg,https://www.waitrose.com/ecom/products/essential-pickled-sweet-baby-beetroot/034341-17219-17220,Essential Pickled Sweet Baby Beetroot,drained 447g,£1.50,33.6p/100g,,Waitrose Brands
088580,Essential Red Grapes,G,false,669,https://ecom-su-static-prod.wtrecom.com/images/products/3/LN_088580_BP_3.jpg,https://www.waitrose.com/ecom/products/essential-red-grapes/088580-45469-45470,Essential Red Grapes,,£4.00,per kg,,Waitrose Brands
054233,Essential Frozen British Cauliflower Florets,G,false,670,https://ecom-su-static-prod.wtrecom.com/images/products/3/LN_054233_BP_3.jpg,https://www.waitrose.com/ecom/products/essential-frozen-british-cauliflower-florets/054233-27219-27220,Essential Frozen British Cauliflower Florets,750g,£1.30,£1.74/kg,,Waitrose Brands
064630,Essential Salad Cream,G,false,671,https://ecom-su-static-prod.wtrecom.com/images/products/3/LN_064630_BP_3.jpg,https://www.waitrose.com/ecom/products/essential-salad-cream/064630-32802-32803,Essential Salad Cream,450g,£1.35,30p/100g,,Waitrose Brands
001324,Essential Spinach,G,false,672,https://ecom-su-static-prod.wtrecom.com/images/products/3/LN_001324_BP_3.jpg,https://www.waitrose.com/ecom/products/essential-spinach/001324-228-229,Essential Spinach,450g,£2.70,£6/kg,,Waitrose Brands
408013,Duchy Organic English Unsalted Butter,G,false,673,https://ecom-su-static-prod.wtrecom.com/images/products/3/LN_408013_BP_3.jpg,https://www.waitrose.com/ecom/products/duchy-organic-english-unsalted-butter/408013-752393-752394,Duchy Organic English Unsalted Butter,250g,£3.25,£13/kg,,Waitrose Brands
660487,No.1 Madagascan Dark Chocolate 75%,G,false,674,https://ecom-su-static-prod.wtrecom.com/images/products/3/LN_660487_BP_3.jpg,https://www.waitrose.com/ecom/products/no1-madagascan-dark-chocolate-75/660487-706936-706937,No.1 Madagascan Dark Chocolate 75%,100g,£2.25,£2.25/100g,,Waitrose Brands
768275,Cooks' Ingredients Red & Green Chillies,G,false,675,https://ecom-su-static-prod.wtrecom.com/images/products/3/LN_768275_BP_3.jpg,https://www.waitrose.com/ecom/products/cooks-ingredients-red-green-chillies/768275-299477-299478,Cooks' Ingredients Red & Green Chillies,50g,65p,£13/kg,,Waitrose Brands
432563,Cooks' Ingredients Oregano,G,false,676,https://ecom-su-static-prod.wtrecom.com/images/products/3/LN_432563_BP_3.jpg,https://www.waitrose.com/ecom/products/cooks-ingredients-oregano/432563-784800-784801,Cooks' Ingredients Oregano,12g,£1.60,£1.34/10g,,Waitrose Brands
834154,Essential Frozen Cheese & Tomato Pizza,G,false,677,https://ecom-su-static-prod.wtrecom.com/images/products/3/LN_834154_BP_3.jpg,https://www.waitrose.com/ecom/products/essential-frozen-cheese-tomato-pizza/834154-380404-380405,Essential Frozen Cheese & Tomato Pizza,230g,£1.40,£6.09/kg,,Waitrose Brands
844325,Cooks' Ingredients Mixed Chillies,G,false,678,https://ecom-su-static-prod.wtrecom.com/images/products/3/LN_844325_BP_3.jpg,https://www.waitrose.com/ecom/products/cooks-ingredients-mixed-chillies/844325-295850-295851,Cooks' Ingredients Mixed Chillies,70g,£1.00,£14.29/kg,,Waitrose Brands
501123,Essential 2 Frozen Garlic Chicken Kyivs,G,false,679,https://ecom-su-static-prod.wtrecom.com/images/products/3/LN_501123_BP_3.jpg,https://www.waitrose.com/ecom/products/essential-2-frozen-garlic-chicken-kyivs/501123-70809-70810,Essential 2 Frozen Garlic Chicken Kyivs,284g,£2.25,£7.93/kg,,Waitrose Brands
020915,Essential Prunes in Syrup,G,false,680,https://ecom-su-static-prod.wtrecom.com/images/products/3/LN_020915_BP_3.jpg,https://www.waitrose.com/ecom/products/essential-prunes-in-syrup/020915-10167-10168,Essential Prunes in Syrup,drained 235g,£1.20,£5.11/kg,,Waitrose Brands
017255,Essential Lasagne Sheets,G,false,681,https://ecom-su-static-prod.wtrecom.com/images/products/3/LN_017255_BP_3.jpg,https://www.waitrose.com/ecom/products/essential-lasagne-sheets/017255-8326-8327,Essential Lasagne Sheets,375g,75p,£2/kg,,Waitrose Brands
001206,Essential Rice Pops,G,false,682,https://ecom-su-static-prod.wtrecom.com/images/products/3/LN_001206_BP_3.jpg,https://www.waitrose.com/ecom/products/essential-rice-pops/001206-148-149,Essential Rice Pops,440g,£1.50,34.1p/100g,,Waitrose Brands
565812,No. 1 Spanish Manchego Cheese Curado DOP Strength 3,G,false,683,https://ecom-su-static-prod.wtrecom.com/images/products/3/LN_565812_BP_3.jpg,https://www.waitrose.com/ecom/products/no-1-spanish-manchego-cheese-curado-dop-strength-3/565812-629532-629533,No. 1 Spanish Manchego Cheese Curado DOP Strength 3,Typical weight 0.2kg,£5.70 each est.,£28.50/kg,,Waitrose Brands
011179,Essential Mixed Grapefruit Segments in Syrup,G,false,684,https://ecom-su-static-prod.wtrecom.com/images/products/3/LN_011179_BP_3.jpg,https://www.waitrose.com/ecom/products/essential-mixed-grapefruit-segments-in-syrup/011179-5558-5559,Essential Mixed Grapefruit Segments in Syrup,drained 290g,£1.20,£4.14/kg,,Waitrose Brands
432624,Essential Fat Free Quark Soft Cheese Strength 1,G,false,685,https://ecom-su-static-prod.wtrecom.com/images/products/3/LN_432624_BP_3.jpg,https://www.waitrose.com/ecom/products/essential-fat-free-quark-soft-cheese-strength-1/432624-586410-586411,Essential Fat Free Quark Soft Cheese Strength 1,250g,£1.00,£4/kg,,Waitrose Brands
019521,019521 - Essential Flageolet Beans in Water,G,false,686,https://ecom-su-static-prod.wtrecom.com/images/products/3/LN_019521_BP_3.jpg,https://www.waitrose.com/ecom/products/019521-essential-flageolet-beans-in-water/019521-9449-9450,019521 - Essential Flageolet Beans in Water,drained 265g,70p,£2.65/kg,,Waitrose Brands
444925,No.1 2 Outdoor Bred Pork Sausage Rolls,G,false,687,https://ecom-su-static-prod.wtrecom.com/images/products/3/LN_444925_BP_3.jpg,https://www.waitrose.com/ecom/products/no1-2-outdoor-bred-pork-sausage-rolls/444925-502585-502586,No.1 2 Outdoor Bred Pork Sausage Rolls,160g,£3.30,£2.07/100g,,Waitrose Brands
803682,Essential Condensed Milk,G,false,688,https://ecom-su-static-prod.wtrecom.com/images/products/3/LN_803682_BP_3.jpg,https://www.waitrose.com/ecom/products/essential-condensed-milk/803682-295665-295666,Essential Condensed Milk,397g,£1.15,29p/100g,,Waitrose Brands
519659,No.1 Victoria Sponge,G,false,689,https://ecom-su-static-prod.wtrecom.com/images/products/3/LN_519659_BP_3.jpg,https://www.waitrose.com/ecom/products/no1-victoria-sponge/519659-497788-497789,No.1 Victoria Sponge,each,£6.50,£6.50 each,,Waitrose Brands
481899,Essential Frozen Chicken Goujons,G,false,690,https://ecom-su-static-prod.wtrecom.com/images/products/3/LN_481899_BP_3.jpg,https://www.waitrose.com/ecom/products/essential-frozen-chicken-goujons/481899-725140-725141,Essential Frozen Chicken Goujons,625g,£3.80,£6.08/kg,,Waitrose Brands
069204,Essential Dishwasher Rinse Aid,G,false,691,https://ecom-su-static-prod.wtrecom.com/images/products/3/LN_069204_BP_3.jpg,https://www.waitrose.com/ecom/products/essential-dishwasher-rinse-aid/069204-35095-35096,Essential Dishwasher Rinse Aid,500ml,£2.85,57p/100ml,,Waitrose Brands
764289,Levantine Table Stuffed Vine Leaves,G,false,692,https://ecom-su-static-prod.wtrecom.com/images/products/3/LN_764289_BP_3.jpg,https://www.waitrose.com/ecom/products/levantine-table-stuffed-vine-leaves/764289-755669-755670,Levantine Table Stuffed Vine Leaves,200g,£3.50,£1.75/100g,,Waitrose Brands
734176,Essential Bolognese Sauce,G,false,693,https://ecom-su-static-prod.wtrecom.com/images/products/3/LN_734176_BP_3.jpg,https://www.waitrose.com/ecom/products/essential-bolognese-sauce/734176-697902-697903,Essential Bolognese Sauce,340g,£1.00,29.4p/100g,,Waitrose Brands
043826,Essential Fruit Muesli,G,false,694,https://ecom-su-static-prod.wtrecom.com/images/products/3/LN_043826_BP_3.jpg,https://www.waitrose.com/ecom/products/essential-fruit-muesli/043826-21600-21601,Essential Fruit Muesli,1kg,£3.00,30p/100g,,Waitrose Brands
010915,Essential Thin & Crispy Pepperoni Pizza,G,false,695,https://ecom-su-static-prod.wtrecom.com/images/products/3/LN_010915_BP_3.jpg,https://www.waitrose.com/ecom/products/essential-thin-crispy-pepperoni-pizza/010915-5414-5415,Essential Thin & Crispy Pepperoni Pizza,253g,£2.50,£9.89/kg,,Waitrose Brands
650311,Cooks' Ingredients Baking Powder,G,false,696,https://ecom-su-static-prod.wtrecom.com/images/products/3/LN_650311_BP_3.jpg,https://www.waitrose.com/ecom/products/cooks-ingredients-baking-powder/650311-92314-92315,Cooks' Ingredients Baking Powder,160g,£1.30,£8.13/kg,,Waitrose Brands
034334,Essential Pickled Sliced Beetroot,G,false,697,https://ecom-su-static-prod.wtrecom.com/images/products/3/LN_034334_BP_3.jpg,https://www.waitrose.com/ecom/products/essential-pickled-sliced-beetroot/034334-17213-17214,Essential Pickled Sliced Beetroot,drained 447g,£1.60,35.8p/100g,,Waitrose Brands
073467,Duchy Organic Spaghetti,G,false,698,https://ecom-su-static-prod.wtrecom.com/images/products/3/LN_073467_BP_3.jpg,https://www.waitrose.com/ecom/products/duchy-organic-spaghetti/073467-37276-37277,Duchy Organic Spaghetti,500g,£1.90,£3.80/kg,,Waitrose Brands
802593,No.1 Sicilian Lemon Tart,G,true,699,https://ecom-su-static-prod.wtrecom.com/images/products/3/LN_802593_BP_3.jpg,https://www.waitrose.com/ecom/products/no1-sicilian-lemon-tart/802593-498148-498149,No.1 Sicilian Lemon Tart,530g,£4.87,91.9p/100g,25% Off. Was £6.50,Waitrose Brands
088418,Essential Satsumas,G,false,700,https://ecom-su-static-prod.wtrecom.com/images/products/3/LN_088418_BP_3.jpg,https://www.waitrose.com/ecom/products/essential-satsumas/088418-45369-45370,Essential Satsumas,1kg,£2.50,£2.50/kg,,Waitrose Brands
085416,Essential Round Beans,G,false,701,https://ecom-su-static-prod.wtrecom.com/images/products/3/LN_085416_BP_3.jpg,https://www.waitrose.com/ecom/products/essential-round-beans/085416-43452-43453,Essential Round Beans,240g,£1.00,£4.17/kg,,Waitrose Brands
085319,Duchy Organic Baking Potatoes,G,false,702,https://ecom-su-static-prod.wtrecom.com/images/products/3/LN_085319_BP_3.jpg,https://www.waitrose.com/ecom/products/duchy-organic-baking-potatoes/085319-43398-43399,Duchy Organic Baking Potatoes,700g,£2.40,£3.43/kg,,Waitrose Brands
088171,Essential Loose Yellow Flesh Nectarines,G,false,703,https://ecom-su-static-prod.wtrecom.com/images/products/3/LN_088171_BP_3.jpg,https://www.waitrose.com/ecom/products/essential-loose-yellow-flesh-nectarines/088171-45145-45146,Essential Loose Yellow Flesh Nectarines,Each,65p,65p each,,Waitrose Brands
046507,Essential Waitrose British Bacon Smoked Lardons,G,false,704,https://ecom-su-static-prod.wtrecom.com/images/products/3/LN_046507_BP_3.jpg,https://www.waitrose.com/ecom/products/essential-waitrose-british-bacon-smoked-lardons/046507-22937-22938,Essential Waitrose British Bacon Smoked Lardons,200g,£2.75,£13.75/kg,,Waitrose Brands
832631,Cooks' Ingredients Chilli Flakes,G,true,705,https://ecom-su-static-prod.wtrecom.com/images/products/3/LN_832631_BP_3.jpg,https://www.waitrose.com/ecom/products/cooks-ingredients-chilli-flakes/832631-785194-785195,Cooks' Ingredients Chilli Flakes,27g,£1.70,63p/10g,Add 2 for £2.75,Waitrose Brands
745115,Essential Mild Cheddar Cheese Strength 2 Large,G,false,706,https://ecom-su-static-prod.wtrecom.com/images/products/3/LN_745115_BP_3.jpg,https://www.waitrose.com/ecom/products/essential-mild-cheddar-cheese-strength-2-large/745115-443844-443845,Essential Mild Cheddar Cheese Strength 2 Large,550g,£3.95,£7.19/kg,,Waitrose Brands
470232,Essential Mild Cheddar Cheese Strength 2,G,false,707,https://ecom-su-static-prod.wtrecom.com/images/products/3/LN_470232_BP_3.jpg,https://www.waitrose.com/ecom/products/essential-mild-cheddar-cheese-strength-2/470232-723552-723553,Essential Mild Cheddar Cheese Strength 2,350g,£2.60,£7.43/kg,,Waitrose Brands
054772,Duchy Organic Pink Lady Apples,G,false,708,https://ecom-su-static-prod.wtrecom.com/images/products/3/LN_054772_BP_3.jpg,https://www.waitrose.com/ecom/products/duchy-organic-pink-lady-apples/054772-27521-27522,Duchy Organic Pink Lady Apples,4s,£3.75,93.8p each,,Waitrose Brands
086140,Cooks' Ingredients Flat Leaf Parsley,G,false,709,https://ecom-su-static-prod.wtrecom.com/images/products/3/LN_086140_BP_3.jpg,https://www.waitrose.com/ecom/products/cooks-ingredients-flat-leaf-parsley/086140-43981-43982,Cooks' Ingredients Flat Leaf Parsley,Each,£1.70,£1.70 each,,Waitrose Brands
017441,Essential Long Grain Rice Easy Cook,G,false,710,https://ecom-su-static-prod.wtrecom.com/images/products/3/LN_017441_BP_3.jpg,https://www.waitrose.com/ecom/products/essential-long-grain-rice-easy-cook/017441-8438-8439,Essential Long Grain Rice Easy Cook,500g,£1.00,£2/kg,,Waitrose Brands
037049,No.1 Free Range Unsmoked Back Bacon,G,false,711,https://ecom-su-static-prod.wtrecom.com/images/products/3/LN_037049_BP_3.jpg,https://www.waitrose.com/ecom/products/no1-free-range-unsmoked-back-bacon/037049-18555-18556,No.1 Free Range Unsmoked Back Bacon,200g,£4.75,£23.75/kg,,Waitrose Brands
554356,Essential 30% Reduced Fat Mature Grated Cheddar Cheese Strength 4,G,false,712,https://ecom-su-static-prod.wtrecom.com/images/products/3/LN_554356_BP_3.jpg,https://www.waitrose.com/ecom/products/essential-30-reduced-fat-mature-grated-cheddar-cheese-strength-4/554356-78370-78371,Essential 30% Reduced Fat Mature Grated Cheddar Cheese Strength 4,250g,£2.80,£11.20/kg,,Waitrose Brands
086134,Cooks' Ingredients Lemon Grass,G,false,713,https://ecom-su-static-prod.wtrecom.com/images/products/3/LN_086134_BP_3.jpg,https://www.waitrose.com/ecom/products/cooks-ingredients-lemon-grass/086134-43971-43972,Cooks' Ingredients Lemon Grass,2s,80p,40p each,,Waitrose Brands
527824,Essential Pitted Green Olives in Brine,G,false,714,https://ecom-su-static-prod.wtrecom.com/images/products/3/LN_527824_BP_3.jpg,https://www.waitrose.com/ecom/products/essential-pitted-green-olives-in-brine/527824-723603-723604,Essential Pitted Green Olives in Brine,drained 150g,£1.45,96.7p/100g,,Waitrose Brands
889957,No.1 Free Range Unsmoked Gammon Steak,G,false,715,https://ecom-su-static-prod.wtrecom.com/images/products/3/LN_889957_BP_3.jpg,https://www.waitrose.com/ecom/products/no1-free-range-unsmoked-gammon-steak/889957-400343-400344,No.1 Free Range Unsmoked Gammon Steak,200g,£4.10,£20.50/kg,,Waitrose Brands
085564,Duchy Organic Red Cabbage,G,false,716,https://ecom-su-static-prod.wtrecom.com/images/products/3/LN_085564_BP_3.jpg,https://www.waitrose.com/ecom/products/duchy-organic-red-cabbage/085564-43659-43660,Duchy Organic Red Cabbage,Typical weight 0.5kg,94p each est.,£1.90/kg,,Waitrose Brands
422183,Essential 30% Reduced Fat Extra Mature Cheddar Cheese Strength 6,G,false,717,https://ecom-su-static-prod.wtrecom.com/images/products/3/LN_422183_BP_3.jpg,https://www.waitrose.com/ecom/products/essential-30-reduced-fat-extra-mature-cheddar-cheese-strength-6/422183-451508-451509,Essential 30% Reduced Fat Extra Mature Cheddar Cheese Strength 6,350g,£2.60,£7.43/kg,,Waitrose Brands
007639,Essential Wholegrain Mustard,G,false,718,https://ecom-su-static-prod.wtrecom.com/images/products/3/LN_007639_BP_3.jpg,https://www.waitrose.com/ecom/products/essential-wholegrain-mustard/007639-3580-3581,Essential Wholegrain Mustard,185g,95p,51.4p/100g,,Waitrose Brands
438937,Essential 8 Pancakes,G,false,719,https://ecom-su-static-prod.wtrecom.com/images/products/3/LN_438937_BP_3.jpg,https://www.waitrose.com/ecom/products/essential-8-pancakes/438937-61797-61798,Essential 8 Pancakes,480g,£2.25,46.9p/100g,,Waitrose Brands
857809,Levantine Table Spinach Falafels,G,false,720,https://ecom-su-static-prod.wtrecom.com/images/products/3/LN_857809_BP_3.jpg,https://www.waitrose.com/ecom/products/levantine-table-spinach-falafels/857809-755697-755698,Levantine Table Spinach Falafels,190g,£3.75,£1.98/100g,,Waitrose Brands
070060,"No.1 Free Range Corn Fed Chicken Thigh Fillets, Skinless & Boneless",G,false,721,https://ecom-su-static-prod.wtrecom.com/images/products/3/LN_070060_BP_3.jpg,https://www.waitrose.com/ecom/products/no1-free-range-corn-fed-chicken-thigh-fillets-skinless-boneless/070060-35488-35489,"No.1 Free Range Corn Fed Chicken Thigh Fillets, Skinless & Boneless",Typical weight 0.54kg,£9.45 each est.,£17.50/kg,,Waitrose Brands
066419,Essential Garden Peas in Water,G,false,722,https://ecom-su-static-prod.wtrecom.com/images/products/3/LN_066419_BP_3.jpg,https://www.waitrose.com/ecom/products/essential-garden-peas-in-water/066419-33630-33631,Essential Garden Peas in Water,drained 185g,80p,£4.33/kg,,Waitrose Brands
524052,Duchy Organic Vanilla Ice Cream,G,true,723,https://ecom-su-static-prod.wtrecom.com/images/products/3/LN_524052_BP_3.jpg,https://www.waitrose.com/ecom/products/duchy-organic-vanilla-ice-cream/524052-752937-752938,Duchy Organic Vanilla Ice Cream,480ml,£3.00,62.5p/100ml,save 50p. Was £3.50,Waitrose Brands
086153,Cooks' Ingredients Garden Chives Pot,G,false,724,https://ecom-su-static-prod.wtrecom.com/images/products/3/LN_086153_BP_3.jpg,https://www.waitrose.com/ecom/products/cooks-ingredients-garden-chives-pot/086153-43999-44000,Cooks' Ingredients Garden Chives Pot,Each,£1.70,£1.70 each,,Waitrose Brands
034141,Essential Olive Oil,G,false,725,https://ecom-su-static-prod.wtrecom.com/images/products/3/LN_034141_BP_3.jpg,https://www.waitrose.com/ecom/products/essential-olive-oil/034141-17087-17088,Essential Olive Oil,500ml,£5.95,£1.19/100ml,,Waitrose Brands
099845,Essential Pure Orange Juice,G,false,726,https://ecom-su-static-prod.wtrecom.com/images/products/3/LN_099845_BP_3.jpg,https://www.waitrose.com/ecom/products/essential-pure-orange-juice/099845-51011-51012,Essential Pure Orange Juice,6x200ml,£2.60,21.7p/100ml,,Waitrose Brands
067082,Duchy Organic Frozen Vegetable Mix,G,false,727,https://ecom-su-static-prod.wtrecom.com/images/products/3/LN_067082_BP_3.jpg,https://www.waitrose.com/ecom/products/duchy-organic-frozen-vegetable-mix/067082-33976-33977,Duchy Organic Frozen Vegetable Mix,750g,£2.75,£3.67/kg,,Waitrose Brands
864327,Essential All Purpose Cloths,G,false,728,https://ecom-su-static-prod.wtrecom.com/images/products/3/LN_864327_BP_3.jpg,https://www.waitrose.com/ecom/products/essential-all-purpose-cloths/864327-484275-484276,Essential All Purpose Cloths,10s,£1.35,13.5p each,,Waitrose Brands
453475,Duchy Organic Aubergine,G,false,729,https://ecom-su-static-prod.wtrecom.com/images/products/3/LN_453475_BP_3.jpg,https://www.waitrose.com/ecom/products/duchy-organic-aubergine/453475-538584-538585,Duchy Organic Aubergine,Each,£1.60,£1.60 each,,Waitrose Brands
450557,Essential Drain Unblocker,G,false,730,https://ecom-su-static-prod.wtrecom.com/images/products/3/LN_450557_BP_3.jpg,https://www.waitrose.com/ecom/products/essential-drain-unblocker/450557-363041-363042,Essential Drain Unblocker,500ml,£2.45,£4.90/litre,,Waitrose Brands
767502,Essential British Beef Frying Steak,G,false,731,https://ecom-su-static-prod.wtrecom.com/images/products/3/LN_767502_BP_3.jpg,https://www.waitrose.com/ecom/products/essential-british-beef-frying-steak/767502-109153-109154,Essential British Beef Frying Steak,300g,£3.75,£12.50/kg,,Waitrose Brands
678861,Essential Finely Sliced Roast Chicken Breast,G,false,732,https://ecom-su-static-prod.wtrecom.com/images/products/3/LN_678861_BP_3.jpg,https://www.waitrose.com/ecom/products/essential-finely-sliced-roast-chicken-breast/678861-96415-96416,Essential Finely Sliced Roast Chicken Breast,2x80g,£3.00,£1.88/100g,,Waitrose Brands
034543,Essential Half Fat Mayonnaise,G,false,733,https://ecom-su-static-prod.wtrecom.com/images/products/3/LN_034543_BP_3.jpg,https://www.waitrose.com/ecom/products/essential-half-fat-mayonnaise/034543-17355-17356,Essential Half Fat Mayonnaise,500ml,£1.50,30p/100ml,,Waitrose Brands
881221,No.1 Pains Au Chocolat,G,false,734,https://ecom-su-static-prod.wtrecom.com/images/products/3/LN_881221_BP_3.jpg,https://www.waitrose.com/ecom/products/no1-pains-au-chocolat/881221-493353-493354,No.1 Pains Au Chocolat,2s,£2.40,£1.20 each,,Waitrose Brands
850569,No. 1 Le Cret Gruyere AOP Cheese Strength 5,G,false,735,https://ecom-su-static-prod.wtrecom.com/images/products/3/LN_850569_BP_3.jpg,https://www.waitrose.com/ecom/products/no-1-le-cret-gruyere-aop-cheese-strength-5/850569-629468-629469,No. 1 Le Cret Gruyere AOP Cheese Strength 5,Typical weight 150g,£4.50 each est.,£3.00/100g,,Waitrose Brands
667870,No.1 Ecuador Dark Chocolate 90%,G,false,736,https://ecom-su-static-prod.wtrecom.com/images/products/3/LN_667870_BP_3.jpg,https://www.waitrose.com/ecom/products/no1-ecuador-dark-chocolate-90/667870-706938-706939,No.1 Ecuador Dark Chocolate 90%,100g,£2.25,£2.25/100g,,Waitrose Brands
028247,Duchy Organic Medium Cheddar Cheese Strength 3,G,true,737,https://ecom-su-static-prod.wtrecom.com/images/products/3/LN_028247_BP_3.jpg,https://www.waitrose.com/ecom/products/duchy-organic-medium-cheddar-cheese-strength-3/028247-13741-13742,Duchy Organic Medium Cheddar Cheese Strength 3,350g,£3.37,£9.63/kg,25% Off. Was £4.80,Waitrose Brands
062328,Cooks' Ingredients Rhubarb,G,true,738,https://ecom-su-static-prod.wtrecom.com/images/products/3/LN_062328_BP_3.jpg,https://www.waitrose.com/ecom/products/cooks-ingredients-rhubarb/062328-31649-31650,Cooks' Ingredients Rhubarb,400g,£2.70,£6.75/kg,Add 2 for £4,Waitrose Brands
704723,Waitrose Mini Nappy Sacks,G,false,739,https://ecom-su-static-prod.wtrecom.com/images/products/3/LN_704723_BP_3.jpg,https://www.waitrose.com/ecom/products/waitrose-mini-nappy-sacks/704723-592427-592428,Waitrose Mini Nappy Sacks,75s,£1.00,1.3p each,,Waitrose Brands
059129,No.1 Sumatra Mandheling Ground Coffee,G,false,740,https://ecom-su-static-prod.wtrecom.com/images/products/3/LN_059129_BP_3.jpg,https://www.waitrose.com/ecom/products/no1-sumatra-mandheling-ground-coffee/059129-29758-29759,No.1 Sumatra Mandheling Ground Coffee,227g,£4.00,£1.77/100g,,Waitrose Brands
609817,Essential Dutch Gouda Cheese Strength 2,G,false,741,https://ecom-su-static-prod.wtrecom.com/images/products/3/LN_609817_BP_3.jpg,https://www.waitrose.com/ecom/products/essential-dutch-gouda-cheese-strength-2/609817-86508-86509,Essential Dutch Gouda Cheese Strength 2,265g,£2.40,£9.06/kg,,Waitrose Brands
686789,Essential 2 Raspberry Yum Yums,G,false,742,https://ecom-su-static-prod.wtrecom.com/images/products/3/LN_686789_BP_3.jpg,https://www.waitrose.com/ecom/products/essential-2-raspberry-yum-yums/686789-726158-726159,Essential 2 Raspberry Yum Yums,2s,£1.50,75p each,,Waitrose Brands
596842,Essential Parmigiano Reggiano DOP Parmesan Cheese Strength 5 Large,G,false,743,https://ecom-su-static-prod.wtrecom.com/images/products/3/LN_596842_BP_3.jpg,https://www.waitrose.com/ecom/products/essential-parmigiano-reggiano-dop-parmesan-cheese-strength-5-large/596842-129686-129687,Essential Parmigiano Reggiano DOP Parmesan Cheese Strength 5 Large,500g,£8.00,£16/kg,,Waitrose Brands
025818,Essential Large Dishcloths,G,false,744,https://ecom-su-static-prod.wtrecom.com/images/products/3/LN_025818_BP_3.jpg,https://www.waitrose.com/ecom/products/essential-large-dishcloths/025818-12592-12593,Essential Large Dishcloths,5s,£2.00,40p each,,Waitrose Brands
789167,Cooks' Ingredients Belgian Dark Chocolate,G,false,745,https://ecom-su-static-prod.wtrecom.com/images/products/3/LN_789167_BP_3.jpg,https://www.waitrose.com/ecom/products/cooks-ingredients-belgian-dark-chocolate/789167-752663-752664,Cooks' Ingredients Belgian Dark Chocolate,180g,£2.00,£11.12/kg,,Waitrose Brands
480724,"No.1 Wood-fired Fennel Sausage, 'Nduja & Red Pepper Sourdough Pizza",G,false,746,https://ecom-su-static-prod.wtrecom.com/images/products/3/LN_480724_BP_3.jpg,https://www.waitrose.com/ecom/products/no1-wood-fired-fennel-sausage-nduja-red-pepper-sourdough-pizza/480724-793218-793219,"No.1 Wood-fired Fennel Sausage, 'Nduja & Red Pepper Sourdough Pizza",500g,£5.95,£11.90/kg,,Waitrose Brands
002583,Essential Poppy & Sesame Seed Thins,G,false,747,https://ecom-su-static-prod.wtrecom.com/images/products/3/LN_002583_BP_3.jpg,https://www.waitrose.com/ecom/products/essential-poppy-sesame-seed-thins/002583-876-877,Essential Poppy & Sesame Seed Thins,150g,£1.20,80p/100g,,Waitrose Brands
027117,Essential Original Blend 80 Tea Bags,G,false,748,https://ecom-su-static-prod.wtrecom.com/images/products/3/LN_027117_BP_3.jpg,https://www.waitrose.com/ecom/products/essential-original-blend-80-tea-bags/027117-13179-13180,Essential Original Blend 80 Tea Bags,250g,£1.25,50p/100g,,Waitrose Brands
034067,"Duchy Organic Chicken Thigh Fillets, Skinless & Boneless",G,false,749,https://ecom-su-static-prod.wtrecom.com/images/products/3/LN_034067_BP_3.jpg,https://www.waitrose.com/ecom/products/duchy-organic-chicken-thigh-fillets-skinless-boneless/034067-17053-17054,"Duchy Organic Chicken Thigh Fillets, Skinless & Boneless",Typical weight 0.54kg,£13.93 each est.,£25.80/kg,,Waitrose Brands
870184,Essential Sun-Dried Tomato Pesto,G,false,750,https://ecom-su-static-prod.wtrecom.com/images/products/3/LN_870184_BP_3.jpg,https://www.waitrose.com/ecom/products/essential-sun-dried-tomato-pesto/870184-711342-711343,Essential Sun-Dried Tomato Pesto,190g,£1.35,71.1p/100g,,Waitrose Brands
070388,Essential Sultanas,G,false,751,https://ecom-su-static-prod.wtrecom.com/images/products/3/LN_070388_BP_3.jpg,https://www.waitrose.com/ecom/products/essential-sultanas/070388-35648-35649,Essential Sultanas,1kg,£3.60,£3.60/kg,,Waitrose Brands
407524,Duchy Organic Tomato Purée,G,false,752,https://ecom-su-static-prod.wtrecom.com/images/products/3/LN_407524_BP_3.jpg,https://www.waitrose.com/ecom/products/duchy-organic-tomato-puree/407524-793072-793073,Duchy Organic Tomato Purée,200g,£1.40,£7/kg,,Waitrose Brands
828996,Duchy Organic Passata,G,false,753,https://ecom-su-static-prod.wtrecom.com/images/products/3/LN_828996_BP_3.jpg,https://www.waitrose.com/ecom/products/duchy-organic-passata/828996-747694-747695,Duchy Organic Passata,680g,£1.50,£2.21/kg,,Waitrose Brands
055018,Essential White Medium Sliced Bread,G,false,754,https://ecom-su-static-prod.wtrecom.com/images/products/3/LN_055018_BP_3.jpg,https://www.waitrose.com/ecom/products/essential-white-medium-sliced-bread/055018-27631-27632,Essential White Medium Sliced Bread,800g,75p,9.4p/100g,,Waitrose Brands
618600,Cooks' Ingredients Mini Eton Mess Meringues,G,true,755,https://ecom-su-static-prod.wtrecom.com/images/products/3/LN_618600_BP_3.jpg,https://www.waitrose.com/ecom/products/cooks-ingredients-mini-eton-mess-meringues/618600-756384-756385,Cooks' Ingredients Mini Eton Mess Meringues,12s,£1.55,12.9p each,25% Off. Was £2.10,Waitrose Brands
665253,No. 1 Halloumi Cheese with Mint Strength 2,G,false,756,https://ecom-su-static-prod.wtrecom.com/images/products/3/LN_665253_BP_3.jpg,https://www.waitrose.com/ecom/products/no-1-halloumi-cheese-with-mint-strength-2/665253-382019-382020,No. 1 Halloumi Cheese with Mint Strength 2,250g,£4.00,£16/kg,,Waitrose Brands
006221,Duchy Organic Plain White Flour,G,false,757,https://ecom-su-static-prod.wtrecom.com/images/products/3/LN_006221_BP_3.jpg,https://www.waitrose.com/ecom/products/duchy-organic-plain-white-flour/006221-2738-2739,Duchy Organic Plain White Flour,1.5kg,£2.20,£1.47/kg,,Waitrose Brands
006210,Essential Self-Raising White Flour,G,false,758,https://ecom-su-static-prod.wtrecom.com/images/products/3/LN_006210_BP_3.jpg,https://www.waitrose.com/ecom/products/essential-self-raising-white-flour/006210-2724-2725,Essential Self-Raising White Flour,500g,50p,£1/kg,,Waitrose Brands
872414,"No.1 Milk Choc Hazelnut, Cashew & Pistachio",G,false,759,https://ecom-su-static-prod.wtrecom.com/images/products/3/LN_872414_BP_3.jpg,https://www.waitrose.com/ecom/products/no1-milk-choc-hazelnut-cashew-pistachio/872414-706946-706947,"No.1 Milk Choc Hazelnut, Cashew & Pistachio",100g,£2.25,£2.25/100g,,Waitrose Brands
021315,No. 1 Still Lemonade with Fresh Lemon Fruit Juice,G,false,760,https://ecom-su-static-prod.wtrecom.com/images/products/3/LN_021315_BP_3.jpg,https://www.waitrose.com/ecom/products/no-1-still-lemonade-with-fresh-lemon-fruit-juice/021315-10387-10388,No. 1 Still Lemonade with Fresh Lemon Fruit Juice,1litre,£3.40,34p/100ml,,Waitrose Brands
596553,Duchy Organic Raspberry Preserve Extra Jam,G,false,761,https://ecom-su-static-prod.wtrecom.com/images/products/3/LN_596553_BP_3.jpg,https://www.waitrose.com/ecom/products/duchy-organic-raspberry-preserve-extra-jam/596553-84566-84567,Duchy Organic Raspberry Preserve Extra Jam,340g,£2.80,82.4p/100g,,Waitrose Brands
007640,Essential English Mustard,G,false,762,https://ecom-su-static-prod.wtrecom.com/images/products/3/LN_007640_BP_3.jpg,https://www.waitrose.com/ecom/products/essential-english-mustard/007640-3582-3583,Essential English Mustard,180g,95p,52.8p/100g,,Waitrose Brands
541561,Cooks' Ingredients Curly Parsley Medium Pot,G,false,763,https://ecom-su-static-prod.wtrecom.com/images/products/3/LN_541561_BP_3.jpg,https://www.waitrose.com/ecom/products/cooks-ingredients-curly-parsley-medium-pot/541561-160477-160478,Cooks' Ingredients Curly Parsley Medium Pot,each,£1.70,£1.70 each,,Waitrose Brands
502366,Essential Edam Cheese Strength 2,G,false,764,https://ecom-su-static-prod.wtrecom.com/images/products/3/LN_502366_BP_3.jpg,https://www.waitrose.com/ecom/products/essential-edam-cheese-strength-2/502366-70967-70968,Essential Edam Cheese Strength 2,310g,£2.80,£9.04/kg,,Waitrose Brands
707929,Essential Chamomile Bath,G,false,765,https://ecom-su-static-prod.wtrecom.com/images/products/3/LN_707929_BP_3.jpg,https://www.waitrose.com/ecom/products/essential-chamomile-bath/707929-504613-504614,Essential Chamomile Bath,750ml,£1.25,16.7p/100ml,,Waitrose Brands
630697,Essential Sliced Mozzarella Cheese Strength 1,G,false,766,https://ecom-su-static-prod.wtrecom.com/images/products/3/LN_630697_BP_3.jpg,https://www.waitrose.com/ecom/products/essential-sliced-mozzarella-cheese-strength-1/630697-723564-723565,Essential Sliced Mozzarella Cheese Strength 1,250g,£2.80,£11.20/kg,,Waitrose Brands
758261,Essential Single Cream Large,G,false,767,https://ecom-su-static-prod.wtrecom.com/images/products/3/LN_758261_BP_3.jpg,https://www.waitrose.com/ecom/products/essential-single-cream-large/758261-107859-107860,Essential Single Cream Large,600ml,£2.00,33.3p/100ml,,Waitrose Brands
861173,Essential 50% Reduced Fat Mature Cheddar Cheese Strength 4,G,false,768,https://ecom-su-static-prod.wtrecom.com/images/products/3/LN_861173_BP_3.jpg,https://www.waitrose.com/ecom/products/essential-50-reduced-fat-mature-cheddar-cheese-strength-4/861173-451984-451985,Essential 50% Reduced Fat Mature Cheddar Cheese Strength 4,350g,£2.60,£7.43/kg,,Waitrose Brands
615202,Cooks' Ingredients Rose Harissa Paste,G,false,769,https://ecom-su-static-prod.wtrecom.com/images/products/3/LN_615202_BP_3.jpg,https://www.waitrose.com/ecom/products/cooks-ingredients-rose-harissa-paste/615202-312331-312332,Cooks' Ingredients Rose Harissa Paste,95g,£2.50,£2.64/100g,,Waitrose Brands
090078,Duchy Organic Organic Homogenised Semi-Skimmed Milk 1 Pint,G,false,770,https://ecom-su-static-prod.wtrecom.com/images/products/3/LN_090078_BP_3.jpg,https://www.waitrose.com/ecom/products/duchy-organic-organic-homogenised-semi-skimmed-milk-1-pint/090078-46442-46443,Duchy Organic Organic Homogenised Semi-Skimmed Milk 1 Pint,568ml,£1.15,£2.03/litre,,Waitrose Brands
528453,Cooks' Ingredients Cinnamon,G,false,771,https://ecom-su-static-prod.wtrecom.com/images/products/3/LN_528453_BP_3.jpg,https://www.waitrose.com/ecom/products/cooks-ingredients-cinnamon/528453-784900-784901,Cooks' Ingredients Cinnamon,32g,£1.60,50p/10g,,Waitrose Brands
631865,Essential Hazelnut Chocolate Spread,G,false,772,https://ecom-su-static-prod.wtrecom.com/images/products/3/LN_631865_BP_3.jpg,https://www.waitrose.com/ecom/products/essential-hazelnut-chocolate-spread/631865-457152-457153,Essential Hazelnut Chocolate Spread,400g,£2.00,50p/100g,,Waitrose Brands
858415,Essential Fruit Finger Lollies,G,false,773,https://ecom-su-static-prod.wtrecom.com/images/products/3/LN_858415_BP_3.jpg,https://www.waitrose.com/ecom/products/essential-fruit-finger-lollies/858415-802185-802185,Essential Fruit Finger Lollies,8x35ml,£1.30,46.4p/100ml,,Waitrose Brands
034539,Essential Mayonnaise,G,false,774,https://ecom-su-static-prod.wtrecom.com/images/products/3/LN_034539_BP_3.jpg,https://www.waitrose.com/ecom/products/essential-mayonnaise/034539-17347-17348,Essential Mayonnaise,750ml,£1.90,25.3p/100ml,,Waitrose Brands
004409,Essential Seedless Raspberry Jam,G,false,775,https://ecom-su-static-prod.wtrecom.com/images/products/3/LN_004409_BP_3.jpg,https://www.waitrose.com/ecom/products/essential-seedless-raspberry-jam/004409-1831-1832,Essential Seedless Raspberry Jam,454g,£1.50,33p/100g,,Waitrose Brands
085516,Duchy Organic Butternut Squash,G,false,776,https://ecom-su-static-prod.wtrecom.com/images/products/3/LN_085516_BP_3.jpg,https://www.waitrose.com/ecom/products/duchy-organic-butternut-squash/085516-43598-43599,Duchy Organic Butternut Squash,Typical weight 1.04kg,£2.29 each est.,£2.20/kg,,Waitrose Brands
085112,Duchy Organic Red Onions,G,false,777,https://ecom-su-static-prod.wtrecom.com/images/products/3/LN_085112_BP_3.jpg,https://www.waitrose.com/ecom/products/duchy-organic-red-onions/085112-43199-43200,Duchy Organic Red Onions,500g,£1.50,£3/kg,,Waitrose Brands
863358,Essential 4in1 Vitamin E Wipes,G,false,778,https://ecom-su-static-prod.wtrecom.com/images/products/3/LN_863358_BP_3.jpg,https://www.waitrose.com/ecom/products/essential-4in1-vitamin-e-wipes/863358-162788-162789,Essential 4in1 Vitamin E Wipes,25s,£1.00,4p each,,Waitrose Brands
420141,Essential British Lambs Liver,G,false,779,https://ecom-su-static-prod.wtrecom.com/images/products/3/LN_420141_BP_3.jpg,https://www.waitrose.com/ecom/products/essential-british-lambs-liver/420141-721022-721023,Essential British Lambs Liver,350g,£3.00,£8.58/kg,,Waitrose Brands
509662,Essential Frozen Pepperoni Pizza,G,false,780,https://ecom-su-static-prod.wtrecom.com/images/products/3/LN_509662_BP_3.jpg,https://www.waitrose.com/ecom/products/essential-frozen-pepperoni-pizza/509662-380326-380327,Essential Frozen Pepperoni Pizza,235g,£1.40,£5.96/kg,,Waitrose Brands
020140,Essential Peach Halves in Fruit Juice,G,false,781,https://ecom-su-static-prod.wtrecom.com/images/products/3/LN_020140_BP_3.jpg,https://www.waitrose.com/ecom/products/essential-peach-halves-in-fruit-juice/020140-9807-9808,Essential Peach Halves in Fruit Juice,drained 248g,£1.15,£4.64/kg,,Waitrose Brands
480909,Cooks' Ingredients Madagascan Vanilla Extract,G,false,782,https://ecom-su-static-prod.wtrecom.com/images/products/3/LN_480909_BP_3.jpg,https://www.waitrose.com/ecom/products/cooks-ingredients-madagascan-vanilla-extract/480909-260740-260741,Cooks' Ingredients Madagascan Vanilla Extract,38ml,£1.80,47.4p/10ml,,Waitrose Brands
086110,Cooks' Ingredients Oregano,G,false,783,https://ecom-su-static-prod.wtrecom.com/images/products/3/LN_086110_BP_3.jpg,https://www.waitrose.com/ecom/products/cooks-ingredients-oregano/086110-43937-43938,Cooks' Ingredients Oregano,15g,75p,50p/10g,,Waitrose Brands
710924,No. 1 Mature Wookey Hole Cheddar Cheese Strength 5,G,false,784,https://ecom-su-static-prod.wtrecom.com/images/products/3/LN_710924_BP_3.jpg,https://www.waitrose.com/ecom/products/no-1-mature-wookey-hole-cheddar-cheese-strength-5/710924-743898-743899,No. 1 Mature Wookey Hole Cheddar Cheese Strength 5,200g,£2.85,£14.25/kg,,Waitrose Brands
851847,Duchy Organic Pure Clear Honey,G,false,785,https://ecom-su-static-prod.wtrecom.com/images/products/3/LN_851847_BP_3.jpg,https://www.waitrose.com/ecom/products/duchy-organic-pure-clear-honey/851847-663204-663205,Duchy Organic Pure Clear Honey,340g,£3.70,£1.09/100g,,Waitrose Brands
010801,Essential Sugar Free Lemon Indian Tonic Water,G,false,786,https://ecom-su-static-prod.wtrecom.com/images/products/3/LN_010801_BP_3.jpg,https://www.waitrose.com/ecom/products/essential-sugar-free-lemon-indian-tonic-water/010801-5372-5373,Essential Sugar Free Lemon Indian Tonic Water,1litre,85p,8.5p/100ml,,Waitrose Brands
536830,Duchy Organic Chicken Breast Chunks,G,false,787,https://ecom-su-static-prod.wtrecom.com/images/products/3/LN_536830_BP_3.jpg,https://www.waitrose.com/ecom/products/duchy-organic-chicken-breast-chunks/536830-713429-713430,Duchy Organic Chicken Breast Chunks,275g,£7.85,£28.55/kg,,Waitrose Brands
568846,Waitrose Duchy Organic Almonds,G,false,788,https://ecom-su-static-prod.wtrecom.com/images/products/3/LN_568846_BP_3.jpg,https://www.waitrose.com/ecom/products/waitrose-duchy-organic-almonds/568846-753965-753966,Waitrose Duchy Organic Almonds,150g,£2.75,£1.84/100g,,Waitrose Brands
848999,Essential Paracetamol Plus,G,false,789,https://ecom-su-static-prod.wtrecom.com/images/products/3/LN_848999_BP_3.jpg,https://www.waitrose.com/ecom/products/essential-paracetamol-plus/848999-311432-311433,Essential Paracetamol Plus,16s,90p,5.6p each,,Waitrose Brands
811772,Essential British Finely Sliced Roast Ham,G,false,790,https://ecom-su-static-prod.wtrecom.com/images/products/3/LN_811772_BP_3.jpg,https://www.waitrose.com/ecom/products/essential-british-finely-sliced-roast-ham/811772-724925-724926,Essential British Finely Sliced Roast Ham,260g,£3.45,£1.33/100g,,Waitrose Brands
067375,Essential 50% Reduced Fat Soft Cheese Strength 1,G,false,791,https://ecom-su-static-prod.wtrecom.com/images/products/3/LN_067375_BP_3.jpg,https://www.waitrose.com/ecom/products/essential-50-reduced-fat-soft-cheese-strength-1/067375-34179-34180,Essential 50% Reduced Fat Soft Cheese Strength 1,250g,£1.25,£5/kg,,Waitrose Brands
511930,Cooks' Ingredients Jalapeno Chillies,G,false,792,https://ecom-su-static-prod.wtrecom.com/images/products/3/LN_511930_BP_3.jpg,https://www.waitrose.com/ecom/products/cooks-ingredients-jalapeno-chillies/511930-239371-239372,Cooks' Ingredients Jalapeno Chillies,100g,£1.40,£14/kg,,Waitrose Brands
716148,Duchy Organic Muesli with Raisins & Almonds,G,false,793,https://ecom-su-static-prod.wtrecom.com/images/products/3/LN_716148_BP_3.jpg,https://www.waitrose.com/ecom/products/duchy-organic-muesli-with-raisins-almonds/716148-164474-164475,Duchy Organic Muesli with Raisins & Almonds,750g,£3.00,40p/100g,,Waitrose Brands
572670,GOOD TO GO Mango,G,true,794,https://ecom-su-static-prod.wtrecom.com/images/products/3/LN_572670_BP_3.jpg,https://www.waitrose.com/ecom/products/good-to-go-mango/572670-133568-133569,GOOD TO GO Mango,130g,£1.55,£11.93/kg,"£5 Food to Go Meal Deal: Add 1 Main, 1 Snack and 1 Drink",Waitrose Brands
835461,Waitrose British Goats Cheese Strength 2,G,false,795,https://ecom-su-static-prod.wtrecom.com/images/products/3/LN_835461_BP_3.jpg,https://www.waitrose.com/ecom/products/waitrose-british-goats-cheese-strength-2/835461-151974-151975,Waitrose British Goats Cheese Strength 2,100g,£2.30,£23/kg,,Waitrose Brands
802838,Essential Mackerel in Spicy Tomato Sauce,G,false,796,https://ecom-su-static-prod.wtrecom.com/images/products/3/LN_802838_BP_3.jpg,https://www.waitrose.com/ecom/products/essential-mackerel-in-spicy-tomato-sauce/802838-245003-245004,Essential Mackerel in Spicy Tomato Sauce,125g,£1.00,80p/100g,,Waitrose Brands
060629,No.1 Canadian Maple Syrup No2 Amber,G,false,797,https://ecom-su-static-prod.wtrecom.com/images/products/3/LN_060629_BP_3.jpg,https://www.waitrose.com/ecom/products/no1-canadian-maple-syrup-no2-amber/060629-30656-30657,No.1 Canadian Maple Syrup No2 Amber,330g,£5.60,£1.70/100g,,Waitrose Brands
690476,Duchy Organic Free Range Dry-Cured Smoked Back Bacon,G,false,798,https://ecom-su-static-prod.wtrecom.com/images/products/3/LN_690476_BP_3.jpg,https://www.waitrose.com/ecom/products/duchy-organic-free-range-dry-cured-smoked-back-bacon/690476-98077-98078,Duchy Organic Free Range Dry-Cured Smoked Back Bacon,184g,£5.25,£28.54/kg,,Waitrose Brands
484556,Cooks' Ingredients Paprika,G,false,799,https://ecom-su-static-prod.wtrecom.com/images/products/3/LN_484556_BP_3.jpg,https://www.waitrose.com/ecom/products/cooks-ingredients-paprika/484556-784854-784855,Cooks' Ingredients Paprika,45g,£1.60,35.6p/10g,,Waitrose Brands
670527,Essential Chunks in Jelly Selection,G,false,800,https://ecom-su-static-prod.wtrecom.com/images/products/3/LN_670527_BP_3.jpg,https://www.waitrose.com/ecom/products/essential-chunks-in-jelly-selection/670527-175211-175211,Essential Chunks in Jelly Selection,6x400g,£4.80,£2/kg,,Waitrose Brands
039233,Essential Dishwasher Cleaner,G,false,801,https://ecom-su-static-prod.wtrecom.com/images/products/3/LN_039233_BP_3.jpg,https://www.waitrose.com/ecom/products/essential-dishwasher-cleaner/039233-19465-19466,Essential Dishwasher Cleaner,250ml,£2.75,£1.10/100ml,,Waitrose Brands
048743,No.1 Scottish Salmon Gravadlax,G,false,802,https://ecom-su-static-prod.wtrecom.com/images/products/3/LN_048743_BP_3.jpg,https://www.waitrose.com/ecom/products/no1-scottish-salmon-gravadlax/048743-24237-24237,No.1 Scottish Salmon Gravadlax,120g,£6.95,£5.80/100g,,Waitrose Brands
898628,Essential 4 Slices British Corned Beef,G,false,803,https://ecom-su-static-prod.wtrecom.com/images/products/3/LN_898628_BP_3.jpg,https://www.waitrose.com/ecom/products/essential-4-slices-british-corned-beef/898628-620271-620272,Essential 4 Slices British Corned Beef,140g,£3.45,£2.47/100g,,Waitrose Brands
020133,Essential Peach Slices in Light Syrup,G,false,804,https://ecom-su-static-prod.wtrecom.com/images/products/3/LN_020133_BP_3.jpg,https://www.waitrose.com/ecom/products/essential-peach-slices-in-light-syrup/020133-9801-9802,Essential Peach Slices in Light Syrup,drained 248g,£1.15,£4.64/kg,,Waitrose Brands
085866,Essential Fresh Custard,G,false,805,https://ecom-su-static-prod.wtrecom.com/images/products/3/LN_085866_BP_3.jpg,https://www.waitrose.com/ecom/products/essential-fresh-custard/085866-43804-43805,Essential Fresh Custard,500g,£2.35,47p/100g,,Waitrose Brands
099260,Essential Redcurrant Jelly,G,false,806,https://ecom-su-static-prod.wtrecom.com/images/products/3/LN_099260_BP_3.jpg,https://www.waitrose.com/ecom/products/essential-redcurrant-jelly/099260-50611-50612,Essential Redcurrant Jelly,340g,£1.50,44.1p/100g,,Waitrose Brands
707170,No. 1 Italian Gorgonzola DOP Piccante Blue Cheese Strength 6,G,false,807,https://ecom-su-static-prod.wtrecom.com/images/products/3/LN_707170_BP_3.jpg,https://www.waitrose.com/ecom/products/no-1-italian-gorgonzola-dop-piccante-blue-cheese-strength-6/707170-254576-254577,No. 1 Italian Gorgonzola DOP Piccante Blue Cheese Strength 6,200g,£3.75,£18.75/kg,,Waitrose Brands
072194,Duchy Organic Maple Syrup No.1 Medium,G,false,808,https://ecom-su-static-prod.wtrecom.com/images/products/3/LN_072194_BP_3.jpg,https://www.waitrose.com/ecom/products/duchy-organic-maple-syrup-no1-medium/072194-36649-36650,Duchy Organic Maple Syrup No.1 Medium,330g,£5.95,£1.81/100g,,Waitrose Brands
892643,"Waitrose Mango, Pineapple & Passion Fruit",G,false,809,https://ecom-su-static-prod.wtrecom.com/images/products/3/LN_892643_BP_3.jpg,https://www.waitrose.com/ecom/products/waitrose-mango-pineapple-passion-fruit/892643-698218-698219,"Waitrose Mango, Pineapple & Passion Fruit",300g,£3.50,£1.17/100g,,Waitrose Brands
016752,Essential Rich Roast Coffee,G,false,810,https://ecom-su-static-prod.wtrecom.com/images/products/3/LN_016752_BP_3.jpg,https://www.waitrose.com/ecom/products/essential-rich-roast-coffee/016752-8059-8060,Essential Rich Roast Coffee,100g,£1.30,£1.30/100g,,Waitrose Brands
476197,Essential Sensitive Soap Bars,G,false,811,https://ecom-su-static-prod.wtrecom.com/images/products/3/LN_476197_BP_3.jpg,https://www.waitrose.com/ecom/products/essential-sensitive-soap-bars/476197-568700-568701,Essential Sensitive Soap Bars,4s,£1.70,42.5p each,,Waitrose Brands
741259,Essential 8 Buttermilk Pancakes,G,false,812,https://ecom-su-static-prod.wtrecom.com/images/products/3/LN_741259_BP_3.jpg,https://www.waitrose.com/ecom/products/essential-8-buttermilk-pancakes/741259-105395-105396,Essential 8 Buttermilk Pancakes,280g,£2.25,80.4p/100g,,Waitrose Brands
529979,Levantine Table Classic Baklava Selection,G,true,813,https://ecom-su-static-prod.wtrecom.com/images/products/3/LN_529979_BP_3.jpg,https://www.waitrose.com/ecom/products/levantine-table-classic-baklava-selection/529979-746461-746462,Levantine Table Classic Baklava Selection,200g,£2.80,£1.40/100g,20% Off. Was £3.60,Waitrose Brands
034477,Essential Stuffed Green Olives,G,false,814,https://ecom-su-static-prod.wtrecom.com/images/products/3/LN_034477_BP_3.jpg,https://www.waitrose.com/ecom/products/essential-stuffed-green-olives/034477-17305-17306,Essential Stuffed Green Olives,drained 190g,£1.75,92.1p/100g,,Waitrose Brands
060730,Duchy Organic Mild Cheddar Cheese Strength 2,G,true,815,https://ecom-su-static-prod.wtrecom.com/images/products/3/LN_060730_BP_3.jpg,https://www.waitrose.com/ecom/products/duchy-organic-mild-cheddar-cheese-strength-2/060730-30692-30693,Duchy Organic Mild Cheddar Cheese Strength 2,350g,£3.37,£9.63/kg,25% Off. Was £4.80,Waitrose Brands
754843,No.1 Cornish Sea Salted Caramel Brittle Ice Cream,G,true,816,https://ecom-su-static-prod.wtrecom.com/images/products/3/LN_754843_BP_3.jpg,https://www.waitrose.com/ecom/products/no1-cornish-sea-salted-caramel-brittle-ice-cream/754843-826534-826535,No.1 Cornish Sea Salted Caramel Brittle Ice Cream,480ml,£3.00,62.5p/100ml,25% Off. Was £4.00,Waitrose Brands
019701,Essential Plum Tomatoes in Natural Juice,G,false,817,https://ecom-su-static-prod.wtrecom.com/images/products/3/LN_019701_BP_3.jpg,https://www.waitrose.com/ecom/products/essential-plum-tomatoes-in-natural-juice/019701-9567-9568,Essential Plum Tomatoes in Natural Juice,230g,50p,£2.18/kg,,Waitrose Brands
725437,No.1 Malt Sourdough Bread with Seeds,G,false,818,https://ecom-su-static-prod.wtrecom.com/images/products/3/LN_725437_BP_3.jpg,https://www.waitrose.com/ecom/products/no1-malt-sourdough-bread-with-seeds/725437-103057-103058,No.1 Malt Sourdough Bread with Seeds,500g,£2.20,44p/100g,,Waitrose Brands
762374,Cooks' Ingredients Soffritto Passata,G,false,819,https://ecom-su-static-prod.wtrecom.com/images/products/3/LN_762374_BP_3.jpg,https://www.waitrose.com/ecom/products/cooks-ingredients-soffritto-passata/762374-108407-108408,Cooks' Ingredients Soffritto Passata,690g,£2.90,£4.21/kg,,Waitrose Brands
058932,Essential 30 British Pork Cocktail Sausages,G,false,820,https://ecom-su-static-prod.wtrecom.com/images/products/3/LN_058932_BP_3.jpg,https://www.waitrose.com/ecom/products/essential-30-british-pork-cocktail-sausages/058932-29662-29663,Essential 30 British Pork Cocktail Sausages,390g,£3.75,£9.62/kg,,Waitrose Brands
826976,Duchy Organic Chicken Wings,G,false,821,https://ecom-su-static-prod.wtrecom.com/images/products/3/LN_826976_BP_3.jpg,https://www.waitrose.com/ecom/products/duchy-organic-chicken-wings/826976-389163-389164,Duchy Organic Chicken Wings,400g,£3.80,£9.50/kg,,Waitrose Brands
604302,Essential Mature Grated Cheddar Cheese Strength 4 Large,G,false,822,https://ecom-su-static-prod.wtrecom.com/images/products/3/LN_604302_BP_3.jpg,https://www.waitrose.com/ecom/products/essential-mature-grated-cheddar-cheese-strength-4-large/604302-85723-85724,Essential Mature Grated Cheddar Cheese Strength 4 Large,500g,£4.40,£8.80/kg,,Waitrose Brands
092219,Essential Pitted Black Olives,G,false,823,https://ecom-su-static-prod.wtrecom.com/images/products/3/LN_092219_BP_3.jpg,https://www.waitrose.com/ecom/products/essential-pitted-black-olives/092219-47456-47457,Essential Pitted Black Olives,drained 450g,£3.35,74.4p/100g,,Waitrose Brands
078281,No.1 Free Range Pork Spare Ribs,G,false,824,https://ecom-su-static-prod.wtrecom.com/images/products/3/LN_078281_BP_3.jpg,https://www.waitrose.com/ecom/products/no1-free-range-pork-spare-ribs/078281-39849-39850,No.1 Free Range Pork Spare Ribs,Typical weight 0.56kg,£5.58 each est.,£10.01/kg,,Waitrose Brands
858491,Cooks' Ingredients Coarse Black Pepper,G,true,825,https://ecom-su-static-prod.wtrecom.com/images/products/3/LN_858491_BP_3.jpg,https://www.waitrose.com/ecom/products/cooks-ingredients-coarse-black-pepper/858491-785238-785239,Cooks' Ingredients Coarse Black Pepper,38g,£1.60,42.1p/10g,Add 2 for £2.75,Waitrose Brands
792748,Cooks' Ingredients Dark Chocolate Chips,G,false,826,https://ecom-su-static-prod.wtrecom.com/images/products/3/LN_792748_BP_3.jpg,https://www.waitrose.com/ecom/products/cooks-ingredients-dark-chocolate-chips/792748-672945-672946,Cooks' Ingredients Dark Chocolate Chips,100g,£1.50,£15/kg,,Waitrose Brands
519802,No.1 Smoked Haddock Loins,G,false,827,https://ecom-su-static-prod.wtrecom.com/images/products/3/LN_519802_BP_3.jpg,https://www.waitrose.com/ecom/products/no1-smoked-haddock-loins/519802-525540-525541,No.1 Smoked Haddock Loins,260g,£7.50,£28.85/kg,,Waitrose Brands
600524,Cooks' Ingredients Turmeric,G,false,828,https://ecom-su-static-prod.wtrecom.com/images/products/3/LN_600524_BP_3.jpg,https://www.waitrose.com/ecom/products/cooks-ingredients-turmeric/600524-784956-784957,Cooks' Ingredients Turmeric,42g,£1.60,38.1p/10g,,Waitrose Brands
897453,"Levantine Table Freekeh, Black Rice, Chickpea",G,false,829,https://ecom-su-static-prod.wtrecom.com/images/products/3/LN_897453_BP_3.jpg,https://www.waitrose.com/ecom/products/levantine-table-freekeh-black-rice-chickpea/897453-756486-756487,"Levantine Table Freekeh, Black Rice, Chickpea",300g,£2.50,£8.34/kg,,Waitrose Brands
367696,Cooks' Ingredients Thai Basil,G,false,830,https://ecom-su-static-prod.wtrecom.com/images/products/3/LN_367696_BP_3.jpg,https://www.waitrose.com/ecom/products/cooks-ingredients-thai-basil/367696-197812-197813,Cooks' Ingredients Thai Basil,20g,80p,40p/10g,,Waitrose Brands
797213,No.1 Chocolate Indulgent Cake,G,false,831,https://ecom-su-static-prod.wtrecom.com/images/products/3/LN_797213_BP_3.jpg,https://www.waitrose.com/ecom/products/no1-chocolate-indulgent-cake/797213-703334-703335,No.1 Chocolate Indulgent Cake,each,£6.50,£6.50 each,,Waitrose Brands
741772,No.1 Antipasto Misto,G,false,832,https://ecom-su-static-prod.wtrecom.com/images/products/3/LN_741772_BP_3.jpg,https://www.waitrose.com/ecom/products/no1-antipasto-misto/741772-498069-498069,No.1 Antipasto Misto,120g,£6.40,£5.34/100g,,Waitrose Brands
030964,No.1 Free Range Unsmoked Bacon Lardons,G,true,833,https://ecom-su-static-prod.wtrecom.com/images/products/3/LN_030964_BP_3.jpg,https://www.waitrose.com/ecom/products/no1-free-range-unsmoked-bacon-lardons/030964-15103-15104,No.1 Free Range Unsmoked Bacon Lardons,200g,£4.00,£20/kg,Add 2 for £6.50,Waitrose Brands
731866,Duchy Organic Agen Prunes,G,false,834,https://ecom-su-static-prod.wtrecom.com/images/products/3/LN_731866_BP_3.jpg,https://www.waitrose.com/ecom/products/duchy-organic-agen-prunes/731866-754537-754538,Duchy Organic Agen Prunes,250g,£3.95,£15.80/kg,,Waitrose Brands
800903,Cooks' Ingredients Mixed Herbs,G,true,835,https://ecom-su-static-prod.wtrecom.com/images/products/3/LN_800903_BP_3.jpg,https://www.waitrose.com/ecom/products/cooks-ingredients-mixed-herbs/800903-785140-785141,Cooks' Ingredients Mixed Herbs,11.5g,£1.60,£1.40/10g,Add 2 for £2.75,Waitrose Brands
682452,No.1 Egg Pappardelle,G,false,836,https://ecom-su-static-prod.wtrecom.com/images/products/3/LN_682452_BP_3.jpg,https://www.waitrose.com/ecom/products/no1-egg-pappardelle/682452-728044-728045,No.1 Egg Pappardelle,500g,£2.75,£5.50/kg,,Waitrose Brands
020124,Essential Peach Slices in Grape Juice,G,false,837,https://ecom-su-static-prod.wtrecom.com/images/products/3/LN_020124_BP_3.jpg,https://www.waitrose.com/ecom/products/essential-peach-slices-in-grape-juice/020124-9793-9794,Essential Peach Slices in Grape Juice,drained 125g,95p,£7.60/kg,,Waitrose Brands
026653,Levantine Table Bulgur Wheat,G,false,838,https://ecom-su-static-prod.wtrecom.com/images/products/3/LN_026653_BP_3.jpg,https://www.waitrose.com/ecom/products/levantine-table-bulgur-wheat/026653-12975-12976,Levantine Table Bulgur Wheat,500g,£1.95,£3.90/kg,,Waitrose Brands
716598,Essential Frozen Cooked King Prawns,G,false,839,https://ecom-su-static-prod.wtrecom.com/images/products/3/LN_716598_BP_3.jpg,https://www.waitrose.com/ecom/products/essential-frozen-cooked-king-prawns/716598-236290-236291,Essential Frozen Cooked King Prawns,250g,£5.00,£20/kg,,Waitrose Brands
034348,Essential Pickled Baby Beetroot,G,false,840,https://ecom-su-static-prod.wtrecom.com/images/products/3/LN_034348_BP_3.jpg,https://www.waitrose.com/ecom/products/essential-pickled-baby-beetroot/034348-17227-17228,Essential Pickled Baby Beetroot,drained 200g,90p,45p/100g,,Waitrose Brands
773966,Essential Sultana Bran,G,false,841,https://ecom-su-static-prod.wtrecom.com/images/products/3/LN_773966_BP_3.jpg,https://www.waitrose.com/ecom/products/essential-sultana-bran/773966-110055-110056,Essential Sultana Bran,750g,£2.25,30p/100g,,Waitrose Brands
034630,Essential Cranberry Sauce,G,false,842,https://ecom-su-static-prod.wtrecom.com/images/products/3/LN_034630_BP_3.jpg,https://www.waitrose.com/ecom/products/essential-cranberry-sauce/034630-17425-17426,Essential Cranberry Sauce,305g,£1.30,42.6p/100g,,Waitrose Brands
613640,Essential Pears,G,false,843,https://ecom-su-static-prod.wtrecom.com/images/products/3/LN_613640_BP_3.jpg,https://www.waitrose.com/ecom/products/essential-pears/613640-255413-255414,Essential Pears,6s,£1.80,30p each,,Waitrose Brands
018859,Duchy Organic Dry Cured Unsmoked Back Bacon,G,false,844,https://ecom-su-static-prod.wtrecom.com/images/products/3/LN_018859_BP_3.jpg,https://www.waitrose.com/ecom/products/duchy-organic-dry-cured-unsmoked-back-bacon/018859-9121-9122,Duchy Organic Dry Cured Unsmoked Back Bacon,184g,£5.25,£28.54/kg,,Waitrose Brands
013202,Essential Reduced Fat Houmous,G,false,845,https://ecom-su-static-prod.wtrecom.com/images/products/3/LN_013202_BP_3.jpg,https://www.waitrose.com/ecom/products/essential-reduced-fat-houmous/013202-6419-6420,Essential Reduced Fat Houmous,3x60g,£1.65,91.7p/100g,,Waitrose Brands
894357,Levantine Table Halloumi Filo Pastries,G,false,846,https://ecom-su-static-prod.wtrecom.com/images/products/3/LN_894357_BP_3.jpg,https://www.waitrose.com/ecom/products/levantine-table-halloumi-filo-pastries/894357-755705-755706,Levantine Table Halloumi Filo Pastries,128g,£3.90,£3.05/100g,,Waitrose Brands
003323,Essential Sensitive Talc,G,false,847,https://ecom-su-static-prod.wtrecom.com/images/products/3/LN_003323_BP_3.jpg,https://www.waitrose.com/ecom/products/essential-sensitive-talc/003323-1277-1278,Essential Sensitive Talc,250g,£1.40,56p/100g,,Waitrose Brands
032409,Waitrose Garlic Infused Olive Oil,G,false,848,https://ecom-su-static-prod.wtrecom.com/images/products/3/LN_032409_BP_3.jpg,https://www.waitrose.com/ecom/products/waitrose-garlic-infused-olive-oil/032409-15809-15810,Waitrose Garlic Infused Olive Oil,250ml,£4.50,£1.80/100ml,,Waitrose Brands
867733,"Duchy Organic Chicken Drumsticks 6, Skin-on & Bone-in",G,false,849,https://ecom-su-static-prod.wtrecom.com/images/products/3/LN_867733_BP_3.jpg,https://www.waitrose.com/ecom/products/duchy-organic-chicken-drumsticks-6-skin-on-bone-in/867733-756303-756304,"Duchy Organic Chicken Drumsticks 6, Skin-on & Bone-in",Typical weight 0.66kg,£7.06 each est.,£10.70/kg,,Waitrose Brands
582626,Essential 2 Garlic And Herb Chicken Kyivs,G,false,850,https://ecom-su-static-prod.wtrecom.com/images/products/3/LN_582626_BP_3.jpg,https://www.waitrose.com/ecom/products/essential-2-garlic-and-herb-chicken-kyivs/582626-82583-82584,Essential 2 Garlic And Herb Chicken Kyivs,250g,£2.95,£11.80/kg,,Waitrose Brands
086111,Cooks' Ingredients Sage,G,false,851,https://ecom-su-static-prod.wtrecom.com/images/products/3/LN_086111_BP_3.jpg,https://www.waitrose.com/ecom/products/cooks-ingredients-sage/086111-43939-43940,Cooks' Ingredients Sage,20g,80p,40p/10g,,Waitrose Brands
780972,Essential British Lamb Ribs,G,false,852,https://ecom-su-static-prod.wtrecom.com/images/products/3/LN_780972_BP_3.jpg,https://www.waitrose.com/ecom/products/essential-british-lamb-ribs/780972-111127-111128,Essential British Lamb Ribs,Typical weight 0.5kg,£4.00 each est.,£8.00/kg,,Waitrose Brands
509848,Duchy Organic Chicken Breast Fillets 4,G,false,853,https://ecom-su-static-prod.wtrecom.com/images/products/3/LN_509848_BP_3.jpg,https://www.waitrose.com/ecom/products/duchy-organic-chicken-breast-fillets-4/509848-661613-661614,Duchy Organic Chicken Breast Fillets 4,Typical weight 0.59kg,£16.61 each est.,£28.01/kg,,Waitrose Brands
895368,No.1 Pesto Alla Genovese,G,false,854,https://ecom-su-static-prod.wtrecom.com/images/products/3/LN_895368_BP_3.jpg,https://www.waitrose.com/ecom/products/no1-pesto-alla-genovese/895368-306063-306064,No.1 Pesto Alla Genovese,145g,£3.60,£2.49/100g,,Waitrose Brands
819380,Cooks' Ingredients Milk Chocolate Chips,G,false,855,https://ecom-su-static-prod.wtrecom.com/images/products/3/LN_819380_BP_3.jpg,https://www.waitrose.com/ecom/products/cooks-ingredients-milk-chocolate-chips/819380-673013-673014,Cooks' Ingredients Milk Chocolate Chips,100g,£1.50,£1.50/100g,,Waitrose Brands
563981,No. 1 Cave Aged Goats Cheese,G,false,856,https://ecom-su-static-prod.wtrecom.com/images/products/3/LN_563981_BP_3.jpg,https://www.waitrose.com/ecom/products/no-1-cave-aged-goats-cheese/563981-677314-677315,No. 1 Cave Aged Goats Cheese,170g,£4.25,£25/kg,,Waitrose Brands
058408,No1 Organic Fairtrade Peru Decaf Ground Coffee,G,false,857,https://ecom-su-static-prod.wtrecom.com/images/products/3/LN_058408_BP_3.jpg,https://www.waitrose.com/ecom/products/no1-organic-fairtrade-peru-decaf-ground-coffee/058408-29373-29374,No1 Organic Fairtrade Peru Decaf Ground Coffee,227g,£4.00,£1.77/100g,,Waitrose Brands
629360,Essential Broccoli Florets,G,false,858,https://ecom-su-static-prod.wtrecom.com/images/products/3/LN_629360_BP_3.jpg,https://www.waitrose.com/ecom/products/essential-broccoli-florets/629360-756386-756387,Essential Broccoli Florets,240g,£1.50,62.5p/100g,,Waitrose Brands
595711,No.1 Fusillioni,G,false,859,https://ecom-su-static-prod.wtrecom.com/images/products/3/LN_595711_BP_3.jpg,https://www.waitrose.com/ecom/products/no1-fusillioni/595711-728030-728031,No.1 Fusillioni,500g,£2.75,£5.50/kg,,Waitrose Brands
541857,Essential Reduced Sugar & Salt Ketchup,G,false,860,https://ecom-su-static-prod.wtrecom.com/images/products/3/LN_541857_BP_3.jpg,https://www.waitrose.com/ecom/products/essential-reduced-sugar-salt-ketchup/541857-723772-723773,Essential Reduced Sugar & Salt Ketchup,445g,95p,21.3p/100g,,Waitrose Brands
745135,Essential Grana Padano DOP Grated Cheese Strength 4,G,false,861,https://ecom-su-static-prod.wtrecom.com/images/products/3/LN_745135_BP_3.jpg,https://www.waitrose.com/ecom/products/essential-grana-padano-dop-grated-cheese-strength-4/745135-683200-683201,Essential Grana Padano DOP Grated Cheese Strength 4,80g,£1.90,£23.75/kg,,Waitrose Brands
694655,Essential 4 in 1 Cucumber Wipes,G,false,862,https://ecom-su-static-prod.wtrecom.com/images/products/3/LN_694655_BP_3.jpg,https://www.waitrose.com/ecom/products/essential-4-in-1-cucumber-wipes/694655-162578-162579,Essential 4 in 1 Cucumber Wipes,25 sheets,£1.00,40p/10 sheets,,Waitrose Brands
059769,Essential Pitted Green Olives,G,false,863,https://ecom-su-static-prod.wtrecom.com/images/products/3/LN_059769_BP_3.jpg,https://www.waitrose.com/ecom/products/essential-pitted-green-olives/059769-30165-30166,Essential Pitted Green Olives,drained 450g,£3.35,74.4p/100g,,Waitrose Brands
066276,Essential Blackeye Beans in Water,G,false,864,https://ecom-su-static-prod.wtrecom.com/images/products/3/LN_066276_BP_3.jpg,https://www.waitrose.com/ecom/products/essential-blackeye-beans-in-water/066276-33556-33557,Essential Blackeye Beans in Water,drained 246g,60p,£2.44/kg,,Waitrose Brands
883231,Essential Pork Chops,G,false,865,https://ecom-su-static-prod.wtrecom.com/images/products/3/LN_883231_BP_3.jpg,https://www.waitrose.com/ecom/products/essential-pork-chops/883231-350203-350204,Essential Pork Chops,400g,£4.00,£10/kg,,Waitrose Brands
082745,Cooks' Ingredients Pot Thyme,G,false,866,https://ecom-su-static-prod.wtrecom.com/images/products/3/LN_082745_BP_3.jpg,https://www.waitrose.com/ecom/products/cooks-ingredients-pot-thyme/082745-42075-42076,Cooks' Ingredients Pot Thyme,Each,£1.70,£1.70 each,,Waitrose Brands
006222,Duchy Organic Self Raising White Flour,G,false,867,https://ecom-su-static-prod.wtrecom.com/images/products/3/LN_006222_BP_3.jpg,https://www.waitrose.com/ecom/products/duchy-organic-self-raising-white-flour/006222-2740-2741,Duchy Organic Self Raising White Flour,1.5kg,£2.20,£1.47/kg,,Waitrose Brands
034105,Essential Sunflower Oil,G,false,868,https://ecom-su-static-prod.wtrecom.com/images/products/3/LN_034105_BP_3.jpg,https://www.waitrose.com/ecom/products/essential-sunflower-oil/034105-17063-17064,Essential Sunflower Oil,500ml,£1.25,25p/100ml,,Waitrose Brands
812877,Levantine Table Slow Cooked Beef in Mango Amba Sauce,G,false,869,https://ecom-su-static-prod.wtrecom.com/images/products/3/LN_812877_BP_3.jpg,https://www.waitrose.com/ecom/products/levantine-table-slow-cooked-beef-in-mango-amba-sauce/812877-804356-804357,Levantine Table Slow Cooked Beef in Mango Amba Sauce,385g,£7.50,£19.49/kg,,Waitrose Brands
011134,Cooks' Ingredients Porcini Mushrooms,G,false,870,https://ecom-su-static-prod.wtrecom.com/images/products/3/LN_011134_BP_3.jpg,https://www.waitrose.com/ecom/products/cooks-ingredients-porcini-mushrooms/011134-5532-5533,Cooks' Ingredients Porcini Mushrooms,30g,£3.10,£10.34/100g,,Waitrose Brands
886174,Essential Thick Sponge Cloths,G,false,871,https://ecom-su-static-prod.wtrecom.com/images/products/3/LN_886174_BP_3.jpg,https://www.waitrose.com/ecom/products/essential-thick-sponge-cloths/886174-484439-484440,Essential Thick Sponge Cloths,5s,£1.90,38p each,,Waitrose Brands
876687,Cooks' Ingredients Crispy Fried Onions,G,false,872,https://ecom-su-static-prod.wtrecom.com/images/products/3/LN_876687_BP_3.jpg,https://www.waitrose.com/ecom/products/cooks-ingredients-crispy-fried-onions/876687-409052-409053,Cooks' Ingredients Crispy Fried Onions,100g,£1.75,£1.75/100g,,Waitrose Brands
528559,No.1 Lemon & Lime Drizzle Cake,G,false,873,https://ecom-su-static-prod.wtrecom.com/images/products/3/LN_528559_BP_3.jpg,https://www.waitrose.com/ecom/products/no1-lemon-lime-drizzle-cake/528559-497798-497799,No.1 Lemon & Lime Drizzle Cake,each,£6.50,£6.50 each,,Waitrose Brands
023669,Duchy Organic Mayonnaise,G,false,874,https://ecom-su-static-prod.wtrecom.com/images/products/3/LN_023669_BP_3.jpg,https://www.waitrose.com/ecom/products/duchy-organic-mayonnaise/023669-11478-11479,Duchy Organic Mayonnaise,250ml,£2.25,90p/100ml,,Waitrose Brands
034650,Essential Hot Horseradish,G,false,875,https://ecom-su-static-prod.wtrecom.com/images/products/3/LN_034650_BP_3.jpg,https://www.waitrose.com/ecom/products/essential-hot-horseradish/034650-17447-17448,Essential Hot Horseradish,285g,£1.25,43.9p/100g,,Waitrose Brands
714100,Essential Sliced Black Olives in Brine,G,false,876,https://ecom-su-static-prod.wtrecom.com/images/products/3/LN_714100_BP_3.jpg,https://www.waitrose.com/ecom/products/essential-sliced-black-olives-in-brine/714100-723605-723606,Essential Sliced Black Olives in Brine,drained 85g,£1.30,£1.53/100g,,Waitrose Brands
696124,Duchy Organic Fairtrade Coconut Oil,G,false,877,https://ecom-su-static-prod.wtrecom.com/images/products/3/LN_696124_BP_3.jpg,https://www.waitrose.com/ecom/products/duchy-organic-fairtrade-coconut-oil/696124-805803-805804,Duchy Organic Fairtrade Coconut Oil,300ml,£3.60,£1.20/100ml,,Waitrose Brands
472675,No.1 Mango & Passion Fruit Ice Cream,G,true,878,https://ecom-su-static-prod.wtrecom.com/images/products/3/LN_472675_BP_3.jpg,https://www.waitrose.com/ecom/products/no1-mango-passion-fruit-ice-cream/472675-752807-752808,No.1 Mango & Passion Fruit Ice Cream,500ml,£3.00,60p/100ml,25% Off. Was £4.40,Waitrose Brands
049237,Essential Broad Beans,G,false,879,https://ecom-su-static-prod.wtrecom.com/images/products/3/LN_049237_BP_3.jpg,https://www.waitrose.com/ecom/products/essential-broad-beans/049237-24532-24533,Essential Broad Beans,500g,£2.25,£4.50/kg,,Waitrose Brands
666257,Essential MSC Tuna Chunks in Sunflower Oil,G,false,880,https://ecom-su-static-prod.wtrecom.com/images/products/3/LN_666257_BP_3.jpg,https://www.waitrose.com/ecom/products/essential-msc-tuna-chunks-in-sunflower-oil/666257-728732-728733,Essential MSC Tuna Chunks in Sunflower Oil,drained 112g,£1.25,£1.12/100g,,Waitrose Brands
003630,Waitrose Duchy Organic Cashew Nuts,G,false,881,https://ecom-su-static-prod.wtrecom.com/images/products/3/LN_003630_BP_3.jpg,https://www.waitrose.com/ecom/products/waitrose-duchy-organic-cashew-nuts/003630-1493-1494,Waitrose Duchy Organic Cashew Nuts,150g,£3.50,£2.34/100g,,Waitrose Brands
652676,Essential Custard,G,false,882,https://ecom-su-static-prod.wtrecom.com/images/products/3/LN_652676_BP_3.jpg,https://www.waitrose.com/ecom/products/essential-custard/652676-295445-295446,Essential Custard,400g,£1.00,25p/100g,,Waitrose Brands
624161,Essential Cheese & Tomato Pizza,G,false,883,https://ecom-su-static-prod.wtrecom.com/images/products/3/LN_624161_BP_3.jpg,https://www.waitrose.com/ecom/products/essential-cheese-tomato-pizza/624161-420291-420292,Essential Cheese & Tomato Pizza,486g,£3.50,£7.21/kg,,Waitrose Brands
652082,"No.1 Valpolicella Ripasso Classico, Veneto, Italy",W,false,884,https://ecom-su-static-prod.wtrecom.com/images/products/3/LN_652082_BP_3.jpg,https://www.waitrose.com/ecom/products/no1-valpolicella-ripasso-classico-veneto-italy/652082-92553-92554,"No.1 Valpolicella Ripasso Classico, Veneto, Italy",75cl,£15.99,£15.99/75cl,,Waitrose Brands
755645,Essential Home Ripening Kiwi,G,false,885,https://ecom-su-static-prod.wtrecom.com/images/products/3/LN_755645_BP_3.jpg,https://www.waitrose.com/ecom/products/essential-home-ripening-kiwi/755645-795874-795875,Essential Home Ripening Kiwi,6s,£1.50,25p each,,Waitrose Brands
540560,Waitrose Candy Seedless Grapes,G,false,886,https://ecom-su-static-prod.wtrecom.com/images/products/3/LN_540560_BP_3.jpg,https://www.waitrose.com/ecom/products/waitrose-candy-seedless-grapes/540560-601690-601691,Waitrose Candy Seedless Grapes,400g,£3.00,£7.50/kg,,Waitrose Brands
017450,Essential Whole Grain Rice,G,false,887,https://ecom-su-static-prod.wtrecom.com/images/products/3/LN_017450_BP_3.jpg,https://www.waitrose.com/ecom/products/essential-whole-grain-rice/017450-8450-8451,Essential Whole Grain Rice,1kg,£2.00,£2/kg,,Waitrose Brands
861971,Essential Iced Fairy Cakes,G,false,888,https://ecom-su-static-prod.wtrecom.com/images/products/3/LN_861971_BP_3.jpg,https://www.waitrose.com/ecom/products/essential-iced-fairy-cakes/861971-205173-205174,Essential Iced Fairy Cakes,6s,£2.20,36.7p each,,Waitrose Brands
058491,Essential Onion Rings,G,false,889,https://ecom-su-static-prod.wtrecom.com/images/products/3/LN_058491_BP_3.jpg,https://www.waitrose.com/ecom/products/essential-onion-rings/058491-29431-29432,Essential Onion Rings,100g,£1.10,£1.10/100g,,Waitrose Brands
609198,No.1 Fusilli Bucati,G,false,890,https://ecom-su-static-prod.wtrecom.com/images/products/3/LN_609198_BP_3.jpg,https://www.waitrose.com/ecom/products/no1-fusilli-bucati/609198-499354-499355,No.1 Fusilli Bucati,500g,£2.75,£5.50/kg,,Waitrose Brands
447836,Waitrose Duchy Organic Dried Apricots,G,false,891,https://ecom-su-static-prod.wtrecom.com/images/products/3/LN_447836_BP_3.jpg,https://www.waitrose.com/ecom/products/waitrose-duchy-organic-dried-apricots/447836-753555-753556,Waitrose Duchy Organic Dried Apricots,250g,£4.25,£1.70/100g,,Waitrose Brands
815232,No.1 Dark Chocolate with Orange & Almond,G,false,892,https://ecom-su-static-prod.wtrecom.com/images/products/3/LN_815232_BP_3.jpg,https://www.waitrose.com/ecom/products/no1-dark-chocolate-with-orange-almond/815232-706944-706945,No.1 Dark Chocolate with Orange & Almond,100g,£2.25,£2.25/100g,,Waitrose Brands
511137,Essential Anti-Bac Hand Gel,G,false,893,https://ecom-su-static-prod.wtrecom.com/images/products/3/LN_511137_BP_3.jpg,https://www.waitrose.com/ecom/products/essential-anti-bac-hand-gel/511137-406466-406467,Essential Anti-Bac Hand Gel,50ml,£1.00,£2/100ml,,Waitrose Brands
019922,No.1 Coconut & Lime Ice Cream,G,true,894,https://ecom-su-static-prod.wtrecom.com/images/products/3/LN_019922_BP_3.jpg,https://www.waitrose.com/ecom/products/no1-coconut-lime-ice-cream/019922-9702-9703,No.1 Coconut & Lime Ice Cream,500ml,£3.00,60p/100ml,25% Off. Was £4.40,Waitrose Brands
627089,Duchy Organic Coconut Cream,G,false,895,https://ecom-su-static-prod.wtrecom.com/images/products/3/LN_627089_BP_3.jpg,https://www.waitrose.com/ecom/products/duchy-organic-coconut-cream/627089-747480-747481,Duchy Organic Coconut Cream,160ml,£1.55,96.9p/100ml,,Waitrose Brands
594321,Duchy Organic 6 British Pork Sausages with Herbs,G,false,896,https://ecom-su-static-prod.wtrecom.com/images/products/3/LN_594321_BP_3.jpg,https://www.waitrose.com/ecom/products/duchy-organic-6-british-pork-sausages-with-herbs/594321-116265-116266,Duchy Organic 6 British Pork Sausages with Herbs,400g,£5.25,£13.13/kg,,Waitrose Brands
864062,PlantLiving Deli Style Coleslaw,G,false,897,https://ecom-su-static-prod.wtrecom.com/images/products/3/LN_864062_BP_3.jpg,https://www.waitrose.com/ecom/products/plantliving-deli-style-coleslaw/864062-791398-791399,PlantLiving Deli Style Coleslaw,300g,£1.75,58.3p/100g,,Waitrose Brands
436004,Waitrose Duchy Organic Walnuts,G,false,898,https://ecom-su-static-prod.wtrecom.com/images/products/3/LN_436004_BP_3.jpg,https://www.waitrose.com/ecom/products/waitrose-duchy-organic-walnuts/436004-753509-753510,Waitrose Duchy Organic Walnuts,150g,£3.75,£2.50/100g,,Waitrose Brands
785003,Cooks' Ingredients Smoky Chipotle Paste,G,false,899,https://ecom-su-static-prod.wtrecom.com/images/products/3/LN_785003_BP_3.jpg,https://www.waitrose.com/ecom/products/cooks-ingredients-smoky-chipotle-paste/785003-312393-312394,Cooks' Ingredients Smoky Chipotle Paste,95g,£1.85,£1.95/100g,,Waitrose Brands
035918,Duchy Organic Basmati Rice,G,false,900,https://ecom-su-static-prod.wtrecom.com/images/products/3/LN_035918_BP_3.jpg,https://www.waitrose.com/ecom/products/duchy-organic-basmati-rice/035918-18044-18045,Duchy Organic Basmati Rice,500g,£3.40,£6.80/kg,,Waitrose Brands
519648,Cooks' Ingredients Ground Coriander,G,false,901,https://ecom-su-static-prod.wtrecom.com/images/products/3/LN_519648_BP_3.jpg,https://www.waitrose.com/ecom/products/cooks-ingredients-ground-coriander/519648-784886-784887,Cooks' Ingredients Ground Coriander,42g,£1.60,38.1p/10g,,Waitrose Brands
588882,Essential Chocolate Surprise,G,false,902,https://ecom-su-static-prod.wtrecom.com/images/products/3/LN_588882_BP_3.jpg,https://www.waitrose.com/ecom/products/essential-chocolate-surprise/588882-486555-486556,Essential Chocolate Surprise,150g,£1.35,90p/100g,,Waitrose Brands
054141,Essential Frozen British Brussels Sprouts,G,false,903,https://ecom-su-static-prod.wtrecom.com/images/products/3/LN_054141_BP_3.jpg,https://www.waitrose.com/ecom/products/essential-frozen-british-brussels-sprouts/054141-27167-27168,Essential Frozen British Brussels Sprouts,500g,70p,£1.40/kg,,Waitrose Brands
059647,"No.1 Free Range Corn Fed Chicken Drumsticks, Skin-on & Bone-in",G,false,904,https://ecom-su-static-prod.wtrecom.com/images/products/3/LN_059647_BP_3.jpg,https://www.waitrose.com/ecom/products/no1-free-range-corn-fed-chicken-drumsticks-skin-on-bone-in/059647-30088-30089,"No.1 Free Range Corn Fed Chicken Drumsticks, Skin-on & Bone-in",Typical weight 0.47kg,£3.29 each est.,£7.00/kg,,Waitrose Brands
831590,Essential British Finely Sliced Smoked Ham,G,false,905,https://ecom-su-static-prod.wtrecom.com/images/products/3/LN_831590_BP_3.jpg,https://www.waitrose.com/ecom/products/essential-british-finely-sliced-smoked-ham/831590-724929-724930,Essential British Finely Sliced Smoked Ham,2x130g,£3.45,£1.33/100g,,Waitrose Brands
090729,Cooks' Ingredients Croutons,G,false,906,https://ecom-su-static-prod.wtrecom.com/images/products/3/LN_090729_BP_3.jpg,https://www.waitrose.com/ecom/products/cooks-ingredients-croutons/090729-46741-46742,Cooks' Ingredients Croutons,100g,£1.50,15p/10g,,Waitrose Brands
521224,Essential British Pork Shoulder Joint,G,false,907,https://ecom-su-static-prod.wtrecom.com/images/products/3/LN_521224_BP_3.jpg,https://www.waitrose.com/ecom/products/essential-british-pork-shoulder-joint/521224-721214-721215,Essential British Pork Shoulder Joint,Typical weight 1.16kg,£6.67 each est.,£5.75/kg,,Waitrose Brands
049303,No.1 White Chocolate Ice Cream,G,true,908,https://ecom-su-static-prod.wtrecom.com/images/products/3/LN_049303_BP_3.jpg,https://www.waitrose.com/ecom/products/no1-white-chocolate-ice-cream/049303-24564-24565,No.1 White Chocolate Ice Cream,500ml,£3.00,60p/100ml,25% Off. Was £4.40,Waitrose Brands
492146,No.1 Dark Chocolate with Ginger & Turmeric,G,false,909,https://ecom-su-static-prod.wtrecom.com/images/products/3/LN_492146_BP_3.jpg,https://www.waitrose.com/ecom/products/no1-dark-chocolate-with-ginger-turmeric/492146-706919-706920,No.1 Dark Chocolate with Ginger & Turmeric,100g,£2.25,£2.25/100g,,Waitrose Brands
895293,No.1 Astrolabe Awatere Sauvignon Blanc,W,true,910,https://ecom-su-static-prod.wtrecom.com/images/products/3/LN_895293_BP_3.jpg,https://www.waitrose.com/ecom/products/no1-astrolabe-awatere-sauvignon-blanc/895293-711350-711351,No.1 Astrolabe Awatere Sauvignon Blanc,75cl,£12.99,£12.99/75cl,Buyers Choice,Waitrose Brands
515426,Cooks' Ingredients Frozen Chopped Coriander,G,true,911,https://ecom-su-static-prod.wtrecom.com/images/products/3/LN_515426_BP_3.jpg,https://www.waitrose.com/ecom/products/cooks-ingredients-frozen-chopped-coriander/515426-72849-72850,Cooks' Ingredients Frozen Chopped Coriander,75g,£1.85,24.7p/10g,Add 2 for £3,Waitrose Brands
755013,Essential Fairtrade Mountain Blend Ground Coffee,G,false,912,https://ecom-su-static-prod.wtrecom.com/images/products/3/LN_755013_BP_3.jpg,https://www.waitrose.com/ecom/products/essential-fairtrade-mountain-blend-ground-coffee/755013-107381-107382,Essential Fairtrade Mountain Blend Ground Coffee,227g,£2.85,£1.26/100g,,Waitrose Brands
546049,No. 1 Rouzaire Brie de Meaux Brie Cheese Strength 5,G,false,913,https://ecom-su-static-prod.wtrecom.com/images/products/3/LN_546049_BP_3.jpg,https://www.waitrose.com/ecom/products/no-1-rouzaire-brie-de-meaux-brie-cheese-strength-5/546049-497826-497827,No. 1 Rouzaire Brie de Meaux Brie Cheese Strength 5,200g,£4.25,£21.25/kg,,Waitrose Brands
600851,Cook's ingredients Soft White Bread Crumbs,G,false,914,https://ecom-su-static-prod.wtrecom.com/images/products/3/LN_600851_BP_3.jpg,https://www.waitrose.com/ecom/products/cooks-ingredients-soft-white-bread-crumbs/600851-85187-85188,Cook's ingredients Soft White Bread Crumbs,200g,£1.70,85p/100g,,Waitrose Brands
543082,Duchy Organic Cheddar Cheese Sticks Strength 4,G,false,915,https://ecom-su-static-prod.wtrecom.com/images/products/3/LN_543082_BP_3.jpg,https://www.waitrose.com/ecom/products/duchy-organic-cheddar-cheese-sticks-strength-4/543082-723556-723557,Duchy Organic Cheddar Cheese Sticks Strength 4,7x20g,£2.20,£15.72/kg,,Waitrose Brands
767165,Essential Medium Cheddar Cheese Strength 3 Extra Large,G,false,916,https://ecom-su-static-prod.wtrecom.com/images/products/3/LN_767165_BP_3.jpg,https://www.waitrose.com/ecom/products/essential-medium-cheddar-cheese-strength-3-extra-large/767165-109091-109092,Essential Medium Cheddar Cheese Strength 3 Extra Large,750g,£4.95,£6.60/kg,,Waitrose Brands
049465,Duchy Organic Strong White Bread Flour,G,false,917,https://ecom-su-static-prod.wtrecom.com/images/products/3/LN_049465_BP_3.jpg,https://www.waitrose.com/ecom/products/duchy-organic-strong-white-bread-flour/049465-24644-24645,Duchy Organic Strong White Bread Flour,1.5kg,£2.20,£1.47/kg,,Waitrose Brands
019533,Essential Mixed Beans in a Spicy Tomato Sauce,G,false,918,https://ecom-su-static-prod.wtrecom.com/images/products/3/LN_019533_BP_3.jpg,https://www.waitrose.com/ecom/products/essential-mixed-beans-in-a-spicy-tomato-sauce/019533-9465-9466,Essential Mixed Beans in a Spicy Tomato Sauce,395g,£1.00,£2.54/kg,,Waitrose Brands
020327,Essential Grapefruit Segments in Apple Juice,G,false,919,https://ecom-su-static-prod.wtrecom.com/images/products/3/LN_020327_BP_3.jpg,https://www.waitrose.com/ecom/products/essential-grapefruit-segments-in-apple-juice/020327-9893-9894,Essential Grapefruit Segments in Apple Juice,drained 290g,£1.20,£4.14/kg,,Waitrose Brands
419876,Cooks' Ingredients Nam Pla Fish Sauce,G,false,920,https://ecom-su-static-prod.wtrecom.com/images/products/3/LN_419876_BP_3.jpg,https://www.waitrose.com/ecom/products/cooks-ingredients-nam-pla-fish-sauce/419876-59072-59073,Cooks' Ingredients Nam Pla Fish Sauce,150ml,£2.00,£1.34/100ml,,Waitrose Brands
048895,No.1 Free Range Beech Smoked Back Bacon,G,false,921,https://ecom-su-static-prod.wtrecom.com/images/products/3/LN_048895_BP_3.jpg,https://www.waitrose.com/ecom/products/no1-free-range-beech-smoked-back-bacon/048895-24330-24331,No.1 Free Range Beech Smoked Back Bacon,200g,£4.75,£23.75/kg,,Waitrose Brands
048483,Essential Super Absorbant Cloths,G,false,922,https://ecom-su-static-prod.wtrecom.com/images/products/3/LN_048483_BP_3.jpg,https://www.waitrose.com/ecom/products/essential-super-absorbant-cloths/048483-24066-24067,Essential Super Absorbant Cloths,3s,£1.25,41.7p each,,Waitrose Brands
571194,No.1 Matice Melon,G,true,923,https://ecom-su-static-prod.wtrecom.com/images/products/3/LN_571194_BP_3.jpg,https://www.waitrose.com/ecom/products/no1-matice-melon/571194-601706-601707,No.1 Matice Melon,Each,£3.16,£3.16 each,20% Off. Was £3.95,Waitrose Brands
637178,Essential MSC Tuna Chunks In Brine,G,false,924,https://ecom-su-static-prod.wtrecom.com/images/products/3/LN_637178_BP_3.jpg,https://www.waitrose.com/ecom/products/essential-msc-tuna-chunks-in-brine/637178-728722-728723,Essential MSC Tuna Chunks In Brine,drained 4x112g,£4.75,£1.07/100g,,Waitrose Brands
034285,Essential Sweet Piccalilli,G,false,925,https://ecom-su-static-prod.wtrecom.com/images/products/3/LN_034285_BP_3.jpg,https://www.waitrose.com/ecom/products/essential-sweet-piccalilli/034285-17176-17177,Essential Sweet Piccalilli,275g,£1.25,45.5p/100g,,Waitrose Brands
826713,Essential Mint Sauce,G,false,926,https://ecom-su-static-prod.wtrecom.com/images/products/3/LN_826713_BP_3.jpg,https://www.waitrose.com/ecom/products/essential-mint-sauce/826713-208009-208010,Essential Mint Sauce,275g,£1.10,40p/100g,,Waitrose Brands
023113,Essential Sunflower & Extra Virgin Olive Oil,G,false,927,https://ecom-su-static-prod.wtrecom.com/images/products/3/LN_023113_BP_3.jpg,https://www.waitrose.com/ecom/products/essential-sunflower-extra-virgin-olive-oil/023113-11245-11246,Essential Sunflower & Extra Virgin Olive Oil,500ml,£2.20,44p/100ml,,Waitrose Brands
747831,No. 1 English Apple Juice,G,false,928,https://ecom-su-static-prod.wtrecom.com/images/products/3/LN_747831_BP_3.jpg,https://www.waitrose.com/ecom/products/no-1-english-apple-juice/747831-703755-703756,No. 1 English Apple Juice,1litre,£3.40,34p/100ml,,Waitrose Brands
685824,Cooks' Ingredients Frozen Chopped Parsley,G,true,929,https://ecom-su-static-prod.wtrecom.com/images/products/3/LN_685824_BP_3.jpg,https://www.waitrose.com/ecom/products/cooks-ingredients-frozen-chopped-parsley/685824-97399-97400,Cooks' Ingredients Frozen Chopped Parsley,75g,£1.85,24.7p/10g,Add 2 for £3,Waitrose Brands
874757,Cooks' Ingredients Bay Leaves,G,true,930,https://ecom-su-static-prod.wtrecom.com/images/products/3/LN_874757_BP_3.jpg,https://www.waitrose.com/ecom/products/cooks-ingredients-bay-leaves/874757-785268-785269,Cooks' Ingredients Bay Leaves,3g,£1.60,£5.34/10g,Add 2 for £2.75,Waitrose Brands
034332,Essential Sliced Beetroot,G,false,931,https://ecom-su-static-prod.wtrecom.com/images/products/3/LN_034332_BP_3.jpg,https://www.waitrose.com/ecom/products/essential-sliced-beetroot/034332-17211-17212,Essential Sliced Beetroot,drained 200g,90p,45p/100g,,Waitrose Brands
678588,No.1 Wild Alaskan Sockeye Salmon,G,true,932,https://ecom-su-static-prod.wtrecom.com/images/products/3/LN_678588_BP_3.jpg,https://www.waitrose.com/ecom/products/no1-wild-alaskan-sockeye-salmon/678588-679555-679556,No.1 Wild Alaskan Sockeye Salmon,400g,£10.50,£26.25/kg,25% Off. Was £14.00,Waitrose Brands
002157,Cooks Ingredients Sponge Fingers,G,false,933,https://ecom-su-static-prod.wtrecom.com/images/products/3/LN_002157_BP_3.jpg,https://www.waitrose.com/ecom/products/cooks-ingredients-sponge-fingers/002157-618-619,Cooks Ingredients Sponge Fingers,175g,£1.20,68.6p/100g,,Waitrose Brands
402695,Essential Sugar Free Lime Indian Tonic Water,G,false,934,https://ecom-su-static-prod.wtrecom.com/images/products/3/LN_402695_BP_3.jpg,https://www.waitrose.com/ecom/products/essential-sugar-free-lime-indian-tonic-water/402695-56667-56668,Essential Sugar Free Lime Indian Tonic Water,1litre,85p,8.5p/100ml,,Waitrose Brands
573220,No.1 Lemon Curd,G,false,935,https://ecom-su-static-prod.wtrecom.com/images/products/3/LN_573220_BP_3.jpg,https://www.waitrose.com/ecom/products/no1-lemon-curd/573220-81207-81208,No.1 Lemon Curd,320g,£2.50,78.1p/100g,,Waitrose Brands
821090,Essential British Lamb Chops,G,false,936,https://ecom-su-static-prod.wtrecom.com/images/products/3/LN_821090_BP_3.jpg,https://www.waitrose.com/ecom/products/essential-british-lamb-chops/821090-428314-428315,Essential British Lamb Chops,364g,£9.50,£26.10/kg,,Waitrose Brands
712504,No.1 Free Range Corn Fed Diced Chicken Breast Fillets,G,false,937,https://ecom-su-static-prod.wtrecom.com/images/products/3/LN_712504_BP_3.jpg,https://www.waitrose.com/ecom/products/no1-free-range-corn-fed-diced-chicken-breast-fillets/712504-661921-661922,No.1 Free Range Corn Fed Diced Chicken Breast Fillets,300g,£5.50,£18.34/kg,,Waitrose Brands
004242,Duchy Organic British Beef Roasting Joint,G,false,938,https://ecom-su-static-prod.wtrecom.com/images/products/3/LN_004242_BP_3.jpg,https://www.waitrose.com/ecom/products/duchy-organic-british-beef-roasting-joint/004242-1739-1740,Duchy Organic British Beef Roasting Joint,Typical weight 0.54kg,£9.93 each est.,£18.49/kg,,Waitrose Brands
031544,Waitrose Duchy Organic Dried Mango,G,false,939,https://ecom-su-static-prod.wtrecom.com/images/products/3/LN_031544_BP_3.jpg,https://www.waitrose.com/ecom/products/waitrose-duchy-organic-dried-mango/031544-15365-15366,Waitrose Duchy Organic Dried Mango,150g,£4.50,£30/kg,,Waitrose Brands
082356,No. 1 Colston Bassett Blue Stilton Cheese,G,false,940,https://ecom-su-static-prod.wtrecom.com/images/products/3/LN_082356_BP_3.jpg,https://www.waitrose.com/ecom/products/no-1-colston-bassett-blue-stilton-cheese/082356-41897-41898,No. 1 Colston Bassett Blue Stilton Cheese,Typical weight 200g,£4.00 each est.,£2.00/100g,,Waitrose Brands
058056,Essential Sugar Free Ginger Ale,G,false,941,https://ecom-su-static-prod.wtrecom.com/images/products/3/LN_058056_BP_3.jpg,https://www.waitrose.com/ecom/products/essential-sugar-free-ginger-ale/058056-29150-29151,Essential Sugar Free Ginger Ale,1litre,85p,8.5p/100ml,,Waitrose Brands
527589,Waitrose Seedless Grapes,G,false,942,https://ecom-su-static-prod.wtrecom.com/images/products/3/LN_527589_BP_3.jpg,https://www.waitrose.com/ecom/products/waitrose-seedless-grapes/527589-785944-785945,Waitrose Seedless Grapes,170g,£1.20,£7.06/kg,,Waitrose Brands
051965,No.1 Apple Danish Tart,G,true,943,https://ecom-su-static-prod.wtrecom.com/images/products/3/LN_051965_BP_3.jpg,https://www.waitrose.com/ecom/products/no1-apple-danish-tart/051965-25868-25869,No.1 Apple Danish Tart,520g,£4.87,93.7p/100g,25% Off. Was £6.50,Waitrose Brands
020535,Essential Granny Smith Apple Slices,G,false,944,https://ecom-su-static-prod.wtrecom.com/images/products/3/LN_020535_BP_3.jpg,https://www.waitrose.com/ecom/products/essential-granny-smith-apple-slices/020535-10009-10010,Essential Granny Smith Apple Slices,385g,£1.20,£3.12/kg,,Waitrose Brands
653735,Cooks' Ingredients Turmeric,G,false,945,https://ecom-su-static-prod.wtrecom.com/images/products/3/LN_653735_BP_3.jpg,https://www.waitrose.com/ecom/products/cooks-ingredients-turmeric/653735-502775-502776,Cooks' Ingredients Turmeric,100g,£1.70,17p/10g,,Waitrose Brands
412070,Essential Chamomile Bar Soaps,G,false,946,https://ecom-su-static-prod.wtrecom.com/images/products/3/LN_412070_BP_3.jpg,https://www.waitrose.com/ecom/products/essential-chamomile-bar-soaps/412070-568510-568511,Essential Chamomile Bar Soaps,4s,£1.60,40p each,,Waitrose Brands
579949,Essential Creamy Tomato Pasta Bake Sauce,G,false,947,https://ecom-su-static-prod.wtrecom.com/images/products/3/LN_579949_BP_3.jpg,https://www.waitrose.com/ecom/products/essential-creamy-tomato-pasta-bake-sauce/579949-697874-697875,Essential Creamy Tomato Pasta Bake Sauce,340g,£1.00,29.4p/100g,,Waitrose Brands
034281,Essential Mustard Piccalilli,G,false,948,https://ecom-su-static-prod.wtrecom.com/images/products/3/LN_034281_BP_3.jpg,https://www.waitrose.com/ecom/products/essential-mustard-piccalilli/034281-17174-17175,Essential Mustard Piccalilli,460g,£2.00,43.5p/100g,,Waitrose Brands
899175,Cooks' Ingredients Thai Red Curry Paste,G,false,949,https://ecom-su-static-prod.wtrecom.com/images/products/3/LN_899175_BP_3.jpg,https://www.waitrose.com/ecom/products/cooks-ingredients-thai-red-curry-paste/899175-767343-767344,Cooks' Ingredients Thai Red Curry Paste,190g,£2.50,£1.32/100g,,Waitrose Brands
441853,Cooks' Ingredients Black Peppercorns,G,false,950,https://ecom-su-static-prod.wtrecom.com/images/products/3/LN_441853_BP_3.jpg,https://www.waitrose.com/ecom/products/cooks-ingredients-black-peppercorns/441853-784810-784811,Cooks' Ingredients Black Peppercorns,42g,£1.60,38.1p/10g,,Waitrose Brands
622172,Waitrose British Pork Belly Joint,G,false,951,https://ecom-su-static-prod.wtrecom.com/images/products/3/LN_622172_BP_3.jpg,https://www.waitrose.com/ecom/products/waitrose-british-pork-belly-joint/622172-88255-88256,Waitrose British Pork Belly Joint,Typical weight 0.5kg,£4.41 each est.,£8.80/kg,,Waitrose Brands
784458,Japan Menyū Chicken Katsu Curry & Rice for 1,G,true,952,https://ecom-su-static-prod.wtrecom.com/images/products/3/LN_784458_BP_3.jpg,https://www.waitrose.com/ecom/products/japan-meny-chicken-katsu-curry-rice-for-1/784458-811005-811006,Japan Menyū Chicken Katsu Curry & Rice for 1,350g,£4.20,£1.20/100g,20% Off. Was £5.25,Waitrose Brands
385544,Essential Meat & Fish Selection in Jelly,G,false,953,https://ecom-su-static-prod.wtrecom.com/images/products/3/LN_385544_BP_3.jpg,https://www.waitrose.com/ecom/products/essential-meat-fish-selection-in-jelly/385544-174921-174921,Essential Meat & Fish Selection in Jelly,12x100g,£3.80,£3.17/kg,,Waitrose Brands
613528,No.1 Bucatini,G,false,954,https://ecom-su-static-prod.wtrecom.com/images/products/3/LN_613528_BP_3.jpg,https://www.waitrose.com/ecom/products/no1-bucatini/613528-499356-499357,No.1 Bucatini,500g,£2.75,£5.50/kg,,Waitrose Brands
812821,Cooks' Ingredients Belgian Milk Chocolate,G,false,955,https://ecom-su-static-prod.wtrecom.com/images/products/3/LN_812821_BP_3.jpg,https://www.waitrose.com/ecom/products/cooks-ingredients-belgian-milk-chocolate/812821-752669-752670,Cooks' Ingredients Belgian Milk Chocolate,180g,£2.00,£11.12/kg,,Waitrose Brands
007188,Essential Red Wine Vinegar,G,false,956,https://ecom-su-static-prod.wtrecom.com/images/products/3/LN_007188_BP_3.jpg,https://www.waitrose.com/ecom/products/essential-red-wine-vinegar/007188-3305-3306,Essential Red Wine Vinegar,500ml,£2.00,40p/100ml,,Waitrose Brands
016429,No.1 Kenya AA Ground Coffee,G,false,957,https://ecom-su-static-prod.wtrecom.com/images/products/3/LN_016429_BP_3.jpg,https://www.waitrose.com/ecom/products/no1-kenya-aa-ground-coffee/016429-7868-7869,No.1 Kenya AA Ground Coffee,227g,£4.00,£1.77/100g,,Waitrose Brands
600690,Cooks' Ingredients Thyme,G,false,958,https://ecom-su-static-prod.wtrecom.com/images/products/3/LN_600690_BP_3.jpg,https://www.waitrose.com/ecom/products/cooks-ingredients-thyme/600690-784958-784959,Cooks' Ingredients Thyme,18g,£1.60,88.9p/10g,,Waitrose Brands
007636,Essential French Mustard,G,false,959,https://ecom-su-static-prod.wtrecom.com/images/products/3/LN_007636_BP_3.jpg,https://www.waitrose.com/ecom/products/essential-french-mustard/007636-3576-3577,Essential French Mustard,180g,£1.00,55.6p/100g,,Waitrose Brands
884377,Duchy Organic Sourdough Baguette,G,false,960,https://ecom-su-static-prod.wtrecom.com/images/products/3/LN_884377_BP_3.jpg,https://www.waitrose.com/ecom/products/duchy-organic-sourdough-baguette/884377-744412-744413,Duchy Organic Sourdough Baguette,each,£2.00,£2 each,,Waitrose Brands
406328,Essential 30% Reduced Fat Mature Sliced Cheddar Cheese Strength 4,G,false,961,https://ecom-su-static-prod.wtrecom.com/images/products/3/LN_406328_BP_3.jpg,https://www.waitrose.com/ecom/products/essential-30-reduced-fat-mature-sliced-cheddar-cheese-strength-4/406328-723544-723545,Essential 30% Reduced Fat Mature Sliced Cheddar Cheese Strength 4,250g,£2.80,£11.20/kg,,Waitrose Brands
617017,No.1 Peru Dark Chocolate 80%,G,false,962,https://ecom-su-static-prod.wtrecom.com/images/products/3/LN_617017_BP_3.jpg,https://www.waitrose.com/ecom/products/no1-peru-dark-chocolate-80/617017-706928-706929,No.1 Peru Dark Chocolate 80%,100g,£2.25,£2.25/100g,,Waitrose Brands
705232,Cooks' Ingredients Saffron,G,false,963,https://ecom-su-static-prod.wtrecom.com/images/products/3/LN_705232_BP_3.jpg,https://www.waitrose.com/ecom/products/cooks-ingredients-saffron/705232-785060-785061,Cooks' Ingredients Saffron,0.4g,£2.85,£71.25/10g,,Waitrose Brands
468839,Duchy Organic Pure Set Honey,G,false,964,https://ecom-su-static-prod.wtrecom.com/images/products/3/LN_468839_BP_3.jpg,https://www.waitrose.com/ecom/products/duchy-organic-pure-set-honey/468839-662528-662529,Duchy Organic Pure Set Honey,340g,£3.50,£1.03/100g,,Waitrose Brands
748594,Cooks' Ingredients Cumin Seeds,G,true,965,https://ecom-su-static-prod.wtrecom.com/images/products/3/LN_748594_BP_3.jpg,https://www.waitrose.com/ecom/products/cooks-ingredients-cumin-seeds/748594-785096-785097,Cooks' Ingredients Cumin Seeds,40g,£1.60,40p/10g,Add 2 for £2.75,Waitrose Brands
624075,No. 1 Chaource AOP French Soft Cheese Strength 2,G,false,966,https://ecom-su-static-prod.wtrecom.com/images/products/3/LN_624075_BP_3.jpg,https://www.waitrose.com/ecom/products/no-1-chaource-aop-french-soft-cheese-strength-2/624075-151832-151833,No. 1 Chaource AOP French Soft Cheese Strength 2,250g,£4.25,£17/kg,,Waitrose Brands
089903,Cooks' Ingredients Diced Onions,G,false,967,https://ecom-su-static-prod.wtrecom.com/images/products/3/LN_089903_BP_3.jpg,https://www.waitrose.com/ecom/products/cooks-ingredients-diced-onions/089903-46356-46357,Cooks' Ingredients Diced Onions,2x200g,£1.35,33.8p/100g,,Waitrose Brands
060844,No.1 English Vintage Cider Herefordshire,G,false,968,https://ecom-su-static-prod.wtrecom.com/images/products/3/LN_060844_BP_3.jpg,https://www.waitrose.com/ecom/products/no1-english-vintage-cider-herefordshire/060844-30762-30763,No.1 English Vintage Cider Herefordshire,500ml,£2.50,£5/litre,,Waitrose Brands
878478,No.1 Extra Large Black Tiger Prawns,G,false,969,https://ecom-su-static-prod.wtrecom.com/images/products/3/LN_878478_BP_3.jpg,https://www.waitrose.com/ecom/products/no1-extra-large-black-tiger-prawns/878478-503019-503020,No.1 Extra Large Black Tiger Prawns,140g,£5.50,£3.93/100g,,Waitrose Brands
077707,Essential Short Cut Spaghetti in Tomato Sauce,G,false,970,https://ecom-su-static-prod.wtrecom.com/images/products/3/LN_077707_BP_3.jpg,https://www.waitrose.com/ecom/products/essential-short-cut-spaghetti-in-tomato-sauce/077707-39522-39523,Essential Short Cut Spaghetti in Tomato Sauce,410g,50p,£1.22/kg,,Waitrose Brands
080694,No.1 Free Range Pork Fillet,G,false,971,https://ecom-su-static-prod.wtrecom.com/images/products/3/LN_080694_BP_3.jpg,https://www.waitrose.com/ecom/products/no1-free-range-pork-fillet/080694-41081-41082,No.1 Free Range Pork Fillet,Typical weight 0.42kg,£8.54 each est.,£20.50/kg,,Waitrose Brands
803560,Duchy Organic Crunchy Peanut Butter,G,false,972,https://ecom-su-static-prod.wtrecom.com/images/products/3/LN_803560_BP_3.jpg,https://www.waitrose.com/ecom/products/duchy-organic-crunchy-peanut-butter/803560-752831-752832,Duchy Organic Crunchy Peanut Butter,340g,£2.50,73.5p/100g,,Waitrose Brands
028421,Duchy Organic Balsamic Vinegar,G,false,973,https://ecom-su-static-prod.wtrecom.com/images/products/3/LN_028421_BP_3.jpg,https://www.waitrose.com/ecom/products/duchy-organic-balsamic-vinegar/028421-13830-13831,Duchy Organic Balsamic Vinegar,250ml,£3.25,£1.30/100ml,,Waitrose Brands
589116,Essential Chunks in Gravy Selection,G,false,974,https://ecom-su-static-prod.wtrecom.com/images/products/3/LN_589116_BP_3.jpg,https://www.waitrose.com/ecom/products/essential-chunks-in-gravy-selection/589116-146563-146563,Essential Chunks in Gravy Selection,6x400g,£4.80,£2/kg,,Waitrose Brands
009932,No. 1 Cave Aged Roquefort AOP Blue Cheese Strength 6,G,false,975,https://ecom-su-static-prod.wtrecom.com/images/products/3/LN_009932_BP_3.jpg,https://www.waitrose.com/ecom/products/no-1-cave-aged-roquefort-aop-blue-cheese-strength-6/009932-4940-4941,No. 1 Cave Aged Roquefort AOP Blue Cheese Strength 6,100g,£3.00,£30/kg,,Waitrose Brands
023504,Duchy Organic British Lamb Leg Steaks,G,false,976,https://ecom-su-static-prod.wtrecom.com/images/products/3/LN_023504_BP_3.jpg,https://www.waitrose.com/ecom/products/duchy-organic-british-lamb-leg-steaks/023504-425750-11409,Duchy Organic British Lamb Leg Steaks,Typical weight 0.26kg,£8.50 each est.,£33.00/kg,,Waitrose Brands
026930,Essential Squeezy Brown Sauce,G,false,977,https://ecom-su-static-prod.wtrecom.com/images/products/3/LN_026930_BP_3.jpg,https://www.waitrose.com/ecom/products/essential-squeezy-brown-sauce/026930-13101-13102,Essential Squeezy Brown Sauce,470g,£1.15,24.5p/100g,,Waitrose Brands
019801,Essential Artichoke Hearts in Water,G,false,978,https://ecom-su-static-prod.wtrecom.com/images/products/3/LN_019801_BP_3.jpg,https://www.waitrose.com/ecom/products/essential-artichoke-hearts-in-water/019801-9642-9643,Essential Artichoke Hearts in Water,drained 240g,£2.40,£10/kg,,Waitrose Brands
692384,Essential Light in Colour Olive Oil,G,false,979,https://ecom-su-static-prod.wtrecom.com/images/products/3/LN_692384_BP_3.jpg,https://www.waitrose.com/ecom/products/essential-light-in-colour-olive-oil/692384-98323-98324,Essential Light in Colour Olive Oil,1litre,£8.00,80p/100ml,,Waitrose Brands
019506,Essential Petits Pois in Water,G,false,980,https://ecom-su-static-prod.wtrecom.com/images/products/3/LN_019506_BP_3.jpg,https://www.waitrose.com/ecom/products/essential-petits-pois-in-water/019506-9433-9434,Essential Petits Pois in Water,drained 140g,55p,£3.93/kg,,Waitrose Brands
439242,No.1 Dry Aged Cote De Boeuf,G,false,981,https://ecom-su-static-prod.wtrecom.com/images/products/3/LN_439242_BP_3.jpg,https://www.waitrose.com/ecom/products/no1-dry-aged-cote-de-boeuf/439242-497654-497655,No.1 Dry Aged Cote De Boeuf,Typical weight 0.67kg,£26.60 each est.,£40.00/kg,,Waitrose Brands
406813,No. 1 Ossau Iraty AOP Sheep's Cheese,G,false,982,https://ecom-su-static-prod.wtrecom.com/images/products/3/LN_406813_BP_3.jpg,https://www.waitrose.com/ecom/products/no-1-ossau-iraty-aop-sheeps-cheese/406813-497600-497601,No. 1 Ossau Iraty AOP Sheep's Cheese,180g,£5.50,£30.56/kg,,Waitrose Brands
732845,Cooks' Ingredients Ground Ginger,G,true,983,https://ecom-su-static-prod.wtrecom.com/images/products/3/LN_732845_BP_3.jpg,https://www.waitrose.com/ecom/products/cooks-ingredients-ground-ginger/732845-785082-785083,Cooks' Ingredients Ground Ginger,32g,£1.60,50p/10g,Add 2 for £2.75,Waitrose Brands
889010,No.1 Dark Chocolate & Ginger Thins,G,false,984,https://ecom-su-static-prod.wtrecom.com/images/products/3/LN_889010_BP_3.jpg,https://www.waitrose.com/ecom/products/no1-dark-chocolate-ginger-thins/889010-166873-166874,No.1 Dark Chocolate & Ginger Thins,100g,£2.25,£2.25/100g,,Waitrose Brands
034313,Essential Pickled Onions,G,false,985,https://ecom-su-static-prod.wtrecom.com/images/products/3/LN_034313_BP_3.jpg,https://www.waitrose.com/ecom/products/essential-pickled-onions/034313-17186-17187,Essential Pickled Onions,drained 225g,£1.20,53.3p/100g,,Waitrose Brands
734580,Essential Bubble Bath Pink Grapefruit,G,false,986,https://ecom-su-static-prod.wtrecom.com/images/products/3/LN_734580_BP_3.jpg,https://www.waitrose.com/ecom/products/essential-bubble-bath-pink-grapefruit/734580-504689-504690,Essential Bubble Bath Pink Grapefruit,750ml,£1.25,16.7p/100ml,,Waitrose Brands
549132,Duchy Organic Highland All Butter Shortbread,G,false,987,https://ecom-su-static-prod.wtrecom.com/images/products/3/LN_549132_BP_3.jpg,https://www.waitrose.com/ecom/products/duchy-organic-highland-all-butter-shortbread/549132-77659-77660,Duchy Organic Highland All Butter Shortbread,150g,£2.25,£1.50/100g,,Waitrose Brands
413782,Cooks' Ingredients Sushi Rice,G,false,988,https://ecom-su-static-prod.wtrecom.com/images/products/3/LN_413782_BP_3.jpg,https://www.waitrose.com/ecom/products/cooks-ingredients-sushi-rice/413782-58226-58227,Cooks' Ingredients Sushi Rice,500g,£2.35,£4.70/kg,,Waitrose Brands
886941,Duchy Organic Cropwell Bishop PDO Blue Stilton Cheese Strength 5,G,false,989,https://ecom-su-static-prod.wtrecom.com/images/products/3/LN_886941_BP_3.jpg,https://www.waitrose.com/ecom/products/duchy-organic-cropwell-bishop-pdo-blue-stilton-cheese-strength-5/886941-156675-156676,Duchy Organic Cropwell Bishop PDO Blue Stilton Cheese Strength 5,150g,£3.50,£23.34/kg,,Waitrose Brands
019615,Essential Sliced Carrots in Water,G,false,990,https://ecom-su-static-prod.wtrecom.com/images/products/3/LN_019615_BP_3.jpg,https://www.waitrose.com/ecom/products/essential-sliced-carrots-in-water/019615-9524-9525,Essential Sliced Carrots in Water,drained 240g,65p,£2.71/kg,,Waitrose Brands
825041,Duchy Organic Gold Kiwi Fruit,G,true,991,https://ecom-su-static-prod.wtrecom.com/images/products/3/LN_825041_BP_3.jpg,https://www.waitrose.com/ecom/products/duchy-organic-gold-kiwi-fruit/825041-684379-684380,Duchy Organic Gold Kiwi Fruit,4s,£2.68,67p each,20% Off. Was £3.35,Waitrose Brands
020929,Essential Summer Fruits in Syrup,G,false,992,https://ecom-su-static-prod.wtrecom.com/images/products/3/LN_020929_BP_3.jpg,https://www.waitrose.com/ecom/products/essential-summer-fruits-in-syrup/020929-10183-10184,Essential Summer Fruits in Syrup,290g,£1.40,£4.83/kg,,Waitrose Brands
622162,Essential Frozen Cheesecake Blackcurrant,G,false,993,https://ecom-su-static-prod.wtrecom.com/images/products/3/LN_622162_BP_3.jpg,https://www.waitrose.com/ecom/products/essential-frozen-cheesecake-blackcurrant/622162-88253-88254,Essential Frozen Cheesecake Blackcurrant,500g,£3.50,70p/100g,,Waitrose Brands
020818,Essential Black Cherries in Light Syrup,G,false,994,https://ecom-su-static-prod.wtrecom.com/images/products/3/LN_020818_BP_3.jpg,https://www.waitrose.com/ecom/products/essential-black-cherries-in-light-syrup/020818-10131-10132,Essential Black Cherries in Light Syrup,drained 213g,£1.45,£6.81/kg,,Waitrose Brands
832593,No.1 Free Range Beech Smoked Streaky Bacon,G,false,995,https://ecom-su-static-prod.wtrecom.com/images/products/3/LN_832593_BP_3.jpg,https://www.waitrose.com/ecom/products/no1-free-range-beech-smoked-streaky-bacon/832593-324894-324895,No.1 Free Range Beech Smoked Streaky Bacon,230g,£4.75,£20.66/kg,,Waitrose Brands
043510,Cooks' Ingredients Cinnamon Sticks,G,false,996,https://ecom-su-static-prod.wtrecom.com/images/products/3/LN_043510_BP_3.jpg,https://www.waitrose.com/ecom/products/cooks-ingredients-cinnamon-sticks/043510-21454-21455,Cooks' Ingredients Cinnamon Sticks,18g,£1.50,83.3p/10g,,Waitrose Brands
559479,Cooks' Ingredients Onion Granules,G,false,997,https://ecom-su-static-prod.wtrecom.com/images/products/3/LN_559479_BP_3.jpg,https://www.waitrose.com/ecom/products/cooks-ingredients-onion-granules/559479-784922-784923,Cooks' Ingredients Onion Granules,45g,£1.60,35.6p/10g,,Waitrose Brands
093698,Cooks' Ingredients Sliced Pancetta,G,true,998,https://ecom-su-static-prod.wtrecom.com/images/products/3/LN_093698_BP_3.jpg,https://www.waitrose.com/ecom/products/cooks-ingredients-sliced-pancetta/093698-48110-48111,Cooks' Ingredients Sliced Pancetta,95g,£3.04,£3.20/100g,20% Off. Was £3.80,Waitrose Brands
589437,Essential Glacé Cherries,G,false,999,https://ecom-su-static-prod.wtrecom.com/images/products/3/LN_589437_BP_3.jpg,https://www.waitrose.com/ecom/products/essential-glace-cherries/589437-260798-260799,Essential Glacé Cherries,200g,£1.75,£8.75/kg,,Waitrose Brands
695510,Essential English Mature Cheddar Cheese Strength 4,G,false,1000,https://ecom-su-static-prod.wtrecom.com/images/products/3/LN_695510_BP_3.jpg,https://www.waitrose.com/ecom/products/essential-english-mature-cheddar-cheese-strength-4/695510-98755-98756,Essential English Mature Cheddar Cheese Strength 4,160g,£1.60,£10/kg,,Waitrose Brands
701268,PlantLiving: Mushroom & Leek Sausages,G,false,1001,https://ecom-su-static-prod.wtrecom.com/images/products/3/LN_701268_BP_3.jpg,https://www.waitrose.com/ecom/products/plantliving-mushroom-leek-sausages/701268-762100-762101,PlantLiving: Mushroom & Leek Sausages,300g,£2.75,£9.17/kg,,Waitrose Brands
844113,"No.1 Extra Mature Cheddar, Wild Garlic & Tomato Quiche",G,true,1002,https://ecom-su-static-prod.wtrecom.com/images/products/3/LN_844113_BP_3.jpg,https://www.waitrose.com/ecom/products/no1-extra-mature-cheddar-wild-garlic-tomato-quiche/844113-827234-827235,"No.1 Extra Mature Cheddar, Wild Garlic & Tomato Quiche",2x145g,£4.00,,Introductory Offer.Will be £5.00,Waitrose Brands
007602,Essential Malt Vinegar,G,false,1003,https://ecom-su-static-prod.wtrecom.com/images/products/3/LN_007602_BP_3.jpg,https://www.waitrose.com/ecom/products/essential-malt-vinegar/007602-3554-3555,Essential Malt Vinegar,568ml,80p,14.1p/100ml,,Waitrose Brands
464242,Cooks' Ingredients Soffritto Mix,G,false,1004,https://ecom-su-static-prod.wtrecom.com/images/products/3/LN_464242_BP_3.jpg,https://www.waitrose.com/ecom/products/cooks-ingredients-soffritto-mix/464242-65417-65418,Cooks' Ingredients Soffritto Mix,400g,£1.45,£3.63/kg,,Waitrose Brands
868180,No.1 Lamb French-Trimmed Rack,G,false,1005,https://ecom-su-static-prod.wtrecom.com/images/products/3/LN_868180_BP_3.jpg,https://www.waitrose.com/ecom/products/no1-lamb-french-trimmed-rack/868180-508011-508012,No.1 Lamb French-Trimmed Rack,Typical weight 0.37kg,£16.13 each est.,£43.99/kg,,Waitrose Brands
871029,Essential Laundry Water Softener Tablets,G,false,1006,https://ecom-su-static-prod.wtrecom.com/images/products/3/LN_871029_BP_3.jpg,https://www.waitrose.com/ecom/products/essential-laundry-water-softener-tablets/871029-298889-298890,Essential Laundry Water Softener Tablets,45s,£5.55,12.3p each,,Waitrose Brands
056867,No.1 Sumatra Mandheling Coffee Beans,G,false,1007,https://ecom-su-static-prod.wtrecom.com/images/products/3/LN_056867_BP_3.jpg,https://www.waitrose.com/ecom/products/no1-sumatra-mandheling-coffee-beans/056867-28551-28552,No.1 Sumatra Mandheling Coffee Beans,227g,£4.00,£1.77/100g,,Waitrose Brands
789407,Cooks' Ingredients Garlic Purée,G,false,1008,https://ecom-su-static-prod.wtrecom.com/images/products/3/LN_789407_BP_3.jpg,https://www.waitrose.com/ecom/products/cooks-ingredients-garlic-puree/789407-672935-672936,Cooks' Ingredients Garlic Purée,100g,£2.10,£2.10/100g,,Waitrose Brands
532723,Duchy Organic Highland All Butter Shortbread,G,false,1009,https://ecom-su-static-prod.wtrecom.com/images/products/3/LN_532723_BP_3.jpg,https://www.waitrose.com/ecom/products/duchy-organic-highland-all-butter-shortbread/532723-75326-75327,Duchy Organic Highland All Butter Shortbread,160g,£2.25,£1.41/100g,,Waitrose Brands
639736,Essential Meat & Fish Selection in Jelly,G,false,1010,https://ecom-su-static-prod.wtrecom.com/images/products/3/LN_639736_BP_3.jpg,https://www.waitrose.com/ecom/products/essential-meat-fish-selection-in-jelly/639736-146655-146655,Essential Meat & Fish Selection in Jelly,6x400g,£4.80,£2/kg,,Waitrose Brands
785215,Essential Plain Fairy Cakes,G,false,1011,https://ecom-su-static-prod.wtrecom.com/images/products/3/LN_785215_BP_3.jpg,https://www.waitrose.com/ecom/products/essential-plain-fairy-cakes/785215-382236-382237,Essential Plain Fairy Cakes,12s,£1.30,10.8p each,,Waitrose Brands
599951,Essential Frozen Chicken Livers,G,false,1012,https://ecom-su-static-prod.wtrecom.com/images/products/3/LN_599951_BP_3.jpg,https://www.waitrose.com/ecom/products/essential-frozen-chicken-livers/599951-85053-85054,Essential Frozen Chicken Livers,250g,80p,£3.20/kg,,Waitrose Brands
086186,Cooks' Ingredients Rosemary Medium Pot,G,false,1013,https://ecom-su-static-prod.wtrecom.com/images/products/3/LN_086186_BP_3.jpg,https://www.waitrose.com/ecom/products/cooks-ingredients-rosemary-medium-pot/086186-44021-44022,Cooks' Ingredients Rosemary Medium Pot,Each,£1.70,£1.70 each,,Waitrose Brands
761159,Waitrose Duchy Wholewheat Penne Pasta,G,false,1014,https://ecom-su-static-prod.wtrecom.com/images/products/3/LN_761159_BP_3.jpg,https://www.waitrose.com/ecom/products/waitrose-duchy-wholewheat-penne-pasta/761159-747548-747549,Waitrose Duchy Wholewheat Penne Pasta,500g,£1.90,£3.80/kg,,Waitrose Brands
033799,Essential British Unsmoked Bacon Lardons,G,false,1015,https://ecom-su-static-prod.wtrecom.com/images/products/3/LN_033799_BP_3.jpg,https://www.waitrose.com/ecom/products/essential-british-unsmoked-bacon-lardons/033799-16931-16932,Essential British Unsmoked Bacon Lardons,200g,£2.75,£13.75/kg,,Waitrose Brands
731177,No.1 Orecchiette,G,false,1016,https://ecom-su-static-prod.wtrecom.com/images/products/3/LN_731177_BP_3.jpg,https://www.waitrose.com/ecom/products/no1-orecchiette/731177-728050-728051,No.1 Orecchiette,500g,£2.75,£5.50/kg,,Waitrose Brands
895590,Cooks' Ingredients Thai Green Paste,G,false,1017,https://ecom-su-static-prod.wtrecom.com/images/products/3/LN_895590_BP_3.jpg,https://www.waitrose.com/ecom/products/cooks-ingredients-thai-green-paste/895590-767333-767334,Cooks' Ingredients Thai Green Paste,190g,£2.50,£1.32/100g,,Waitrose Brands
570622,Essential Cheese & Onion Sandwich,G,true,1018,https://ecom-su-static-prod.wtrecom.com/images/products/3/LN_570622_BP_3.jpg,https://www.waitrose.com/ecom/products/essential-cheese-onion-sandwich/570622-80830-80831,Essential Cheese & Onion Sandwich,each,£1.95,£1.95 each,"£5 Food to Go Meal Deal: Add 1 Main, 1 Snack and 1 Drink",Waitrose Brands
034654,Essential Seafood Sauce,G,false,1019,https://ecom-su-static-prod.wtrecom.com/images/products/3/LN_034654_BP_3.jpg,https://www.waitrose.com/ecom/products/essential-seafood-sauce/034654-17449-17450,Essential Seafood Sauce,285g,£1.15,40.4p/100g,,Waitrose Brands
019855,Essential Chopped Mushrooms in Water,G,false,1020,https://ecom-su-static-prod.wtrecom.com/images/products/3/LN_019855_BP_3.jpg,https://www.waitrose.com/ecom/products/essential-chopped-mushrooms-in-water/019855-427086-9677,Essential Chopped Mushrooms in Water,drained 156g,£1.10,£7.06/kg,,Waitrose Brands
834042,Levantine Table Herby Labneh Yogurt Dip,G,false,1021,https://ecom-su-static-prod.wtrecom.com/images/products/3/LN_834042_BP_3.jpg,https://www.waitrose.com/ecom/products/levantine-table-herby-labneh-yogurt-dip/834042-755691-755692,Levantine Table Herby Labneh Yogurt Dip,180g,£2.40,£1.34/100g,,Waitrose Brands
884234,No.1 Cherry & Almond Tart,G,false,1022,https://ecom-su-static-prod.wtrecom.com/images/products/3/LN_884234_BP_3.jpg,https://www.waitrose.com/ecom/products/no1-cherry-almond-tart/884234-498333-498334,No.1 Cherry & Almond Tart,390g,£6.50,£1.67/100g,,Waitrose Brands
515749,Cooks' Ingredients Ground Black Pepper,G,false,1023,https://ecom-su-static-prod.wtrecom.com/images/products/3/LN_515749_BP_3.jpg,https://www.waitrose.com/ecom/products/cooks-ingredients-ground-black-pepper/515749-784880-784881,Cooks' Ingredients Ground Black Pepper,44g,£1.60,36.4p/10g,,Waitrose Brands
426371,Cooks' Ingredients Frozen Wild Garlic,G,true,1024,https://ecom-su-static-prod.wtrecom.com/images/products/3/LN_426371_BP_3.jpg,https://www.waitrose.com/ecom/products/cooks-ingredients-frozen-wild-garlic/426371-784466-784467,Cooks' Ingredients Frozen Wild Garlic,75g,£1.85,£2.47/100g,Add 2 for £3,Waitrose Brands
760587,Duchy Organic Cocoa Powder,G,false,1025,https://ecom-su-static-prod.wtrecom.com/images/products/3/LN_760587_BP_3.jpg,https://www.waitrose.com/ecom/products/duchy-organic-cocoa-powder/760587-757749-757750,Duchy Organic Cocoa Powder,180g,£3.50,£1.95/100g,,Waitrose Brands
595590,Waitrose PlantLiving Moroccan Style Falafels,G,false,1026,https://ecom-su-static-prod.wtrecom.com/images/products/3/LN_595590_BP_3.jpg,https://www.waitrose.com/ecom/products/waitrose-plantliving-moroccan-style-falafels/595590-704135-704136,Waitrose PlantLiving Moroccan Style Falafels,200g,£2.95,£1.48/100g,,Waitrose Brands
058708,Essential Large Cleaning Cloths,G,false,1027,https://ecom-su-static-prod.wtrecom.com/images/products/3/LN_058708_BP_3.jpg,https://www.waitrose.com/ecom/products/essential-large-cleaning-cloths/058708-29540-29541,Essential Large Cleaning Cloths,5s,£2.50,50p each,,Waitrose Brands
539556,Cooks' Ingredients Frozen Chopped Basil,G,true,1028,https://ecom-su-static-prod.wtrecom.com/images/products/3/LN_539556_BP_3.jpg,https://www.waitrose.com/ecom/products/cooks-ingredients-frozen-chopped-basil/539556-76296-76297,Cooks' Ingredients Frozen Chopped Basil,75g,£1.85,24.7p/10g,Add 2 for £3,Waitrose Brands
051800,Essential Spaghetti Rings,G,false,1029,https://ecom-su-static-prod.wtrecom.com/images/products/3/LN_051800_BP_3.jpg,https://www.waitrose.com/ecom/products/essential-spaghetti-rings/051800-25782-25783,Essential Spaghetti Rings,410g,50p,£1.22/kg,,Waitrose Brands
560062,Waitrose Duchy Four Bean Salad In Water,G,false,1030,https://ecom-su-static-prod.wtrecom.com/images/products/3/LN_560062_BP_3.jpg,https://www.waitrose.com/ecom/products/waitrose-duchy-four-bean-salad-in-water/560062-747674-747675,Waitrose Duchy Four Bean Salad In Water,drained 252g,£1.15,£4.57/kg,,Waitrose Brands
001359,Essential Porridge Oats with Wheatbran,G,false,1031,https://ecom-su-static-prod.wtrecom.com/images/products/3/LN_001359_BP_3.jpg,https://www.waitrose.com/ecom/products/essential-porridge-oats-with-wheatbran/001359-244-245,Essential Porridge Oats with Wheatbran,1kg,£1.40,14p/100g,,Waitrose Brands
859687,Levantine Table Herb Falafels,G,false,1032,https://ecom-su-static-prod.wtrecom.com/images/products/3/LN_859687_BP_3.jpg,https://www.waitrose.com/ecom/products/levantine-table-herb-falafels/859687-755699-755700,Levantine Table Herb Falafels,200g,£3.75,£1.88/100g,,Waitrose Brands
088520,Essential Green Grapes,G,false,1033,https://ecom-su-static-prod.wtrecom.com/images/products/3/LN_088520_BP_3.jpg,https://www.waitrose.com/ecom/products/essential-green-grapes/088520-45445-45446,Essential Green Grapes,,£4.00,per kg,,Waitrose Brands
827166,Cooks' Ingredients Chinese Rice Vinegar,G,false,1034,https://ecom-su-static-prod.wtrecom.com/images/products/3/LN_827166_BP_3.jpg,https://www.waitrose.com/ecom/products/cooks-ingredients-chinese-rice-vinegar/827166-767203-767204,Cooks' Ingredients Chinese Rice Vinegar,150ml,£2.50,£1.67/100ml,,Waitrose Brands
019510,Essential Petits Pois with Baby Carrots,G,false,1035,https://ecom-su-static-prod.wtrecom.com/images/products/3/LN_019510_BP_3.jpg,https://www.waitrose.com/ecom/products/essential-petits-pois-with-baby-carrots/019510-9437-9438,Essential Petits Pois with Baby Carrots,drained 265g,£1.65,£6.23/kg,,Waitrose Brands
668020,Cooks' Ingredients White Miso Paste,G,false,1036,https://ecom-su-static-prod.wtrecom.com/images/products/3/LN_668020_BP_3.jpg,https://www.waitrose.com/ecom/products/cooks-ingredients-white-miso-paste/668020-672715-672716,Cooks' Ingredients White Miso Paste,100g,£2.00,£2/100g,,Waitrose Brands
588926,Cooks' Ingredients Ketjap Manis,G,false,1037,https://ecom-su-static-prod.wtrecom.com/images/products/3/LN_588926_BP_3.jpg,https://www.waitrose.com/ecom/products/cooks-ingredients-ketjap-manis/588926-672549-672550,Cooks' Ingredients Ketjap Manis,200ml,£1.35,67.5p/100ml,,Waitrose Brands
028707,Cooks' Ingredients Stem Ginger in Syrup,G,false,1038,https://ecom-su-static-prod.wtrecom.com/images/products/3/LN_028707_BP_3.jpg,https://www.waitrose.com/ecom/products/cooks-ingredients-stem-ginger-in-syrup/028707-13996-13997,Cooks' Ingredients Stem Ginger in Syrup,drained 190g,£3.25,£17.11/kg,,Waitrose Brands
717520,Essential Caramel Surprise,G,false,1039,https://ecom-su-static-prod.wtrecom.com/images/products/3/LN_717520_BP_3.jpg,https://www.waitrose.com/ecom/products/essential-caramel-surprise/717520-486671-486672,Essential Caramel Surprise,150g,£1.35,90p/100g,,Waitrose Brands
401920,Waitrose Little Runners,G,false,1040,https://ecom-su-static-prod.wtrecom.com/images/products/3/LN_401920_BP_3.jpg,https://www.waitrose.com/ecom/products/waitrose-little-runners/401920-525286-525287,Waitrose Little Runners,200g,£2.25,£11.25/kg,,Waitrose Brands
422145,PlantLiving: Frozen Mushroom & Chestnut Burgers,G,false,1041,https://ecom-su-static-prod.wtrecom.com/images/products/3/LN_422145_BP_3.jpg,https://www.waitrose.com/ecom/products/plantliving-frozen-mushroom-chestnut-burgers/422145-762266-762267,PlantLiving: Frozen Mushroom & Chestnut Burgers,227g,£3.00,£1.33/100g,,Waitrose Brands
867527,Cooks' Ingredients Basil,G,true,1042,https://ecom-su-static-prod.wtrecom.com/images/products/3/LN_867527_BP_3.jpg,https://www.waitrose.com/ecom/products/cooks-ingredients-basil/867527-785256-785257,Cooks' Ingredients Basil,16g,£1.60,£1/10g,Add 2 for £2.75,Waitrose Brands
784017,Japan Menyū Cabbage and Edamame Slaw,G,false,1043,https://ecom-su-static-prod.wtrecom.com/images/products/3/LN_784017_BP_3.jpg,https://www.waitrose.com/ecom/products/japan-meny-cabbage-and-edamame-slaw/784017-811003-811004,Japan Menyū Cabbage and Edamame Slaw,140g,£2.50,£1.79/100g,,Waitrose Brands
632480,Duchy Organic Stem Ginger Shortbread,G,false,1044,https://ecom-su-static-prod.wtrecom.com/images/products/3/LN_632480_BP_3.jpg,https://www.waitrose.com/ecom/products/duchy-organic-stem-ginger-shortbread/632480-89827-89828,Duchy Organic Stem Ginger Shortbread,150g,£2.25,£1.50/100g,,Waitrose Brands
011543,Essential Pineapple Cottage Cheese Strength 1,G,false,1045,https://ecom-su-static-prod.wtrecom.com/images/products/3/LN_011543_BP_3.jpg,https://www.waitrose.com/ecom/products/essential-pineapple-cottage-cheese-strength-1/011543-5728-5729,Essential Pineapple Cottage Cheese Strength 1,300g,£1.40,£4.67/kg,,Waitrose Brands
579538,Cooks' Ingredients Fennel Seeds,G,false,1046,https://ecom-su-static-prod.wtrecom.com/images/products/3/LN_579538_BP_3.jpg,https://www.waitrose.com/ecom/products/cooks-ingredients-fennel-seeds/579538-784942-784943,Cooks' Ingredients Fennel Seeds,33g,£1.60,48.5p/10g,,Waitrose Brands
437843,Essential Dual Action Scourers,G,false,1047,https://ecom-su-static-prod.wtrecom.com/images/products/3/LN_437843_BP_3.jpg,https://www.waitrose.com/ecom/products/essential-dual-action-scourers/437843-229825-229826,Essential Dual Action Scourers,6s,£1.10,18.3p each,,Waitrose Brands
469377,Cooks' Ingredients Cayenne Pepper,G,false,1048,https://ecom-su-static-prod.wtrecom.com/images/products/3/LN_469377_BP_3.jpg,https://www.waitrose.com/ecom/products/cooks-ingredients-cayenne-pepper/469377-784842-784843,Cooks' Ingredients Cayenne Pepper,40g,£1.60,40p/10g,,Waitrose Brands
523852,No. 1 Beemster Dutch Gouda Cheese PDO,G,false,1049,https://ecom-su-static-prod.wtrecom.com/images/products/3/LN_523852_BP_3.jpg,https://www.waitrose.com/ecom/products/no-1-beemster-dutch-gouda-cheese-pdo/523852-497792-497793,No. 1 Beemster Dutch Gouda Cheese PDO,150g,£3.45,£23/kg,,Waitrose Brands
895929,Japan Menyu Chicken Teriyaki Donburi Rice Bowl for 1,G,true,1050,https://ecom-su-static-prod.wtrecom.com/images/products/3/LN_895929_BP_3.jpg,https://www.waitrose.com/ecom/products/japan-menyu-chicken-teriyaki-donburi-rice-bowl-for-1/895929-811082-811083,Japan Menyu Chicken Teriyaki Donburi Rice Bowl for 1,350g,£4.60,£1.32/100g,20% Off. Was £5.75,Waitrose Brands
713195,Japan Menyū Ready to Fill Steamed Buns - 6s,G,true,1051,https://ecom-su-static-prod.wtrecom.com/images/products/3/LN_713195_BP_3.jpg,https://www.waitrose.com/ecom/products/japan-meny-ready-to-fill-steamed-buns-6s/713195-810967-810968,Japan Menyū Ready to Fill Steamed Buns - 6s,168g,£2.20,£1.31/100g,20% Off. Was £2.75,Waitrose Brands
508810,No.1 PDO Perigord Walnut Saucisson Sec,G,false,1052,https://ecom-su-static-prod.wtrecom.com/images/products/3/LN_508810_BP_3.jpg,https://www.waitrose.com/ecom/products/no1-pdo-perigord-walnut-saucisson-sec/508810-704909-704910,No.1 PDO Perigord Walnut Saucisson Sec,170g,£5.60,£3.30/100g,,Waitrose Brands
598724,No.1 Truffle Saucisson Sec,G,false,1053,https://ecom-su-static-prod.wtrecom.com/images/products/3/LN_598724_BP_3.jpg,https://www.waitrose.com/ecom/products/no1-truffle-saucisson-sec/598724-705140-705141,No.1 Truffle Saucisson Sec,170g,£5.60,£3.30/100g,,Waitrose Brands
070883,Essential Flat Pan Scourers,G,false,1054,https://ecom-su-static-prod.wtrecom.com/images/products/3/LN_070883_BP_3.jpg,https://www.waitrose.com/ecom/products/essential-flat-pan-scourers/070883-35933-35934,Essential Flat Pan Scourers,4s,£1.35,33.8p each,,Waitrose Brands
575959,Duchy Organic Blackcurrant Preserve Extra Jam,G,false,1055,https://ecom-su-static-prod.wtrecom.com/images/products/3/LN_575959_BP_3.jpg,https://www.waitrose.com/ecom/products/duchy-organic-blackcurrant-preserve-extra-jam/575959-81612-81613,Duchy Organic Blackcurrant Preserve Extra Jam,340g,£2.80,82.4p/100g,,Waitrose Brands
645944,Cooks' Ingredients Ground White Pepper,G,true,1056,https://ecom-su-static-prod.wtrecom.com/images/products/3/LN_645944_BP_3.jpg,https://www.waitrose.com/ecom/products/cooks-ingredients-ground-white-pepper/645944-785006-785007,Cooks' Ingredients Ground White Pepper,46g,£1.60,34.8p/10g,Add 2 for £2.75,Waitrose Brands
569109,Cooks' Ingredients Tamarind Paste,G,false,1057,https://ecom-su-static-prod.wtrecom.com/images/products/3/LN_569109_BP_3.jpg,https://www.waitrose.com/ecom/products/cooks-ingredients-tamarind-paste/569109-80590-80591,Cooks' Ingredients Tamarind Paste,100g,£2.00,£2/100g,,Waitrose Brands
487299,Cooks' Ingredients Chorizo Crumb,G,true,1058,https://ecom-su-static-prod.wtrecom.com/images/products/3/LN_487299_BP_3.jpg,https://www.waitrose.com/ecom/products/cooks-ingredients-chorizo-crumb/487299-525468-525469,Cooks' Ingredients Chorizo Crumb,120g,£2.56,£2.14/100g,20% Off. Was £3.20,Waitrose Brands
085519,Duchy Organic White Cabbage,G,false,1059,https://ecom-su-static-prod.wtrecom.com/images/products/3/LN_085519_BP_3.jpg,https://www.waitrose.com/ecom/products/duchy-organic-white-cabbage/085519-43604-43605,Duchy Organic White Cabbage,Typical weight 0.69kg,£1.32 each est.,£1.90/kg,,Waitrose Brands
429906,Duchy Organic Stem Ginger Biscuits in Dark Chocolate,G,false,1060,https://ecom-su-static-prod.wtrecom.com/images/products/3/LN_429906_BP_3.jpg,https://www.waitrose.com/ecom/products/duchy-organic-stem-ginger-biscuits-in-dark-chocolate/429906-60485-60486,Duchy Organic Stem Ginger Biscuits in Dark Chocolate,100g,£3.00,£3/100g,,Waitrose Brands
611803,Duchy Organic Frozen Raspberries,G,false,1061,https://ecom-su-static-prod.wtrecom.com/images/products/3/LN_611803_BP_3.jpg,https://www.waitrose.com/ecom/products/duchy-organic-frozen-raspberries/611803-86803-86804,Duchy Organic Frozen Raspberries,200g,£3.80,£19/kg,,Waitrose Brands
088184,Essential Peach,G,false,1062,https://ecom-su-static-prod.wtrecom.com/images/products/3/LN_088184_BP_3.jpg,https://www.waitrose.com/ecom/products/essential-peach/088184-45154-45155,Essential Peach,Each,70p,70p each,,Waitrose Brands
685255,"No.1 Soignon Goat's Cheese, Fig & Caramelised Shallot Quiche",G,true,1063,https://ecom-su-static-prod.wtrecom.com/images/products/3/LN_685255_BP_3.jpg,https://www.waitrose.com/ecom/products/no1-soignon-goats-cheese-fig-caramelised-shallot-quiche/685255-827216-827217,"No.1 Soignon Goat's Cheese, Fig & Caramelised Shallot Quiche",2x144g,£4.00,,Introductory Offer.Will be £5.00,Waitrose Brands
572185,Duchy Organic Peppermint Infusion 25 Tea Bags,G,false,1064,https://ecom-su-static-prod.wtrecom.com/images/products/3/LN_572185_BP_3.jpg,https://www.waitrose.com/ecom/products/duchy-organic-peppermint-infusion-25-tea-bags/572185-300859-300860,Duchy Organic Peppermint Infusion 25 Tea Bags,37.5g,£2.00,£5.34/100g,,Waitrose Brands
694519,Duchy Organic Tomato & Basil Pasta Sauce,G,false,1065,https://ecom-su-static-prod.wtrecom.com/images/products/3/LN_694519_BP_3.jpg,https://www.waitrose.com/ecom/products/duchy-organic-tomato-basil-pasta-sauce/694519-704245-704246,Duchy Organic Tomato & Basil Pasta Sauce,290g,£2.65,91.4p/100g,,Waitrose Brands
016432,No.1 Java Ground Coffee,G,false,1066,https://ecom-su-static-prod.wtrecom.com/images/products/3/LN_016432_BP_3.jpg,https://www.waitrose.com/ecom/products/no1-java-ground-coffee/016432-7874-7875,No.1 Java Ground Coffee,227g,£4.00,£1.77/100g,,Waitrose Brands
006744,Essential Mixed Fruit,G,false,1067,https://ecom-su-static-prod.wtrecom.com/images/products/3/LN_006744_BP_3.jpg,https://www.waitrose.com/ecom/products/essential-mixed-fruit/006744-3011-3012,Essential Mixed Fruit,500g,£1.75,£3.50/kg,,Waitrose Brands
413923,Essential British Diced Lamb Shoulder,G,false,1068,https://ecom-su-static-prod.wtrecom.com/images/products/3/LN_413923_BP_3.jpg,https://www.waitrose.com/ecom/products/essential-british-diced-lamb-shoulder/413923-58248-58249,Essential British Diced Lamb Shoulder,260g,£9.25,£35.58/kg,,Waitrose Brands
842128,Cooks' Ingredients Pomegranate Molasses,G,false,1069,https://ecom-su-static-prod.wtrecom.com/images/products/3/LN_842128_BP_3.jpg,https://www.waitrose.com/ecom/products/cooks-ingredients-pomegranate-molasses/842128-312443-312444,Cooks' Ingredients Pomegranate Molasses,210g,£3.60,£1.72/100g,,Waitrose Brands
019531,Essential Cut Green Beans in Water,G,false,1070,https://ecom-su-static-prod.wtrecom.com/images/products/3/LN_019531_BP_3.jpg,https://www.waitrose.com/ecom/products/essential-cut-green-beans-in-water/019531-9463-9464,Essential Cut Green Beans in Water,drained 205g,£1.20,£5.86/kg,,Waitrose Brands
405048,Cooks' Ingredients Mirin Rice Wine,G,false,1071,https://ecom-su-static-prod.wtrecom.com/images/products/3/LN_405048_BP_3.jpg,https://www.waitrose.com/ecom/products/cooks-ingredients-mirin-rice-wine/405048-766721-766722,Cooks' Ingredients Mirin Rice Wine,150ml,£2.75,£1.84/100ml,,Waitrose Brands
897350,Essential Raspberry Ripple Soft Ice Cream,G,false,1072,https://ecom-su-static-prod.wtrecom.com/images/products/3/LN_897350_BP_3.jpg,https://www.waitrose.com/ecom/products/essential-raspberry-ripple-soft-ice-cream/897350-726078-726079,Essential Raspberry Ripple Soft Ice Cream,2litre,£2.20,11p/100ml,,Waitrose Brands
593735,Cooks Ingredients Goose Fat,G,false,1073,https://ecom-su-static-prod.wtrecom.com/images/products/3/LN_593735_BP_3.jpg,https://www.waitrose.com/ecom/products/cooks-ingredients-goose-fat/593735-84159-84160,Cooks Ingredients Goose Fat,200g,£2.95,£14.75/kg,,Waitrose Brands
876649,Duchy Organic Ground Cinnamon,G,false,1074,https://ecom-su-static-prod.wtrecom.com/images/products/3/LN_876649_BP_3.jpg,https://www.waitrose.com/ecom/products/duchy-organic-ground-cinnamon/876649-785272-785273,Duchy Organic Ground Cinnamon,33g,£1.95,59.1p/10g,,Waitrose Brands
847976,Cooks' Ingredients Mild Chilli Powder,G,true,1075,https://ecom-su-static-prod.wtrecom.com/images/products/3/LN_847976_BP_3.jpg,https://www.waitrose.com/ecom/products/cooks-ingredients-mild-chilli-powder/847976-785216-785217,Cooks' Ingredients Mild Chilli Powder,40g,£1.60,40p/10g,Add 2 for £2.75,Waitrose Brands
795920,Cooks' Ingredients Rosemary,G,true,1076,https://ecom-su-static-prod.wtrecom.com/images/products/3/LN_795920_BP_3.jpg,https://www.waitrose.com/ecom/products/cooks-ingredients-rosemary/795920-785132-785133,Cooks' Ingredients Rosemary,22g,£1.60,72.7p/10g,Add 2 for £2.75,Waitrose Brands
828581,Essential Flexi Toothbrushes,G,false,1077,https://ecom-su-static-prod.wtrecom.com/images/products/3/LN_828581_BP_3.jpg,https://www.waitrose.com/ecom/products/essential-flexi-toothbrushes/828581-403355-403356,Essential Flexi Toothbrushes,2s,£1.00,50p each,,Waitrose Brands
396950,No.1 Castillo Perelada Cava Brut,W,true,1078,https://ecom-su-static-prod.wtrecom.com/images/products/3/LN_396950_BP_3.jpg,https://www.waitrose.com/ecom/products/no1-castillo-perelada-cava-brut/396950-55791-55792,No.1 Castillo Perelada Cava Brut,75cl,£8.99,£8.99/75cl,save £3.00. Was £11.99,Waitrose Brands
757184,Duchy Organic Smooth Peanut Butter,G,false,1079,https://ecom-su-static-prod.wtrecom.com/images/products/3/LN_757184_BP_3.jpg,https://www.waitrose.com/ecom/products/duchy-organic-smooth-peanut-butter/757184-752827-752828,Duchy Organic Smooth Peanut Butter,340g,£2.50,73.5p/100g,,Waitrose Brands
090428,Duchy Organic Whole Grain Rice,G,false,1080,https://ecom-su-static-prod.wtrecom.com/images/products/3/LN_090428_BP_3.jpg,https://www.waitrose.com/ecom/products/duchy-organic-whole-grain-rice/090428-46577-46578,Duchy Organic Whole Grain Rice,500g,£2.35,£4.70/kg,,Waitrose Brands
007189,Essential Cider Vinegar,G,false,1081,https://ecom-su-static-prod.wtrecom.com/images/products/3/LN_007189_BP_3.jpg,https://www.waitrose.com/ecom/products/essential-cider-vinegar/007189-3307-3308,Essential Cider Vinegar,500ml,£2.20,44p/100ml,,Waitrose Brands
831655,Cooks' Ingredients Teriyaki Sauce,G,false,1082,https://ecom-su-static-prod.wtrecom.com/images/products/3/LN_831655_BP_3.jpg,https://www.waitrose.com/ecom/products/cooks-ingredients-teriyaki-sauce/831655-767213-767214,Cooks' Ingredients Teriyaki Sauce,150ml,£2.00,£1.34/100ml,,Waitrose Brands
044556,Duchy Organic British Beef Fillet Steak,G,false,1083,https://ecom-su-static-prod.wtrecom.com/images/products/3/LN_044556_BP_3.jpg,https://www.waitrose.com/ecom/products/duchy-organic-british-beef-fillet-steak/044556-21970-21971,Duchy Organic British Beef Fillet Steak,Typical weight 0.24kg,£12.65 each est.,£52.49/kg,,Waitrose Brands
057945,Essential Tumble Dryer Sheets Fresh Linen,G,false,1084,https://ecom-su-static-prod.wtrecom.com/images/products/3/LN_057945_BP_3.jpg,https://www.waitrose.com/ecom/products/essential-tumble-dryer-sheets-fresh-linen/057945-29082-29083,Essential Tumble Dryer Sheets Fresh Linen,40s,£2.70,6.8p each,,Waitrose Brands
476613,Japan Menyū Chicken Karaage,G,true,1085,https://ecom-su-static-prod.wtrecom.com/images/products/3/LN_476613_BP_3.jpg,https://www.waitrose.com/ecom/products/japan-meny-chicken-karaage/476613-810899-810900,Japan Menyū Chicken Karaage,150g,£3.00,£2/100g,20% Off. Was £3.75,Waitrose Brands
086115,Cooks' Ingredients Bay Leaf,G,false,1086,https://ecom-su-static-prod.wtrecom.com/images/products/3/LN_086115_BP_3.jpg,https://www.waitrose.com/ecom/products/cooks-ingredients-bay-leaf/086115-43943-43944,Cooks' Ingredients Bay Leaf,10s,75p,7.5p each,,Waitrose Brands
088961,Duchy Organic Easy Peelers,G,false,1087,https://ecom-su-static-prod.wtrecom.com/images/products/3/LN_088961_BP_3.jpg,https://www.waitrose.com/ecom/products/duchy-organic-easy-peelers/088961-427087-45734,Duchy Organic Easy Peelers,600g,£2.50,£4.17/kg,,Waitrose Brands
721936,Cooks' Ingredients Blush Himalayan Salt,G,false,1088,https://ecom-su-static-prod.wtrecom.com/images/products/3/LN_721936_BP_3.jpg,https://www.waitrose.com/ecom/products/cooks-ingredients-blush-himalayan-salt/721936-672813-672814,Cooks' Ingredients Blush Himalayan Salt,95g,£3.00,£31.58/kg,,Waitrose Brands
019619,Essential Baby Carrots in Water,G,false,1089,https://ecom-su-static-prod.wtrecom.com/images/products/3/LN_019619_BP_3.jpg,https://www.waitrose.com/ecom/products/essential-baby-carrots-in-water/019619-9526-9527,Essential Baby Carrots in Water,drained 265g,85p,£3.21/kg,,Waitrose Brands
566273,Essential Sensitive Bath,G,false,1090,https://ecom-su-static-prod.wtrecom.com/images/products/3/LN_566273_BP_3.jpg,https://www.waitrose.com/ecom/products/essential-sensitive-bath/566273-504189-504190,Essential Sensitive Bath,750ml,£1.25,16.7p/100ml,,Waitrose Brands
605429,Cooks' Ingredients Parsley,G,false,1091,https://ecom-su-static-prod.wtrecom.com/images/products/3/LN_605429_BP_3.jpg,https://www.waitrose.com/ecom/products/cooks-ingredients-parsley/605429-784968-784969,Cooks' Ingredients Parsley,10g,£1.60,£1.60/10g,,Waitrose Brands
061889,Essential Semolina,G,false,1092,https://ecom-su-static-prod.wtrecom.com/images/products/3/LN_061889_BP_3.jpg,https://www.waitrose.com/ecom/products/essential-semolina/061889-31369-31370,Essential Semolina,500g,£1.50,£3/kg,,Waitrose Brands
785853,Essential Squeezy Mayonnaise,G,false,1093,https://ecom-su-static-prod.wtrecom.com/images/products/3/LN_785853_BP_3.jpg,https://www.waitrose.com/ecom/products/essential-squeezy-mayonnaise/785853-203310-203311,Essential Squeezy Mayonnaise,500ml,£1.40,,,Waitrose Brands
850210,Duchy Organic Whole Halkidiki Olives,G,true,1094,https://ecom-su-static-prod.wtrecom.com/images/products/3/LN_850210_BP_3.jpg,https://www.waitrose.com/ecom/products/duchy-organic-whole-halkidiki-olives/850210-747666-747667,Duchy Organic Whole Halkidiki Olives,drained 165g,£2.40,£1.46/100g,25% Off. Was £3.25,Waitrose Brands
079999,No1 Organic Fairtrade Peru Decaf Coffee Beans,G,false,1095,https://ecom-su-static-prod.wtrecom.com/images/products/3/LN_079999_BP_3.jpg,https://www.waitrose.com/ecom/products/no1-organic-fairtrade-peru-decaf-coffee-beans/079999-40695-40696,No1 Organic Fairtrade Peru Decaf Coffee Beans,227g,£4.00,£1.77/100g,,Waitrose Brands
056030,No. 1 Moody's Rosary Ash Soft Cheese Strength 2,G,false,1096,https://ecom-su-static-prod.wtrecom.com/images/products/3/LN_056030_BP_3.jpg,https://www.waitrose.com/ecom/products/no-1-moodys-rosary-ash-soft-cheese-strength-2/056030-28079-28080,No. 1 Moody's Rosary Ash Soft Cheese Strength 2,100g,£4.00,£40/kg,,Waitrose Brands
542999,Duchy Organic Spanish Extra Virgin Olive Oil,G,false,1097,https://ecom-su-static-prod.wtrecom.com/images/products/3/LN_542999_BP_3.jpg,https://www.waitrose.com/ecom/products/duchy-organic-spanish-extra-virgin-olive-oil/542999-747422-747423,Duchy Organic Spanish Extra Virgin Olive Oil,500ml,£7.95,£1.59/100ml,,Waitrose Brands
651711,No.1 Milk Chocolate with Feuilletine & Salt,G,false,1098,https://ecom-su-static-prod.wtrecom.com/images/products/3/LN_651711_BP_3.jpg,https://www.waitrose.com/ecom/products/no1-milk-chocolate-with-feuilletine-salt/651711-706934-706935,No.1 Milk Chocolate with Feuilletine & Salt,100g,£2.25,£2.25/100g,,Waitrose Brands
461285,Cooks' Ingredients Chargrilled Peppers in Oil,G,false,1099,https://ecom-su-static-prod.wtrecom.com/images/products/3/LN_461285_BP_3.jpg,https://www.waitrose.com/ecom/products/cooks-ingredients-chargrilled-peppers-in-oil/461285-672301-672302,Cooks' Ingredients Chargrilled Peppers in Oil,drained 170g,£3.50,£2.06/100g,,Waitrose Brands
066141,Duchy Organic British Beef Rump Steak,G,false,1100,https://ecom-su-static-prod.wtrecom.com/images/products/3/LN_066141_BP_3.jpg,https://www.waitrose.com/ecom/products/duchy-organic-british-beef-rump-steak/066141-33502-33503,Duchy Organic British Beef Rump Steak,Typical weight 0.22kg,£6.69 each est.,£30.00/kg,,Waitrose Brands
424592,Cooks' Ingredients White Chocolate Chips,G,false,1101,https://ecom-su-static-prod.wtrecom.com/images/products/3/LN_424592_BP_3.jpg,https://www.waitrose.com/ecom/products/cooks-ingredients-white-chocolate-chips/424592-672237-672238,Cooks' Ingredients White Chocolate Chips,100g,£1.50,£1.50/100g,,Waitrose Brands
422260,Essential Thick Sponge Wipes,G,false,1102,https://ecom-su-static-prod.wtrecom.com/images/products/3/LN_422260_BP_3.jpg,https://www.waitrose.com/ecom/products/essential-thick-sponge-wipes/422260-482313-482314,Essential Thick Sponge Wipes,5s,£1.90,38p each,,Waitrose Brands
826074,Essential MSC Tuna Chunks in Brine,G,false,1103,https://ecom-su-static-prod.wtrecom.com/images/products/3/LN_826074_BP_3.jpg,https://www.waitrose.com/ecom/products/essential-msc-tuna-chunks-in-brine/826074-728774-728775,Essential MSC Tuna Chunks in Brine,drained 112g,£1.25,£1.12/100g,,Waitrose Brands
701301,Essential Daily Care Shampoo,G,false,1104,https://ecom-su-static-prod.wtrecom.com/images/products/3/LN_701301_BP_3.jpg,https://www.waitrose.com/ecom/products/essential-daily-care-shampoo/701301-99532-99533,Essential Daily Care Shampoo,300ml,£1.75,58.3p/100ml,,Waitrose Brands
405727,Duchy Organic Original Oaten Biscuits,G,false,1105,https://ecom-su-static-prod.wtrecom.com/images/products/3/LN_405727_BP_3.jpg,https://www.waitrose.com/ecom/products/duchy-organic-original-oaten-biscuits/405727-57091-57092,Duchy Organic Original Oaten Biscuits,150g,£2.25,£1.50/100g,,Waitrose Brands
829078,No.1 Salted Caramel & Belgian Chocolate Tart,G,false,1106,https://ecom-su-static-prod.wtrecom.com/images/products/3/LN_829078_BP_3.jpg,https://www.waitrose.com/ecom/products/no1-salted-caramel-belgian-chocolate-tart/829078-498216-498217,No.1 Salted Caramel & Belgian Chocolate Tart,520g,£6.50,£1.25/100g,,Waitrose Brands
452301,PlantLiving: Tikka Masala with Vegetables & Cashews for 1,G,false,1107,https://ecom-su-static-prod.wtrecom.com/images/products/3/LN_452301_BP_3.jpg,https://www.waitrose.com/ecom/products/plantliving-tikka-masala-with-vegetables-cashews-for-1/452301-762640-762641,PlantLiving: Tikka Masala with Vegetables & Cashews for 1,380g,£4.00,£10.53/kg,,Waitrose Brands
883826,Duchy Organic Camomile Infusion 25 Tea Bags,G,false,1108,https://ecom-su-static-prod.wtrecom.com/images/products/3/LN_883826_BP_3.jpg,https://www.waitrose.com/ecom/products/duchy-organic-camomile-infusion-25-tea-bags/883826-302819-302820,Duchy Organic Camomile Infusion 25 Tea Bags,37.5g,£2.00,£5.34/100g,,Waitrose Brands
635208,Cooks' Ingredients Chives,G,true,1109,https://ecom-su-static-prod.wtrecom.com/images/products/3/LN_635208_BP_3.jpg,https://www.waitrose.com/ecom/products/cooks-ingredients-chives/635208-784992-784993,Cooks' Ingredients Chives,6.5g,£1.60,£2.47/10g,Add 2 for £2.75,Waitrose Brands
099005,No.1 Free Range Unsmoked English Gammon,G,false,1110,https://ecom-su-static-prod.wtrecom.com/images/products/3/LN_099005_BP_3.jpg,https://www.waitrose.com/ecom/products/no1-free-range-unsmoked-english-gammon/099005-50469-50470,No.1 Free Range Unsmoked English Gammon,Typical weight 0.9kg,£14.02 each est.,£15.50/kg,,Waitrose Brands
782908,No.1 Free Range Unsmoked Streaky Bacon,G,false,1111,https://ecom-su-static-prod.wtrecom.com/images/products/3/LN_782908_BP_3.jpg,https://www.waitrose.com/ecom/products/no1-free-range-unsmoked-streaky-bacon/782908-111408-111409,No.1 Free Range Unsmoked Streaky Bacon,230g,£4.75,£20.66/kg,,Waitrose Brands
872586,No.1 Coffee & Caramel Cake,G,false,1112,https://ecom-su-static-prod.wtrecom.com/images/products/3/LN_872586_BP_3.jpg,https://www.waitrose.com/ecom/products/no1-coffee-caramel-cake/872586-703629-703630,No.1 Coffee & Caramel Cake,Each,£6.50,£6.50 each,,Waitrose Brands
520168,Waitrose Duchy Organic Pine Kernels,G,false,1113,https://ecom-su-static-prod.wtrecom.com/images/products/3/LN_520168_BP_3.jpg,https://www.waitrose.com/ecom/products/waitrose-duchy-organic-pine-kernels/520168-753759-753760,Waitrose Duchy Organic Pine Kernels,100g,£4.95,£4.95/100g,,Waitrose Brands
725998,No. 1 Goats Milk Gouda Cheese,G,false,1114,https://ecom-su-static-prod.wtrecom.com/images/products/3/LN_725998_BP_3.jpg,https://www.waitrose.com/ecom/products/no-1-goats-milk-gouda-cheese/725998-629536-629537,No. 1 Goats Milk Gouda Cheese,Typical weight 200g,£4.60 each est.,£2.30/100g,,Waitrose Brands
058055,Essential Sugar Free Bitter Lemon,G,false,1115,https://ecom-su-static-prod.wtrecom.com/images/products/3/LN_058055_BP_3.jpg,https://www.waitrose.com/ecom/products/essential-sugar-free-bitter-lemon/058055-29148-29149,Essential Sugar Free Bitter Lemon,1litre,85p,8.5p/100ml,,Waitrose Brands
884579,Cooks' Ingredients Garam Masala,G,true,1116,https://ecom-su-static-prod.wtrecom.com/images/products/3/LN_884579_BP_3.jpg,https://www.waitrose.com/ecom/products/cooks-ingredients-garam-masala/884579-785290-785291,Cooks' Ingredients Garam Masala,38g,£1.60,42.1p/10g,Add 2 for £2.75,Waitrose Brands
695728,Cooks' Ingredients Deep South Cajun Rub,G,false,1117,https://ecom-su-static-prod.wtrecom.com/images/products/3/LN_695728_BP_3.jpg,https://www.waitrose.com/ecom/products/cooks-ingredients-deep-south-cajun-rub/695728-457170-457171,Cooks' Ingredients Deep South Cajun Rub,40g,£2.00,50p/10g,,Waitrose Brands
838387,Duchy Organic 2 Frozen Scottish Salmon Fillets,G,false,1118,https://ecom-su-static-prod.wtrecom.com/images/products/3/LN_838387_BP_3.jpg,https://www.waitrose.com/ecom/products/duchy-organic-2-frozen-scottish-salmon-fillets/838387-755593-755594,Duchy Organic 2 Frozen Scottish Salmon Fillets,280g,£9.00,£32.15/kg,,Waitrose Brands
803420,Essential Meat Selection in Jelly & Gravy,G,false,1119,https://ecom-su-static-prod.wtrecom.com/images/products/3/LN_803420_BP_3.jpg,https://www.waitrose.com/ecom/products/essential-meat-selection-in-jelly-gravy/803420-175327-175327,Essential Meat Selection in Jelly & Gravy,12x100g,£3.80,£3.17/kg,,Waitrose Brands
818774,Duchy Organic Parmigiano Reggiano DOP Shaved Parmesan Cheese Strength 6,G,true,1120,https://ecom-su-static-prod.wtrecom.com/images/products/3/LN_818774_BP_3.jpg,https://www.waitrose.com/ecom/products/duchy-organic-parmigiano-reggiano-dop-shaved-parmesan-cheese-strength-6/818774-756149-756150,Duchy Organic Parmigiano Reggiano DOP Shaved Parmesan Cheese Strength 6,80g,£2.32,£29/kg,20% Off. Was £2.90,Waitrose Brands
843662,Essential Descaler Powder,G,false,1121,https://ecom-su-static-prod.wtrecom.com/images/products/3/LN_843662_BP_3.jpg,https://www.waitrose.com/ecom/products/essential-descaler-powder/843662-366029-366030,Essential Descaler Powder,250g,£2.60,£10.40/kg,,Waitrose Brands
550478,Duchy Organic Instant Coffee,G,false,1122,https://ecom-su-static-prod.wtrecom.com/images/products/3/LN_550478_BP_3.jpg,https://www.waitrose.com/ecom/products/duchy-organic-instant-coffee/550478-716365-716366,Duchy Organic Instant Coffee,100g,£4.00,£4/100g,,Waitrose Brands
768944,Cooks' Ingredients Breadcrumbs,G,false,1123,https://ecom-su-static-prod.wtrecom.com/images/products/3/LN_768944_BP_3.jpg,https://www.waitrose.com/ecom/products/cooks-ingredients-breadcrumbs/768944-785108-785109,Cooks' Ingredients Breadcrumbs,125g,£1.30,£1.04/100g,,Waitrose Brands
818810,Duchy Organic English Breakfast 25 Tea Bags,G,false,1124,https://ecom-su-static-prod.wtrecom.com/images/products/3/LN_818810_BP_3.jpg,https://www.waitrose.com/ecom/products/duchy-organic-english-breakfast-25-tea-bags/818810-302009-302010,Duchy Organic English Breakfast 25 Tea Bags,62.5g,£2.00,£3.20/100g,,Waitrose Brands
662499,Waitrose Duchy Organic Brazil Nuts,G,false,1125,https://ecom-su-static-prod.wtrecom.com/images/products/3/LN_662499_BP_3.jpg,https://www.waitrose.com/ecom/products/waitrose-duchy-organic-brazil-nuts/662499-754329-754330,Waitrose Duchy Organic Brazil Nuts,150g,£3.50,£2.34/100g,,Waitrose Brands
851549,Cooks' Ingredients Herby Zaatar,G,false,1126,https://ecom-su-static-prod.wtrecom.com/images/products/3/LN_851549_BP_3.jpg,https://www.waitrose.com/ecom/products/cooks-ingredients-herby-zaatar/851549-312453-312454,Cooks' Ingredients Herby Zaatar,45g,£3.00,66.7p/10g,,Waitrose Brands
500775,Duchy Organic Mixed Seeds,G,false,1127,https://ecom-su-static-prod.wtrecom.com/images/products/3/LN_500775_BP_3.jpg,https://www.waitrose.com/ecom/products/duchy-organic-mixed-seeds/500775-753709-753710,Duchy Organic Mixed Seeds,150g,£2.00,£13.34/kg,,Waitrose Brands
746489,Cooks' Ingredients White Chocolate,G,false,1128,https://ecom-su-static-prod.wtrecom.com/images/products/3/LN_746489_BP_3.jpg,https://www.waitrose.com/ecom/products/cooks-ingredients-white-chocolate/746489-752659-752660,Cooks' Ingredients White Chocolate,180g,£2.00,£11.12/kg,,Waitrose Brands
811084,PlantLiving: 4 Frozen Bean Burgers,G,false,1129,https://ecom-su-static-prod.wtrecom.com/images/products/3/LN_811084_BP_3.jpg,https://www.waitrose.com/ecom/products/plantliving-4-frozen-bean-burgers/811084-762534-762535,PlantLiving: 4 Frozen Bean Burgers,454g,£2.40,£5.29/kg,,Waitrose Brands
033219,Cooks' Ingredients Trifle Sponges,G,false,1130,https://ecom-su-static-prod.wtrecom.com/images/products/3/LN_033219_BP_3.jpg,https://www.waitrose.com/ecom/products/cooks-ingredients-trifle-sponges/033219-16437-16438,Cooks' Ingredients Trifle Sponges,8s,£1.45,18.1p each,,Waitrose Brands
889511,No.1 Lungo Coffee Capsules 10s,G,false,1131,https://ecom-su-static-prod.wtrecom.com/images/products/3/LN_889511_BP_3.jpg,https://www.waitrose.com/ecom/products/no1-lungo-coffee-capsules-10s/889511-720005-720006,No.1 Lungo Coffee Capsules 10s,54g,£3.25,£6.02/100g,,Waitrose Brands
078737,No. 1 Berthaut's Epoisses AOP French Soft Cheese Strength 6,G,false,1132,https://ecom-su-static-prod.wtrecom.com/images/products/3/LN_078737_BP_3.jpg,https://www.waitrose.com/ecom/products/no-1-berthauts-epoisses-aop-french-soft-cheese-strength-6/078737-40087-40088,No. 1 Berthaut's Epoisses AOP French Soft Cheese Strength 6,250g,£7.25,£29/kg,,Waitrose Brands
005228,No.1 Kenya AA Coffee Beans,G,false,1133,https://ecom-su-static-prod.wtrecom.com/images/products/3/LN_005228_BP_3.jpg,https://www.waitrose.com/ecom/products/no1-kenya-aa-coffee-beans/005228-2253-2254,No.1 Kenya AA Coffee Beans,227g,£4.00,£1.77/100g,,Waitrose Brands
098098,Essential Large Cotton Dusters,G,false,1134,https://ecom-su-static-prod.wtrecom.com/images/products/3/LN_098098_BP_3.jpg,https://www.waitrose.com/ecom/products/essential-large-cotton-dusters/098098-50031-50032,Essential Large Cotton Dusters,3s,£1.65,55p each,,Waitrose Brands
779940,Cooks' Ingredients Garlic Salt,G,true,1135,https://ecom-su-static-prod.wtrecom.com/images/products/3/LN_779940_BP_3.jpg,https://www.waitrose.com/ecom/products/cooks-ingredients-garlic-salt/779940-785116-785117,Cooks' Ingredients Garlic Salt,85g,£1.60,18.8p/10g,Add 2 for £2.75,Waitrose Brands
021658,Essential Laundry Water Softener Gel,G,false,1136,https://ecom-su-static-prod.wtrecom.com/images/products/3/LN_021658_BP_3.jpg,https://www.waitrose.com/ecom/products/essential-laundry-water-softener-gel/021658-10572-10573,Essential Laundry Water Softener Gel,750ml,£3.75,£5/litre,,Waitrose Brands
897482,Duchy Organic Free Range British Pork Chops,G,false,1137,https://ecom-su-static-prod.wtrecom.com/images/products/3/LN_897482_BP_3.jpg,https://www.waitrose.com/ecom/products/duchy-organic-free-range-british-pork-chops/897482-389308-389309,Duchy Organic Free Range British Pork Chops,Typical weight 0.37kg,£5.02 each est.,£13.75/kg,,Waitrose Brands
062531,Essential Chicken & Vegetable Soup in a Cup,G,false,1138,https://ecom-su-static-prod.wtrecom.com/images/products/3/LN_062531_BP_3.jpg,https://www.waitrose.com/ecom/products/essential-chicken-vegetable-soup-in-a-cup/062531-31757-31758,Essential Chicken & Vegetable Soup in a Cup,4x18g,90p,£1.25/100g,,Waitrose Brands
804627,Cooks' Ingredients Medium Curry Powder,G,true,1139,https://ecom-su-static-prod.wtrecom.com/images/products/3/LN_804627_BP_3.jpg,https://www.waitrose.com/ecom/products/cooks-ingredients-medium-curry-powder/804627-785148-785149,Cooks' Ingredients Medium Curry Powder,40g,£1.60,40p/10g,Add 2 for £2.75,Waitrose Brands
017217,No.1 Ethiopia Sidamo Ground Coffee,G,false,1140,https://ecom-su-static-prod.wtrecom.com/images/products/3/LN_017217_BP_3.jpg,https://www.waitrose.com/ecom/products/no1-ethiopia-sidamo-ground-coffee/017217-8310-8311,No.1 Ethiopia Sidamo Ground Coffee,227g,£4.00,£1.77/100g,,Waitrose Brands
616809,No.1 Frozen Tarte aux Fruits,G,false,1141,https://ecom-su-static-prod.wtrecom.com/images/products/3/LN_616809_BP_3.jpg,https://www.waitrose.com/ecom/products/no1-frozen-tarte-aux-fruits/616809-287988-287989,No.1 Frozen Tarte aux Fruits,665g,£6.50,97.7p/100g,,Waitrose Brands
438779,Cooks' Ingredients Mixed Herbs,G,false,1142,https://ecom-su-static-prod.wtrecom.com/images/products/3/LN_438779_BP_3.jpg,https://www.waitrose.com/ecom/products/cooks-ingredients-mixed-herbs/438779-784808-784809,Cooks' Ingredients Mixed Herbs,30g,£2.10,70p/10g,,Waitrose Brands
006223,Duchy Organic Stoneground Wholemeal Plain Flour,G,false,1143,https://ecom-su-static-prod.wtrecom.com/images/products/3/LN_006223_BP_3.jpg,https://www.waitrose.com/ecom/products/duchy-organic-stoneground-wholemeal-plain-flour/006223-2742-2743,Duchy Organic Stoneground Wholemeal Plain Flour,1.5kg,£2.40,£1.60/kg,,Waitrose Brands
580274,Cooks' Ingredients Crystallised Ginger,G,false,1144,https://ecom-su-static-prod.wtrecom.com/images/products/3/LN_580274_BP_3.jpg,https://www.waitrose.com/ecom/products/cooks-ingredients-crystallised-ginger/580274-82244-82245,Cooks' Ingredients Crystallised Ginger,200g,£2.65,£13.25/kg,,Waitrose Brands
559320,Cooks' Ingredients Frozen Chopped Chillies,G,true,1145,https://ecom-su-static-prod.wtrecom.com/images/products/3/LN_559320_BP_3.jpg,https://www.waitrose.com/ecom/products/cooks-ingredients-frozen-chopped-chillies/559320-784498-784499,Cooks' Ingredients Frozen Chopped Chillies,75g,£1.85,£2.47/100g,Add 2 for £3,Waitrose Brands
001932,Duchy Organic British Lamb Cutlets,G,false,1146,https://ecom-su-static-prod.wtrecom.com/images/products/3/LN_001932_BP_3.jpg,https://www.waitrose.com/ecom/products/duchy-organic-british-lamb-cutlets/001932-425747-482,Duchy Organic British Lamb Cutlets,Typical weight 0.42kg,£12.72 each est.,£30.00/kg,,Waitrose Brands
862959,PlantLiving: 4 Frozen Crunchy Vegetable Crispbakes,G,false,1147,https://ecom-su-static-prod.wtrecom.com/images/products/3/LN_862959_BP_3.jpg,https://www.waitrose.com/ecom/products/plantliving-4-frozen-crunchy-vegetable-crispbakes/862959-762596-762597,PlantLiving: 4 Frozen Crunchy Vegetable Crispbakes,454g,£2.50,£5.51/kg,,Waitrose Brands
004655,Essential Wholenut Peanut Butter,G,false,1148,https://ecom-su-static-prod.wtrecom.com/images/products/3/LN_004655_BP_3.jpg,https://www.waitrose.com/ecom/products/essential-wholenut-peanut-butter/004655-1991-1992,Essential Wholenut Peanut Butter,340g,£1.80,52.9p/100g,,Waitrose Brands
391811,Essential Medium Cheddar Cheese Strength 3 Small,G,false,1149,https://ecom-su-static-prod.wtrecom.com/images/products/3/LN_391811_BP_3.jpg,https://www.waitrose.com/ecom/products/essential-medium-cheddar-cheese-strength-3-small/391811-55079-55080,Essential Medium Cheddar Cheese Strength 3 Small,160g,£1.60,£10/kg,,Waitrose Brands
051616,Essential Creamed Vegetable Soup in a Cup,G,false,1150,https://ecom-su-static-prod.wtrecom.com/images/products/3/LN_051616_BP_3.jpg,https://www.waitrose.com/ecom/products/essential-creamed-vegetable-soup-in-a-cup/051616-25684-25685,Essential Creamed Vegetable Soup in a Cup,4x18g,90p,£1.25/100g,,Waitrose Brands
067710,Duchy Organic Chicken Livers,G,false,1151,https://ecom-su-static-prod.wtrecom.com/images/products/3/LN_067710_BP_3.jpg,https://www.waitrose.com/ecom/products/duchy-organic-chicken-livers/067710-34373-34374,Duchy Organic Chicken Livers,400g,£3.00,£7.50/kg,,Waitrose Brands
489546,Cooks' Ingredients Cardamom Pods,G,false,1152,https://ecom-su-static-prod.wtrecom.com/images/products/3/LN_489546_BP_3.jpg,https://www.waitrose.com/ecom/products/cooks-ingredients-cardamom-pods/489546-784856-784857,Cooks' Ingredients Cardamom Pods,25g,£2.10,84p/10g,,Waitrose Brands
515328,Cooks' Ingredients Medium Curry Powder,G,false,1153,https://ecom-su-static-prod.wtrecom.com/images/products/3/LN_515328_BP_3.jpg,https://www.waitrose.com/ecom/products/cooks-ingredients-medium-curry-powder/515328-784878-784879,Cooks' Ingredients Medium Curry Powder,95g,£2.10,22.1p/10g,,Waitrose Brands
856247,No.1 Coffee Shortbread,G,false,1154,https://ecom-su-static-prod.wtrecom.com/images/products/3/LN_856247_BP_3.jpg,https://www.waitrose.com/ecom/products/no1-coffee-shortbread/856247-280819-280820,No.1 Coffee Shortbread,135g,£2.75,£2.04/100g,,Waitrose Brands
457205,Levantine Table Pomegranate & Lime Pressé,G,true,1155,https://ecom-su-static-prod.wtrecom.com/images/products/3/LN_457205_BP_3.jpg,https://www.waitrose.com/ecom/products/levantine-table-pomegranate-lime-presse/457205-755813-755814,Levantine Table Pomegranate & Lime Pressé,750ml,£1.90,25.3p/100ml,save 75p. Was £2.65,Waitrose Brands
498013,No.1 Frozen Halibut Fillets,G,false,1156,https://ecom-su-static-prod.wtrecom.com/images/products/3/LN_498013_BP_3.jpg,https://www.waitrose.com/ecom/products/no1-frozen-halibut-fillets/498013-679259-679260,No.1 Frozen Halibut Fillets,280g,£10.60,£37.86/kg,,Waitrose Brands
083697,Cooks' Ingredients Tomato Paste,G,false,1157,https://ecom-su-static-prod.wtrecom.com/images/products/3/LN_083697_BP_3.jpg,https://www.waitrose.com/ecom/products/cooks-ingredients-tomato-paste/083697-42483-42484,Cooks' Ingredients Tomato Paste,180g,£2.50,£1.39/100g,,Waitrose Brands
897708,No.1 Roasted Pepper & Almond Pesto,G,true,1158,https://ecom-su-static-prod.wtrecom.com/images/products/3/LN_897708_BP_3.jpg,https://www.waitrose.com/ecom/products/no1-roasted-pepper-almond-pesto/897708-711354-711355,No.1 Roasted Pepper & Almond Pesto,190g,£2.40,£1.27/100g,25% Off. Was £3.25,Waitrose Brands
749702,Essential Medium Grated Cheddar Cheese Strength 3 Large,G,false,1159,https://ecom-su-static-prod.wtrecom.com/images/products/3/LN_749702_BP_3.jpg,https://www.waitrose.com/ecom/products/essential-medium-grated-cheddar-cheese-strength-3-large/749702-106616-106617,Essential Medium Grated Cheddar Cheese Strength 3 Large,500g,£4.40,£8.80/kg,,Waitrose Brands
421665,Duchy Organic British Quinoa,G,false,1160,https://ecom-su-static-prod.wtrecom.com/images/products/3/LN_421665_BP_3.jpg,https://www.waitrose.com/ecom/products/duchy-organic-british-quinoa/421665-524159-524160,Duchy Organic British Quinoa,375g,£3.75,£10/kg,,Waitrose Brands
627553,Cooks' Ingredients 'Nduja,G,true,1161,https://ecom-su-static-prod.wtrecom.com/images/products/3/LN_627553_BP_3.jpg,https://www.waitrose.com/ecom/products/cooks-ingredients-nduja/627553-737795-737796,Cooks' Ingredients 'Nduja,2x40g,£2.80,£3.50/100g,20% Off. Was £3.50,Waitrose Brands
732621,Cooks' Ingredients Curry Leaves,G,false,1162,https://ecom-su-static-prod.wtrecom.com/images/products/3/LN_732621_BP_3.jpg,https://www.waitrose.com/ecom/products/cooks-ingredients-curry-leaves/732621-673404-673405,Cooks' Ingredients Curry Leaves,3s,£1.25,41.7p each,,Waitrose Brands
886596,Duchy Organic Lasagne,G,false,1163,https://ecom-su-static-prod.wtrecom.com/images/products/3/LN_886596_BP_3.jpg,https://www.waitrose.com/ecom/products/duchy-organic-lasagne/886596-747648-747649,Duchy Organic Lasagne,375g,£1.90,£5.07/kg,,Waitrose Brands
662257,Essential Egg Mayo Sandwich,G,true,1164,https://ecom-su-static-prod.wtrecom.com/images/products/3/LN_662257_BP_3.jpg,https://www.waitrose.com/ecom/products/essential-egg-mayo-sandwich/662257-94016-94017,Essential Egg Mayo Sandwich,each,£1.95,£1.95 each,"£5 Food to Go Meal Deal: Add 1 Main, 1 Snack and 1 Drink",Waitrose Brands
024505,Duchy Organic Long Grain Rice,G,false,1165,https://ecom-su-static-prod.wtrecom.com/images/products/3/LN_024505_BP_3.jpg,https://www.waitrose.com/ecom/products/duchy-organic-long-grain-rice/024505-11880-11881,Duchy Organic Long Grain Rice,500g,£2.35,£4.70/kg,,Waitrose Brands
741435,No.1 Vina Lorea Reserva Rioja,W,false,1166,https://ecom-su-static-prod.wtrecom.com/images/products/3/LN_741435_BP_3.jpg,https://www.waitrose.com/ecom/products/no1-vina-lorea-reserva-rioja/741435-706581-706582,No.1 Vina Lorea Reserva Rioja,75cl,£13.99,£13.99/75cl,,Waitrose Brands
627056,Levantine Table 4 Almond & Orange Cupcakes,G,false,1167,https://ecom-su-static-prod.wtrecom.com/images/products/3/LN_627056_BP_3.jpg,https://www.waitrose.com/ecom/products/levantine-table-4-almond-orange-cupcakes/627056-746445-746446,Levantine Table 4 Almond & Orange Cupcakes,4s,£3.25,81.3p each,,Waitrose Brands
633819,No.1 Trofie,G,false,1168,https://ecom-su-static-prod.wtrecom.com/images/products/3/LN_633819_BP_3.jpg,https://www.waitrose.com/ecom/products/no1-trofie/633819-728034-728035,No.1 Trofie,500g,£2.75,£5.50/kg,,Waitrose Brands
402954,Waitrose PlantLiving Rainbow Vegetable Fritters,G,false,1169,https://ecom-su-static-prod.wtrecom.com/images/products/3/LN_402954_BP_3.jpg,https://www.waitrose.com/ecom/products/waitrose-plantliving-rainbow-vegetable-fritters/402954-762638-762639,Waitrose PlantLiving Rainbow Vegetable Fritters,168g,£3.10,£18.46/kg,,Waitrose Brands
886608,PlantLiving: 2 Frozen Crisp-Crumbed Seitan Slices,G,false,1170,https://ecom-su-static-prod.wtrecom.com/images/products/3/LN_886608_BP_3.jpg,https://www.waitrose.com/ecom/products/plantliving-2-frozen-crisp-crumbed-seitan-slices/886608-714913-714914,PlantLiving: 2 Frozen Crisp-Crumbed Seitan Slices,200g,£3.30,£16.50/kg,,Waitrose Brands
799622,Essential Aspirin,G,false,1171,https://ecom-su-static-prod.wtrecom.com/images/products/3/LN_799622_BP_3.jpg,https://www.waitrose.com/ecom/products/essential-aspirin/799622-274931-274932,Essential Aspirin,16s,55p,3.4p each,,Waitrose Brands
088463,Duchy Organic Free Range British Pork 20 Meatballs,G,false,1172,https://ecom-su-static-prod.wtrecom.com/images/products/3/LN_088463_BP_3.jpg,https://www.waitrose.com/ecom/products/duchy-organic-free-range-british-pork-20-meatballs/088463-45405-45406,Duchy Organic Free Range British Pork 20 Meatballs,300g,£4.80,£16/kg,,Waitrose Brands
803128,Cooks' Ingredients Oregano,G,false,1173,https://ecom-su-static-prod.wtrecom.com/images/products/3/LN_803128_BP_3.jpg,https://www.waitrose.com/ecom/products/cooks-ingredients-oregano/803128-785142-785143,Cooks' Ingredients Oregano,26g,£2.10,80.8p/10g,,Waitrose Brands
660796,Japan Menyū 6 Teriyaki Pork Belly Slices,G,true,1174,https://ecom-su-static-prod.wtrecom.com/images/products/3/LN_660796_BP_3.jpg,https://www.waitrose.com/ecom/products/japan-meny-6-teriyaki-pork-belly-slices/660796-810943-810944,Japan Menyū 6 Teriyaki Pork Belly Slices,380g,£4.80,£1.27/100g,20% Off. Was £6.00,Waitrose Brands
026520,Duchy Organic British Lamb Loin Chops,G,false,1175,https://ecom-su-static-prod.wtrecom.com/images/products/3/LN_026520_BP_3.jpg,https://www.waitrose.com/ecom/products/duchy-organic-british-lamb-loin-chops/026520-425751-12912,Duchy Organic British Lamb Loin Chops,Typical weight 0.41kg,£12.37 each est.,£30.00/kg,,Waitrose Brands
732307,Cooks' Ingredients Chinese 5 Spice,G,true,1176,https://ecom-su-static-prod.wtrecom.com/images/products/3/LN_732307_BP_3.jpg,https://www.waitrose.com/ecom/products/cooks-ingredients-chinese-5-spice/732307-785080-785081,Cooks' Ingredients Chinese 5 Spice,35g,£1.60,45.7p/10g,Add 2 for £2.75,Waitrose Brands
060843,No.1 English Vintage Perry Herefordshire,G,true,1177,https://ecom-su-static-prod.wtrecom.com/images/products/3/LN_060843_BP_3.jpg,https://www.waitrose.com/ecom/products/no1-english-vintage-perry-herefordshire/060843-30760-30761,No.1 English Vintage Perry Herefordshire,500ml,£2.50,£5/litre,Add 2 for £3.50,Waitrose Brands
608791,Essential 6 Frozen Coley Portions MSC,G,true,1178,https://ecom-su-static-prod.wtrecom.com/images/products/3/LN_608791_BP_3.jpg,https://www.waitrose.com/ecom/products/essential-6-frozen-coley-portions-msc/608791-725404-725405,Essential 6 Frozen Coley Portions MSC,552g,£5.50,£9.97/kg,save £1.00. Was £6.50,Waitrose Brands
086169,Cooks' Ingredients Lemon Thyme,G,false,1179,https://ecom-su-static-prod.wtrecom.com/images/products/3/LN_086169_BP_3.jpg,https://www.waitrose.com/ecom/products/cooks-ingredients-lemon-thyme/086169-44011-44012,Cooks' Ingredients Lemon Thyme,20g,80p,40p/10g,,Waitrose Brands
006741,Essential Currants,G,false,1180,https://ecom-su-static-prod.wtrecom.com/images/products/3/LN_006741_BP_3.jpg,https://www.waitrose.com/ecom/products/essential-currants/006741-3005-3006,Essential Currants,500g,£2.00,£4/kg,,Waitrose Brands
763281,Waitrose Dozen Foundation Roses Bright,G,false,1181,https://ecom-su-static-prod.wtrecom.com/images/products/3/LN_763281_BP_3.jpg,https://www.waitrose.com/ecom/products/waitrose-dozen-foundation-roses-bright/763281-722423-722424,Waitrose Dozen Foundation Roses Bright,each,£5.00,,,Waitrose Brands
020206,Essential Pear Halves in Light Syrup,G,false,1182,https://ecom-su-static-prod.wtrecom.com/images/products/3/LN_020206_BP_3.jpg,https://www.waitrose.com/ecom/products/essential-pear-halves-in-light-syrup/020206-9837-9838,Essential Pear Halves in Light Syrup,drained 240g,£1.15,£4.80/kg,,Waitrose Brands
604825,No. 1 D'Affinois Blue Cheese Strength 2,G,false,1183,https://ecom-su-static-prod.wtrecom.com/images/products/3/LN_604825_BP_3.jpg,https://www.waitrose.com/ecom/products/no-1-daffinois-blue-cheese-strength-2/604825-525678-525679,No. 1 D'Affinois Blue Cheese Strength 2,180g,£4.70,£26.12/kg,,Waitrose Brands
538358,Essential Cooking Salt,G,false,1184,https://ecom-su-static-prod.wtrecom.com/images/products/3/LN_538358_BP_3.jpg,https://www.waitrose.com/ecom/products/essential-cooking-salt/538358-76148-76149,Essential Cooking Salt,1.5kg,£1.95,£1.30/kg,,Waitrose Brands
751769,No.1 British Free Range Orange Marmalade Roast Ham,G,true,1185,https://ecom-su-static-prod.wtrecom.com/images/products/3/LN_751769_BP_3.jpg,https://www.waitrose.com/ecom/products/no1-british-free-range-orange-marmalade-roast-ham/751769-827224-827225,No.1 British Free Range Orange Marmalade Roast Ham,100g,£3.20,£3.20/100g,Introductory Offer.Will be £4.00,Waitrose Brands
804467,Cooks' Ingredients Coriander Seeds,G,true,1186,https://ecom-su-static-prod.wtrecom.com/images/products/3/LN_804467_BP_3.jpg,https://www.waitrose.com/ecom/products/cooks-ingredients-coriander-seeds/804467-785146-785147,Cooks' Ingredients Coriander Seeds,24g,£1.60,66.7p/10g,Add 2 for £2.75,Waitrose Brands
809150,Essential Frozen British 2 Lamb Shanks,G,false,1187,https://ecom-su-static-prod.wtrecom.com/images/products/3/LN_809150_BP_3.jpg,https://www.waitrose.com/ecom/products/essential-frozen-british-2-lamb-shanks/809150-731150-731151,Essential Frozen British 2 Lamb Shanks,800g,£10.00,£12.50/kg,,Waitrose Brands
441295,Cooks' Ingredients Black Sesame Seeds,G,false,1188,https://ecom-su-static-prod.wtrecom.com/images/products/3/LN_441295_BP_3.jpg,https://www.waitrose.com/ecom/products/cooks-ingredients-black-sesame-seeds/441295-408490-408491,Cooks' Ingredients Black Sesame Seeds,50g,£1.85,37p/10g,,Waitrose Brands
701328,Cooks' Ingredients Black Peppercorns,G,false,1189,https://ecom-su-static-prod.wtrecom.com/images/products/3/LN_701328_BP_3.jpg,https://www.waitrose.com/ecom/products/cooks-ingredients-black-peppercorns/701328-785054-785055,Cooks' Ingredients Black Peppercorns,42g,£2.25,53.6p/10g,,Waitrose Brands
034136,Essential Light in Colour Olive Oil,G,false,1190,https://ecom-su-static-prod.wtrecom.com/images/products/3/LN_034136_BP_3.jpg,https://www.waitrose.com/ecom/products/essential-light-in-colour-olive-oil/034136-17083-17084,Essential Light in Colour Olive Oil,500ml,£5.50,£1.10/100ml,,Waitrose Brands
014539,Essential Dishwasher Powder Citrus,G,false,1191,https://ecom-su-static-prod.wtrecom.com/images/products/3/LN_014539_BP_3.jpg,https://www.waitrose.com/ecom/products/essential-dishwasher-powder-citrus/014539-6980-6981,Essential Dishwasher Powder Citrus,1kg,£3.75,£3.75/kg,,Waitrose Brands
817807,Cooks' Ingredients Spicy Italian Pepperoni,G,true,1192,https://ecom-su-static-prod.wtrecom.com/images/products/3/LN_817807_BP_3.jpg,https://www.waitrose.com/ecom/products/cooks-ingredients-spicy-italian-pepperoni/817807-785570-785571,Cooks' Ingredients Spicy Italian Pepperoni,100g,£2.56,£2.56/100g,20% Off. Was £3.20,Waitrose Brands
808281,Japan Menyū Cauliflower Tempura with Soy and Yuzu Dip,G,true,1193,https://ecom-su-static-prod.wtrecom.com/images/products/3/LN_808281_BP_3.jpg,https://www.waitrose.com/ecom/products/japan-meny-cauliflower-tempura-with-soy-and-yuzu-dip/808281-811031-811032,Japan Menyū Cauliflower Tempura with Soy and Yuzu Dip,180g,£2.80,£1.56/100g,20% Off. Was £3.50,Waitrose Brands
382718,Essential Squeezy Half Fat Mayonnaise,G,false,1194,https://ecom-su-static-prod.wtrecom.com/images/products/3/LN_382718_BP_3.jpg,https://www.waitrose.com/ecom/products/essential-squeezy-half-fat-mayonnaise/382718-203212-203213,Essential Squeezy Half Fat Mayonnaise,500ml,£1.40,,,Waitrose Brands
528240,Cooks' Ingredients Hot Chilli Powder,G,false,1195,https://ecom-su-static-prod.wtrecom.com/images/products/3/LN_528240_BP_3.jpg,https://www.waitrose.com/ecom/products/cooks-ingredients-hot-chilli-powder/528240-784898-784899,Cooks' Ingredients Hot Chilli Powder,40g,£1.60,40p/10g,,Waitrose Brands
734933,Essential Frozen Chicken Thighs,G,false,1196,https://ecom-su-static-prod.wtrecom.com/images/products/3/LN_734933_BP_3.jpg,https://www.waitrose.com/ecom/products/essential-frozen-chicken-thighs/734933-104449-104450,Essential Frozen Chicken Thighs,1.25Kg,£5.65,£4.52/kg,,Waitrose Brands
466361,Cooks' Ingredients Frozen Miso Butter,G,false,1197,https://ecom-su-static-prod.wtrecom.com/images/products/3/LN_466361_BP_3.jpg,https://www.waitrose.com/ecom/products/cooks-ingredients-frozen-miso-butter/466361-784472-784473,Cooks' Ingredients Frozen Miso Butter,200g,£3.50,£1.75/100g,,Waitrose Brands
668833,Essential Diarrhoea Capsules,G,false,1198,https://ecom-su-static-prod.wtrecom.com/images/products/3/LN_668833_BP_3.jpg,https://www.waitrose.com/ecom/products/essential-diarrhoea-capsules/668833-274869-274870,Essential Diarrhoea Capsules,6s,£1.75,29.2p each,,Waitrose Brands
711085,Essential Frozen Coley Fillets MSC,G,false,1199,https://ecom-su-static-prod.wtrecom.com/images/products/3/LN_711085_BP_3.jpg,https://www.waitrose.com/ecom/products/essential-frozen-coley-fillets-msc/711085-725596-725597,Essential Frozen Coley Fillets MSC,400g,£5.50,£13.75/kg,,Waitrose Brands
006745,Essential Mixed Fruit,G,false,1200,https://ecom-su-static-prod.wtrecom.com/images/products/3/LN_006745_BP_3.jpg,https://www.waitrose.com/ecom/products/essential-mixed-fruit/006745-3013-3014,Essential Mixed Fruit,1kg,£3.25,£3.25/kg,,Waitrose Brands
620493,No.1 Dark Chocolate with Spiced Orange,G,false,1201,https://ecom-su-static-prod.wtrecom.com/images/products/3/LN_620493_BP_3.jpg,https://www.waitrose.com/ecom/products/no1-dark-chocolate-with-spiced-orange/620493-706930-706931,No.1 Dark Chocolate with Spiced Orange,100g,£2.25,£2.25/100g,,Waitrose Brands
822537,Levantine Table Houmous with Roasted Butternut Squash & Red Pepper,G,false,1202,https://ecom-su-static-prod.wtrecom.com/images/products/3/LN_822537_BP_3.jpg,https://www.waitrose.com/ecom/products/levantine-table-houmous-with-roasted-butternut-squash-red-pepper/822537-755687-755688,Levantine Table Houmous with Roasted Butternut Squash & Red Pepper,200g,£2.85,£1.43/100g,,Waitrose Brands
019869,No.1 Charentais Melon,G,false,1203,https://ecom-su-static-prod.wtrecom.com/images/products/3/LN_019869_BP_3.jpg,https://www.waitrose.com/ecom/products/no1-charentais-melon/019869-9686-9687,No.1 Charentais Melon,Each,£3.20,£3.20 each,,Waitrose Brands
686358,No.1 Carrot & Passionfruit Cake,G,false,1204,https://ecom-su-static-prod.wtrecom.com/images/products/3/LN_686358_BP_3.jpg,https://www.waitrose.com/ecom/products/no1-carrot-passionfruit-cake/686358-497982-497983,No.1 Carrot & Passionfruit Cake,Each,£6.50,£6.50 each,,Waitrose Brands
436913,No.1 Costa Rica Tarrazu Ground Coffee,G,false,1205,https://ecom-su-static-prod.wtrecom.com/images/products/3/LN_436913_BP_3.jpg,https://www.waitrose.com/ecom/products/no1-costa-rica-tarrazu-ground-coffee/436913-711580-711581,No.1 Costa Rica Tarrazu Ground Coffee,227g,£4.00,£1.77/100g,,Waitrose Brands
842224,Duchy Organic Ground Almonds,G,false,1206,https://ecom-su-static-prod.wtrecom.com/images/products/3/LN_842224_BP_3.jpg,https://www.waitrose.com/ecom/products/duchy-organic-ground-almonds/842224-752677-752678,Duchy Organic Ground Almonds,200g,£4.50,£22.50/kg,,Waitrose Brands
422258,Essential Fabric Plasters,G,false,1207,https://ecom-su-static-prod.wtrecom.com/images/products/3/LN_422258_BP_3.jpg,https://www.waitrose.com/ecom/products/essential-fabric-plasters/422258-311114-311115,Essential Fabric Plasters,40s,£1.50,3.8p each,,Waitrose Brands
392125,Cooks' Ingredients Glace Cherries,G,false,1208,https://ecom-su-static-prod.wtrecom.com/images/products/3/LN_392125_BP_3.jpg,https://www.waitrose.com/ecom/products/cooks-ingredients-glace-cherries/392125-55121-55122,Cooks' Ingredients Glace Cherries,200g,£2.35,£11.75/kg,,Waitrose Brands
377437,Cooks' Ingredients Scotch Bonnet Chillies,G,false,1209,https://ecom-su-static-prod.wtrecom.com/images/products/3/LN_377437_BP_3.jpg,https://www.waitrose.com/ecom/products/cooks-ingredients-scotch-bonnet-chillies/377437-239291-239292,Cooks' Ingredients Scotch Bonnet Chillies,50g,£1.40,£28/kg,,Waitrose Brands
694816,Cooks' Ingredients Mixed Spice,G,true,1210,https://ecom-su-static-prod.wtrecom.com/images/products/3/LN_694816_BP_3.jpg,https://www.waitrose.com/ecom/products/cooks-ingredients-mixed-spice/694816-785046-785047,Cooks' Ingredients Mixed Spice,35g,£1.60,45.7p/10g,Add 2 for £2.75,Waitrose Brands
418252,No.1 Almond & Hazelnut Italian Nougat,G,false,1211,https://ecom-su-static-prod.wtrecom.com/images/products/3/LN_418252_BP_3.jpg,https://www.waitrose.com/ecom/products/no1-almond-hazelnut-italian-nougat/418252-674100-674101,No.1 Almond & Hazelnut Italian Nougat,100g,£3.50,£3.50/100g,,Waitrose Brands
518333,No.1 Hand Carved Jamón Ibérico De Bellota,G,false,1212,https://ecom-su-static-prod.wtrecom.com/images/products/3/LN_518333_BP_3.jpg,https://www.waitrose.com/ecom/products/no1-hand-carved-jamon-iberico-de-bellota/518333-497782-497783,No.1 Hand Carved Jamón Ibérico De Bellota,55g,£12.15,£22.10/100g,,Waitrose Brands
545265,PlantLiving: Singapore Noodles for 1,G,false,1213,https://ecom-su-static-prod.wtrecom.com/images/products/3/LN_545265_BP_3.jpg,https://www.waitrose.com/ecom/products/plantliving-singapore-noodles-for-1/545265-788362-788363,PlantLiving: Singapore Noodles for 1,350g,£4.00,£1.15/100g,,Waitrose Brands
856714,No. 1 Cropwell Bishop PDO Blue Stilton Cheese Strength 5,G,false,1214,https://ecom-su-static-prod.wtrecom.com/images/products/3/LN_856714_BP_3.jpg,https://www.waitrose.com/ecom/products/no-1-cropwell-bishop-pdo-blue-stilton-cheese-strength-5/856714-704473-704474,No. 1 Cropwell Bishop PDO Blue Stilton Cheese Strength 5,200g,£4.10,£20.50/kg,,Waitrose Brands
655598,Essential Tuna Mayo Sandwich,G,true,1215,https://ecom-su-static-prod.wtrecom.com/images/products/3/LN_655598_BP_3.jpg,https://www.waitrose.com/ecom/products/essential-tuna-mayo-sandwich/655598-93061-93062,Essential Tuna Mayo Sandwich,each,£1.95,£1.95 each,"£5 Food to Go Meal Deal: Add 1 Main, 1 Snack and 1 Drink",Waitrose Brands
687566,Cooks' Ingredients Dill,G,true,1216,https://ecom-su-static-prod.wtrecom.com/images/products/3/LN_687566_BP_3.jpg,https://www.waitrose.com/ecom/products/cooks-ingredients-dill/687566-785038-785039,Cooks' Ingredients Dill,15g,£1.60,£1.07/10g,Add 2 for £2.75,Waitrose Brands
525367,Cooks' Ingredients Mild Curry Powder,G,false,1217,https://ecom-su-static-prod.wtrecom.com/images/products/3/LN_525367_BP_3.jpg,https://www.waitrose.com/ecom/products/cooks-ingredients-mild-curry-powder/525367-784896-784897,Cooks' Ingredients Mild Curry Powder,38g,£1.60,42.1p/10g,,Waitrose Brands
462671,No.1 Calabrian Spicy Antipasto Misto,G,false,1218,https://ecom-su-static-prod.wtrecom.com/images/products/3/LN_462671_BP_3.jpg,https://www.waitrose.com/ecom/products/no1-calabrian-spicy-antipasto-misto/462671-704786-704786,No.1 Calabrian Spicy Antipasto Misto,80g,£5.85,£7.32/100g,,Waitrose Brands
088187,Essential Home Ripening Peaches,G,false,1219,https://ecom-su-static-prod.wtrecom.com/images/products/3/LN_088187_BP_3.jpg,https://www.waitrose.com/ecom/products/essential-home-ripening-peaches/088187-372147-45156,Essential Home Ripening Peaches,4s,£3.00,75p each,,Waitrose Brands
659434,Cooks' Ingredients Celery Salt,G,true,1220,https://ecom-su-static-prod.wtrecom.com/images/products/3/LN_659434_BP_3.jpg,https://www.waitrose.com/ecom/products/cooks-ingredients-celery-salt/659434-785014-785015,Cooks' Ingredients Celery Salt,85g,£1.60,18.8p/10g,Add 2 for £2.75,Waitrose Brands
806072,Waitrose Slow Cook Chicken with Apricot,G,false,1221,https://ecom-su-static-prod.wtrecom.com/images/products/3/LN_806072_BP_3.jpg,https://www.waitrose.com/ecom/products/waitrose-slow-cook-chicken-with-apricot/806072-761519-761520,Waitrose Slow Cook Chicken with Apricot,408g,£6.80,£16.67/kg,,Waitrose Brands
710407,PlantLiving: Vegan Smoky Chilli with Rice for 1,G,false,1222,https://ecom-su-static-prod.wtrecom.com/images/products/3/LN_710407_BP_3.jpg,https://www.waitrose.com/ecom/products/plantliving-vegan-smoky-chilli-with-rice-for-1/710407-762658-762659,PlantLiving: Vegan Smoky Chilli with Rice for 1,380g,£4.00,£10.53/kg,,Waitrose Brands
899833,No. 1 Morbier Ash French Semi Soft Cheese Strength 3,G,false,1223,https://ecom-su-static-prod.wtrecom.com/images/products/3/LN_899833_BP_3.jpg,https://www.waitrose.com/ecom/products/no-1-morbier-ash-french-semi-soft-cheese-strength-3/899833-526294-526295,No. 1 Morbier Ash French Semi Soft Cheese Strength 3,200g,£5.35,£26.75/kg,,Waitrose Brands
697429,Cooks' Ingredients Makrut Lime Leaves,G,false,1224,https://ecom-su-static-prod.wtrecom.com/images/products/3/LN_697429_BP_3.jpg,https://www.waitrose.com/ecom/products/cooks-ingredients-makrut-lime-leaves/697429-98997-98998,Cooks' Ingredients Makrut Lime Leaves,1g,£1.80,£18/10g,,Waitrose Brands
076972,Essential Minestrone Cup Soup with Croutons,G,false,1225,https://ecom-su-static-prod.wtrecom.com/images/products/3/LN_076972_BP_3.jpg,https://www.waitrose.com/ecom/products/essential-minestrone-cup-soup-with-croutons/076972-39127-39128,Essential Minestrone Cup Soup with Croutons,4x18g,90p,£1.25/100g,,Waitrose Brands
849455,No.1 Speciality Blueberries,G,true,1226,https://ecom-su-static-prod.wtrecom.com/images/products/3/LN_849455_BP_3.jpg,https://www.waitrose.com/ecom/products/no1-speciality-blueberries/849455-756464-756465,No.1 Speciality Blueberries,225g,£3.80,£16.89/kg,Add 2 for £6,Waitrose Brands
858075,Cooks' Ingredients Chicken Seasoning,G,true,1227,https://ecom-su-static-prod.wtrecom.com/images/products/3/LN_858075_BP_3.jpg,https://www.waitrose.com/ecom/products/cooks-ingredients-chicken-seasoning/858075-785236-785237,Cooks' Ingredients Chicken Seasoning,41g,£1.70,41.5p/10g,Add 2 for £2.75,Waitrose Brands
837786,Essential Washproof Plasters,G,false,1228,https://ecom-su-static-prod.wtrecom.com/images/products/3/LN_837786_BP_3.jpg,https://www.waitrose.com/ecom/products/essential-washproof-plasters/837786-311412-311413,Essential Washproof Plasters,40s,£1.50,3.8p each,,Waitrose Brands
455285,Cooks' Ingredients Tarragon,G,false,1229,https://ecom-su-static-prod.wtrecom.com/images/products/3/LN_455285_BP_3.jpg,https://www.waitrose.com/ecom/products/cooks-ingredients-tarragon/455285-784818-784819,Cooks' Ingredients Tarragon,11g,£1.60,£1.46/10g,,Waitrose Brands
651485,No.1 Frozen Tarte Tatin,G,false,1230,https://ecom-su-static-prod.wtrecom.com/images/products/3/LN_651485_BP_3.jpg,https://www.waitrose.com/ecom/products/no1-frozen-tarte-tatin/651485-459786-459787,No.1 Frozen Tarte Tatin,545g,£6.50,£1.20/100g,,Waitrose Brands
860565,Levantine Table Lemon & Mint Pressé,G,true,1231,https://ecom-su-static-prod.wtrecom.com/images/products/3/LN_860565_BP_3.jpg,https://www.waitrose.com/ecom/products/levantine-table-lemon-mint-presse/860565-756201-756202,Levantine Table Lemon & Mint Pressé,750ml,£1.90,25.3p/100ml,save 75p. Was £2.65,Waitrose Brands
745010,No.1 Cederberg Chenin Blanc,W,false,1232,https://ecom-su-static-prod.wtrecom.com/images/products/3/LN_745010_BP_3.jpg,https://www.waitrose.com/ecom/products/no1-cederberg-chenin-blanc/745010-712243-712244,No.1 Cederberg Chenin Blanc,75cl,£12.99,£12.99/75cl,,Waitrose Brands
447250,No.1 Colombian Coffee Capsules 10s,G,false,1233,https://ecom-su-static-prod.wtrecom.com/images/products/3/LN_447250_BP_3.jpg,https://www.waitrose.com/ecom/products/no1-colombian-coffee-capsules-10s/447250-719395-719396,No.1 Colombian Coffee Capsules 10s,54g,£3.25,£6.02/100g,,Waitrose Brands
039651,Duchy Organic Couscous,G,false,1234,https://ecom-su-static-prod.wtrecom.com/images/products/3/LN_039651_BP_3.jpg,https://www.waitrose.com/ecom/products/duchy-organic-couscous/039651-19638-19639,Duchy Organic Couscous,500g,£2.00,£4/kg,,Waitrose Brands
442757,No.1 Piccini Chianti Classico Riserva,W,false,1235,https://ecom-su-static-prod.wtrecom.com/images/products/3/LN_442757_BP_3.jpg,https://www.waitrose.com/ecom/products/no1-piccini-chianti-classico-riserva/442757-679905-679906,No.1 Piccini Chianti Classico Riserva,75cl,£15.99,£15.99/75cl,,Waitrose Brands
687504,No.1 Salted Caramel Sauce,G,false,1236,https://ecom-su-static-prod.wtrecom.com/images/products/3/LN_687504_BP_3.jpg,https://www.waitrose.com/ecom/products/no1-salted-caramel-sauce/687504-442964-442965,No.1 Salted Caramel Sauce,250g,£3.20,£1.28/100g,,Waitrose Brands
800847,Cooks' Ingredients Japanese Vinegar,G,false,1237,https://ecom-su-static-prod.wtrecom.com/images/products/3/LN_800847_BP_3.jpg,https://www.waitrose.com/ecom/products/cooks-ingredients-japanese-vinegar/800847-767149-767150,Cooks' Ingredients Japanese Vinegar,150ml,£2.50,£1.67/100ml,,Waitrose Brands
496540,Essential Frozen Alaskan Pollock Fillets,G,false,1238,https://ecom-su-static-prod.wtrecom.com/images/products/3/LN_496540_BP_3.jpg,https://www.waitrose.com/ecom/products/essential-frozen-alaskan-pollock-fillets/496540-759656-759657,Essential Frozen Alaskan Pollock Fillets,1Kg,£7.35,£7.35/kg,,Waitrose Brands
708549,Japan Menyū Chicken Yakitori Skewers - 4s,G,true,1239,https://ecom-su-static-prod.wtrecom.com/images/products/3/LN_708549_BP_3.jpg,https://www.waitrose.com/ecom/products/japan-meny-chicken-yakitori-skewers-4s/708549-810961-810962,Japan Menyū Chicken Yakitori Skewers - 4s,350g,£3.60,£1.03/100g,20% Off. Was £4.50,Waitrose Brands
763774,Waitrose PlantLiving No Chicken Samosa,G,false,1240,https://ecom-su-static-prod.wtrecom.com/images/products/3/LN_763774_BP_3.jpg,https://www.waitrose.com/ecom/products/waitrose-plantliving-no-chicken-samosa/763774-712733-712734,Waitrose PlantLiving No Chicken Samosa,200g,£2.90,£14.50/kg,,Waitrose Brands
817600,Essential Smoked Ham Sandwich,G,true,1241,https://ecom-su-static-prod.wtrecom.com/images/products/3/LN_817600_BP_3.jpg,https://www.waitrose.com/ecom/products/essential-smoked-ham-sandwich/817600-662101-662102,Essential Smoked Ham Sandwich,each,£2.20,£2.20 each,"£5 Food to Go Meal Deal: Add 1 Main, 1 Snack and 1 Drink",Waitrose Brands
893313,No. 1 Saint Marcellin Cheese Strength 4,G,false,1242,https://ecom-su-static-prod.wtrecom.com/images/products/3/LN_893313_BP_3.jpg,https://www.waitrose.com/ecom/products/no-1-saint-marcellin-cheese-strength-4/893313-587084-587085,No. 1 Saint Marcellin Cheese Strength 4,80g,£2.85,£35.63/kg,,Waitrose Brands
484826,No.1 Free Range Corn Fed Chicken Livers,G,false,1243,https://ecom-su-static-prod.wtrecom.com/images/products/3/LN_484826_BP_3.jpg,https://www.waitrose.com/ecom/products/no1-free-range-corn-fed-chicken-livers/484826-679387-679388,No.1 Free Range Corn Fed Chicken Livers,400g,£2.75,£6.88/kg,,Waitrose Brands
861821,No.1 Free Range Smoked Gammon Steak,G,false,1244,https://ecom-su-static-prod.wtrecom.com/images/products/3/LN_861821_BP_3.jpg,https://www.waitrose.com/ecom/products/no1-free-range-smoked-gammon-steak/861821-400323-400324,No.1 Free Range Smoked Gammon Steak,200g,£4.10,£20.50/kg,,Waitrose Brands
679775,Duchy Organic Black Peppercorns,G,false,1245,https://ecom-su-static-prod.wtrecom.com/images/products/3/LN_679775_BP_3.jpg,https://www.waitrose.com/ecom/products/duchy-organic-black-peppercorns/679775-785030-785031,Duchy Organic Black Peppercorns,40g,£1.95,48.8p/10g,,Waitrose Brands
636206,Cooks' Ingredients Smoked Garlic Granules,G,true,1246,https://ecom-su-static-prod.wtrecom.com/images/products/3/LN_636206_BP_3.jpg,https://www.waitrose.com/ecom/products/cooks-ingredients-smoked-garlic-granules/636206-784994-784995,Cooks' Ingredients Smoked Garlic Granules,56g,£1.60,28.6p/10g,Add 2 for £2.75,Waitrose Brands
034151,Cooks' Ingredients Walnut Oil,G,false,1247,https://ecom-su-static-prod.wtrecom.com/images/products/3/LN_034151_BP_3.jpg,https://www.waitrose.com/ecom/products/cooks-ingredients-walnut-oil/034151-17099-17100,Cooks' Ingredients Walnut Oil,250ml,£2.60,£1.04/100ml,,Waitrose Brands
870373,Cooks' Ingredients Ground Nutmeg,G,true,1248,https://ecom-su-static-prod.wtrecom.com/images/products/3/LN_870373_BP_3.jpg,https://www.waitrose.com/ecom/products/cooks-ingredients-ground-nutmeg/870373-785258-785259,Cooks' Ingredients Ground Nutmeg,42g,£1.60,38.1p/10g,Add 2 for £2.75,Waitrose Brands
492587,No. 1 Keen's Mature Cheddar Cheese Strength 5,G,false,1249,https://ecom-su-static-prod.wtrecom.com/images/products/3/LN_492587_BP_3.jpg,https://www.waitrose.com/ecom/products/no-1-keens-mature-cheddar-cheese-strength-5/492587-706285-706286,No. 1 Keen's Mature Cheddar Cheese Strength 5,180g,£3.20,£17.78/kg,,Waitrose Brands
459434,Waitrose Sanitary Disposal Bags,G,false,1250,https://ecom-su-static-prod.wtrecom.com/images/products/3/LN_459434_BP_3.jpg,https://www.waitrose.com/ecom/products/waitrose-sanitary-disposal-bags/459434-522225-522226,Waitrose Sanitary Disposal Bags,50s,£1.20,2.4p each,,Waitrose Brands
375631,Cooks' Ingredients Smoked Ham Batons,G,true,1251,https://ecom-su-static-prod.wtrecom.com/images/products/3/LN_375631_BP_3.jpg,https://www.waitrose.com/ecom/products/cooks-ingredients-smoked-ham-batons/375631-52888-52889,Cooks' Ingredients Smoked Ham Batons,180g,£2.80,£1.56/100g,20% Off. Was £3.50,Waitrose Brands
716625,Levantine Table Freekeh,G,false,1252,https://ecom-su-static-prod.wtrecom.com/images/products/3/LN_716625_BP_3.jpg,https://www.waitrose.com/ecom/products/levantine-table-freekeh/716625-756041-756042,Levantine Table Freekeh,500g,£3.25,£6.50/kg,,Waitrose Brands
524128,Cooks' Ingredients Hot Smoked Paprika,G,false,1253,https://ecom-su-static-prod.wtrecom.com/images/products/3/LN_524128_BP_3.jpg,https://www.waitrose.com/ecom/products/cooks-ingredients-hot-smoked-paprika/524128-784892-784893,Cooks' Ingredients Hot Smoked Paprika,45g,£1.60,35.6p/10g,,Waitrose Brands
541777,No. 1 Kit Calvert Wensleydale Cheese Strength 3,G,false,1254,https://ecom-su-static-prod.wtrecom.com/images/products/3/LN_541777_BP_3.jpg,https://www.waitrose.com/ecom/products/no-1-kit-calvert-wensleydale-cheese-strength-3/541777-706923-706924,No. 1 Kit Calvert Wensleydale Cheese Strength 3,150g,£3.40,£22.67/kg,,Waitrose Brands
472674,Waitrose Duchy Organic Blanched Almonds,G,true,1255,https://ecom-su-static-prod.wtrecom.com/images/products/3/LN_472674_BP_3.jpg,https://www.waitrose.com/ecom/products/waitrose-duchy-organic-blanched-almonds/472674-790603-790604,Waitrose Duchy Organic Blanched Almonds,100g,£2.00,£2/100g,20% Off. Was £2.50,Waitrose Brands
575106,Japan Menyū Chicken Katsu with Curry Sauce,G,true,1256,https://ecom-su-static-prod.wtrecom.com/images/products/3/LN_575106_BP_3.jpg,https://www.waitrose.com/ecom/products/japan-meny-chicken-katsu-with-curry-sauce/575106-810917-810918,Japan Menyū Chicken Katsu with Curry Sauce,500g,£4.40,88p/100g,20% Off. Was £5.50,Waitrose Brands
709051,Duchy Organic Free Range Dry Cured Smoked Streaky Bacon,G,false,1257,https://ecom-su-static-prod.wtrecom.com/images/products/3/LN_709051_BP_3.jpg,https://www.waitrose.com/ecom/products/duchy-organic-free-range-dry-cured-smoked-streaky-bacon/709051-731667-731668,Duchy Organic Free Range Dry Cured Smoked Streaky Bacon,184g,£5.25,£28.54/kg,,Waitrose Brands
621287,Japan Menyū Edamame Beans with Garlic & Chilli Salt,G,true,1258,https://ecom-su-static-prod.wtrecom.com/images/products/3/LN_621287_BP_3.jpg,https://www.waitrose.com/ecom/products/japan-meny-edamame-beans-with-garlic-chilli-salt/621287-810929-810930,Japan Menyū Edamame Beans with Garlic & Chilli Salt,200g,£2.80,£1.40/100g,20% Off. Was £3.50,Waitrose Brands
820070,Cooks' Ingredients Black Mustard Seeds,G,true,1259,https://ecom-su-static-prod.wtrecom.com/images/products/3/LN_820070_BP_3.jpg,https://www.waitrose.com/ecom/products/cooks-ingredients-black-mustard-seeds/820070-785178-785179,Cooks' Ingredients Black Mustard Seeds,55g,£1.60,29.1p/10g,Add 2 for £2.75,Waitrose Brands
862691,Duchy Organic Oregano,G,false,1260,https://ecom-su-static-prod.wtrecom.com/images/products/3/LN_862691_BP_3.jpg,https://www.waitrose.com/ecom/products/duchy-organic-oregano/862691-785246-785247,Duchy Organic Oregano,8g,£1.95,£2.44/10g,,Waitrose Brands
682477,Cooks' Ingredients Ras el Hanout,G,false,1261,https://ecom-su-static-prod.wtrecom.com/images/products/3/LN_682477_BP_3.jpg,https://www.waitrose.com/ecom/products/cooks-ingredients-ras-el-hanout/682477-312359-312360,Cooks' Ingredients Ras el Hanout,50g,£2.75,55p/10g,,Waitrose Brands
017298,Cooks' Ingredients Chilli Olive Oil,G,false,1262,https://ecom-su-static-prod.wtrecom.com/images/products/3/LN_017298_BP_3.jpg,https://www.waitrose.com/ecom/products/cooks-ingredients-chilli-olive-oil/017298-8352-8353,Cooks' Ingredients Chilli Olive Oil,250ml,£4.50,£1.80/100ml,,Waitrose Brands
385123,Essential Roast Chicken & Mayo Sandwich,G,true,1263,https://ecom-su-static-prod.wtrecom.com/images/products/3/LN_385123_BP_3.jpg,https://www.waitrose.com/ecom/products/essential-roast-chicken-mayo-sandwich/385123-274039-274040,Essential Roast Chicken & Mayo Sandwich,each,£2.20,£2.20 each,"£5 Food to Go Meal Deal: Add 1 Main, 1 Snack and 1 Drink",Waitrose Brands
819320,Cooks' Ingredients Star Anise,G,true,1264,https://ecom-su-static-prod.wtrecom.com/images/products/3/LN_819320_BP_3.jpg,https://www.waitrose.com/ecom/products/cooks-ingredients-star-anise/819320-785176-785177,Cooks' Ingredients Star Anise,12g,£1.60,£1.34/10g,Add 2 for £2.75,Waitrose Brands
832193,Cooks' Ingredients Sage,G,true,1265,https://ecom-su-static-prod.wtrecom.com/images/products/3/LN_832193_BP_3.jpg,https://www.waitrose.com/ecom/products/cooks-ingredients-sage/832193-785192-785193,Cooks' Ingredients Sage,12g,£1.60,£1.34/10g,Add 2 for £2.75,Waitrose Brands
088111,Duchy Organic Plums,G,false,1266,https://ecom-su-static-prod.wtrecom.com/images/products/3/LN_088111_BP_3.jpg,https://www.waitrose.com/ecom/products/duchy-organic-plums/088111-45095-45096,Duchy Organic Plums,350g,£2.59,£7.40/kg,,Waitrose Brands
842716,Essential 4 Frozen Breaded Pollock Fillets,G,false,1267,https://ecom-su-static-prod.wtrecom.com/images/products/3/LN_842716_BP_3.jpg,https://www.waitrose.com/ecom/products/essential-4-frozen-breaded-pollock-fillets/842716-295836-295837,Essential 4 Frozen Breaded Pollock Fillets,500g,£4.30,£8.60/kg,,Waitrose Brands
096677,Duchy Organic Strong Wholemeal Bread Flour,G,false,1268,https://ecom-su-static-prod.wtrecom.com/images/products/3/LN_096677_BP_3.jpg,https://www.waitrose.com/ecom/products/duchy-organic-strong-wholemeal-bread-flour/096677-49440-49441,Duchy Organic Strong Wholemeal Bread Flour,1.5kg,£2.40,£1.60/kg,,Waitrose Brands
770314,Japan Menyu Vegan Sweet Potato Katsu Curry & Rice for 1,G,true,1269,https://ecom-su-static-prod.wtrecom.com/images/products/3/LN_770314_BP_3.jpg,https://www.waitrose.com/ecom/products/japan-menyu-vegan-sweet-potato-katsu-curry-rice-for-1/770314-811001-811002,Japan Menyu Vegan Sweet Potato Katsu Curry & Rice for 1,390g,£4.00,£1.03/100g,20% Off. Was £5.00,Waitrose Brands
646237,No.1 British Venison Haunch Steak,G,true,1270,https://ecom-su-static-prod.wtrecom.com/images/products/3/LN_646237_BP_3.jpg,https://www.waitrose.com/ecom/products/no1-british-venison-haunch-steak/646237-91716-91717,No.1 British Venison Haunch Steak,Typical weight 0.25kg,£6.56 each est.,£26.24/kg,25% Off. Was £8.75,Waitrose Brands
661392,Cooks' Ingredients Bechamel Sauce,G,false,1271,https://ecom-su-static-prod.wtrecom.com/images/products/3/LN_661392_BP_3.jpg,https://www.waitrose.com/ecom/products/cooks-ingredients-bechamel-sauce/661392-255577-255578,Cooks' Ingredients Bechamel Sauce,500g,£3.50,70p/100g,,Waitrose Brands
022099,Cooks' Ingredients Sundried Tomatoes,G,false,1272,https://ecom-su-static-prod.wtrecom.com/images/products/3/LN_022099_BP_3.jpg,https://www.waitrose.com/ecom/products/cooks-ingredients-sundried-tomatoes/022099-10762-10763,Cooks' Ingredients Sundried Tomatoes,80g,£2.40,£3/100g,,Waitrose Brands
576549,Essential Fish Selection in Jelly,G,false,1273,https://ecom-su-static-prod.wtrecom.com/images/products/3/LN_576549_BP_3.jpg,https://www.waitrose.com/ecom/products/essential-fish-selection-in-jelly/576549-175117-175117,Essential Fish Selection in Jelly,12x100g,£3.80,£3.17/kg,,Waitrose Brands
520557,No. 1 Le Fleuret French Soft Goats Cheese Strength 5,G,false,1274,https://ecom-su-static-prod.wtrecom.com/images/products/3/LN_520557_BP_3.jpg,https://www.waitrose.com/ecom/products/no-1-le-fleuret-french-soft-goats-cheese-strength-5/520557-586520-586521,No. 1 Le Fleuret French Soft Goats Cheese Strength 5,150g,£6.15,£41/kg,,Waitrose Brands
054036,No.1 Free Range Smoked English Gammon,G,false,1275,https://ecom-su-static-prod.wtrecom.com/images/products/3/LN_054036_BP_3.jpg,https://www.waitrose.com/ecom/products/no1-free-range-smoked-english-gammon/054036-27105-27106,No.1 Free Range Smoked English Gammon,Typical weight 0.99kg,£15.36 each est.,£15.50/kg,,Waitrose Brands
047993,Waitrose Duchy Organic Hazelnuts,G,false,1276,https://ecom-su-static-prod.wtrecom.com/images/products/3/LN_047993_BP_3.jpg,https://www.waitrose.com/ecom/products/waitrose-duchy-organic-hazelnuts/047993-23775-23776,Waitrose Duchy Organic Hazelnuts,150g,£3.75,£2.50/100g,,Waitrose Brands
644971,Essential Grapefruit Segments in Light Syrup,G,false,1277,https://ecom-su-static-prod.wtrecom.com/images/products/3/LN_644971_BP_3.jpg,https://www.waitrose.com/ecom/products/essential-grapefruit-segments-in-light-syrup/644971-229913-229914,Essential Grapefruit Segments in Light Syrup,drained 290g,£1.20,£4.14/kg,,Waitrose Brands
798945,No.1 Frozen British Monkfish Chunks,G,false,1278,https://ecom-su-static-prod.wtrecom.com/images/products/3/LN_798945_BP_3.jpg,https://www.waitrose.com/ecom/products/no1-frozen-british-monkfish-chunks/798945-679279-679280,No.1 Frozen British Monkfish Chunks,300g,£10.35,£34.50/kg,,Waitrose Brands
475100,Levantine Table Spiced Chicken Pastries,G,false,1279,https://ecom-su-static-prod.wtrecom.com/images/products/3/LN_475100_BP_3.jpg,https://www.waitrose.com/ecom/products/levantine-table-spiced-chicken-pastries/475100-755639-755640,Levantine Table Spiced Chicken Pastries,100g,£3.90,£3.90/100g,,Waitrose Brands
013497,Cooks' Ingredients Sweet Pastry Case,G,false,1280,https://ecom-su-static-prod.wtrecom.com/images/products/3/LN_013497_BP_3.jpg,https://www.waitrose.com/ecom/products/cooks-ingredients-sweet-pastry-case/013497-6567-6568,Cooks' Ingredients Sweet Pastry Case,215g,£2.70,£1.26/100g,,Waitrose Brands
841493,No.1 Mixed Berry Italian Nougat,G,false,1281,https://ecom-su-static-prod.wtrecom.com/images/products/3/LN_841493_BP_3.jpg,https://www.waitrose.com/ecom/products/no1-mixed-berry-italian-nougat/841493-675154-675155,No.1 Mixed Berry Italian Nougat,100g,£3.50,£3.50/100g,,Waitrose Brands
637195,Essential Round Ibuprofen Tablets,G,false,1282,https://ecom-su-static-prod.wtrecom.com/images/products/3/LN_637195_BP_3.jpg,https://www.waitrose.com/ecom/products/essential-round-ibuprofen-tablets/637195-311247-311248,Essential Round Ibuprofen Tablets,16s,60p,3.8p each,,Waitrose Brands
505756,Duchy Organic Orange Biscuits in Dark Choc,G,false,1283,https://ecom-su-static-prod.wtrecom.com/images/products/3/LN_505756_BP_3.jpg,https://www.waitrose.com/ecom/products/duchy-organic-orange-biscuits-in-dark-choc/505756-71456-71457,Duchy Organic Orange Biscuits in Dark Choc,100g,£3.00,£3/100g,,Waitrose Brands
487846,Cooks' Ingredients 'Nduja Paste,G,false,1284,https://ecom-su-static-prod.wtrecom.com/images/products/3/LN_487846_BP_3.jpg,https://www.waitrose.com/ecom/products/cooks-ingredients-nduja-paste/487846-672345-672346,Cooks' Ingredients 'Nduja Paste,90g,£5.25,58.3p/10g,,Waitrose Brands
893218,Essential Dispersible Aspirin,G,false,1285,https://ecom-su-static-prod.wtrecom.com/images/products/3/LN_893218_BP_3.jpg,https://www.waitrose.com/ecom/products/essential-dispersible-aspirin/893218-275078-275079,Essential Dispersible Aspirin,16s,60p,3.8p each,,Waitrose Brands
765576,Japan Menyū Fried Prawn Gyoza with Soy & Ginger Dip,G,true,1286,https://ecom-su-static-prod.wtrecom.com/images/products/3/LN_765576_BP_3.jpg,https://www.waitrose.com/ecom/products/japan-meny-fried-prawn-gyoza-with-soy-ginger-dip/765576-810999-811000,Japan Menyū Fried Prawn Gyoza with Soy & Ginger Dip,140g,£3.20,£2.29/100g,20% Off. Was £4.00,Waitrose Brands
415891,Cooks' Ingredients Mediterranean Seasoning,G,false,1287,https://ecom-su-static-prod.wtrecom.com/images/products/3/LN_415891_BP_3.jpg,https://www.waitrose.com/ecom/products/cooks-ingredients-mediterranean-seasoning/415891-784786-784787,Cooks' Ingredients Mediterranean Seasoning,20g,£1.70,85p/10g,,Waitrose Brands
548024,Essential Nourish Conditioner,G,false,1288,https://ecom-su-static-prod.wtrecom.com/images/products/3/LN_548024_BP_3.jpg,https://www.waitrose.com/ecom/products/essential-nourish-conditioner/548024-77499-77500,Essential Nourish Conditioner,300ml,£1.75,58.3p/100ml,,Waitrose Brands
430555,Duchy Organic Strong Malted Grain Bread Flour,G,false,1289,https://ecom-su-static-prod.wtrecom.com/images/products/3/LN_430555_BP_3.jpg,https://www.waitrose.com/ecom/products/duchy-organic-strong-malted-grain-bread-flour/430555-60573-60574,Duchy Organic Strong Malted Grain Bread Flour,1.5kg,£2.60,£1.74/kg,,Waitrose Brands
025065,Waitrose Basil Infused Olive Oil,G,false,1290,https://ecom-su-static-prod.wtrecom.com/images/products/3/LN_025065_BP_3.jpg,https://www.waitrose.com/ecom/products/waitrose-basil-infused-olive-oil/025065-12148-12149,Waitrose Basil Infused Olive Oil,250ml,£4.50,£1.80/100ml,,Waitrose Brands
834985,No. 1 Kirkham's Lancashire Cheese Strength 3,G,false,1291,https://ecom-su-static-prod.wtrecom.com/images/products/3/LN_834985_BP_3.jpg,https://www.waitrose.com/ecom/products/no-1-kirkhams-lancashire-cheese-strength-3/834985-629542-629543,No. 1 Kirkham's Lancashire Cheese Strength 3,Typical weight 0.2kg,£4.60 each est.,£23.00/kg,,Waitrose Brands
578490,Duchy Organic Mature Sliced Cheddar Cheese Strength 4,G,false,1292,https://ecom-su-static-prod.wtrecom.com/images/products/3/LN_578490_BP_3.jpg,https://www.waitrose.com/ecom/products/duchy-organic-mature-sliced-cheddar-cheese-strength-4/578490-756271-756272,Duchy Organic Mature Sliced Cheddar Cheese Strength 4,250g,£3.35,£13.40/kg,,Waitrose Brands
679748,Cooks' Ingredients Makrut Lime Leaves,G,false,1293,https://ecom-su-static-prod.wtrecom.com/images/products/3/LN_679748_BP_3.jpg,https://www.waitrose.com/ecom/products/cooks-ingredients-makrut-lime-leaves/679748-560801-560802,Cooks' Ingredients Makrut Lime Leaves,4s,£2.00,50p each,,Waitrose Brands
539814,Cooks' Ingredients Frozen Herby Chimichurri Portions,G,true,1294,https://ecom-su-static-prod.wtrecom.com/images/products/3/LN_539814_BP_3.jpg,https://www.waitrose.com/ecom/products/cooks-ingredients-frozen-herby-chimichurri-portions/539814-784496-784497,Cooks' Ingredients Frozen Herby Chimichurri Portions,350g,£1.75,50p/100g,Reduced to Clear. Was £3.50,Waitrose Brands
019507,Essential Petits Pois in Water,G,false,1295,https://ecom-su-static-prod.wtrecom.com/images/products/3/LN_019507_BP_3.jpg,https://www.waitrose.com/ecom/products/essential-petits-pois-in-water/019507-9435-9436,Essential Petits Pois in Water,drained 265g,£1.10,£4.16/kg,,Waitrose Brands
762472,Duchy Organic Arborio Risotto Rice,G,false,1296,https://ecom-su-static-prod.wtrecom.com/images/products/3/LN_762472_BP_3.jpg,https://www.waitrose.com/ecom/products/duchy-organic-arborio-risotto-rice/762472-695174-695175,Duchy Organic Arborio Risotto Rice,500g,£3.65,£7.30/kg,,Waitrose Brands
602562,Cooks' Ingredients Whole Nutmeg,G,false,1297,https://ecom-su-static-prod.wtrecom.com/images/products/3/LN_602562_BP_3.jpg,https://www.waitrose.com/ecom/products/cooks-ingredients-whole-nutmeg/602562-784962-784963,Cooks' Ingredients Whole Nutmeg,28g,£1.60,57.1p/10g,,Waitrose Brands
589488,PlantLiving: Falafel & Coriander Houmous Wrap,G,true,1298,https://ecom-su-static-prod.wtrecom.com/images/products/3/LN_589488_BP_3.jpg,https://www.waitrose.com/ecom/products/plantliving-falafel-coriander-houmous-wrap/589488-791725-791726,PlantLiving: Falafel & Coriander Houmous Wrap,each,£3.65,£3.65 each,"£5 Food to Go Meal Deal: Add 1 Main, 1 Snack and 1 Drink",Waitrose Brands
833829,Waitrose Duchy Organic Pistachios,G,false,1299,https://ecom-su-static-prod.wtrecom.com/images/products/3/LN_833829_BP_3.jpg,https://www.waitrose.com/ecom/products/waitrose-duchy-organic-pistachios/833829-755015-755016,Waitrose Duchy Organic Pistachios,150g,£3.50,£2.34/100g,,Waitrose Brands
874590,Cooks' Ingredients Lemongrass Paste,G,false,1300,https://ecom-su-static-prod.wtrecom.com/images/products/3/LN_874590_BP_3.jpg,https://www.waitrose.com/ecom/products/cooks-ingredients-lemongrass-paste/874590-785266-785267,Cooks' Ingredients Lemongrass Paste,90g,£1.85,20.6p/10g,,Waitrose Brands
873547,Duchy Organic Earl Grey 25 Tea Bags,G,false,1301,https://ecom-su-static-prod.wtrecom.com/images/products/3/LN_873547_BP_3.jpg,https://www.waitrose.com/ecom/products/duchy-organic-earl-grey-25-tea-bags/873547-302709-302710,Duchy Organic Earl Grey 25 Tea Bags,62.5g,£2.00,£3.20/100g,,Waitrose Brands
626698,Cooks' Ingredients Sriracha,G,false,1302,https://ecom-su-static-prod.wtrecom.com/images/products/3/LN_626698_BP_3.jpg,https://www.waitrose.com/ecom/products/cooks-ingredients-sriracha/626698-766965-766966,Cooks' Ingredients Sriracha,240g,£2.25,93.8p/100g,,Waitrose Brands
877076,No.1 Peru Ground Coffee,G,false,1303,https://ecom-su-static-prod.wtrecom.com/images/products/3/LN_877076_BP_3.jpg,https://www.waitrose.com/ecom/products/no1-peru-ground-coffee/877076-719025-719026,No.1 Peru Ground Coffee,227g,£4.00,£1.77/100g,,Waitrose Brands
873709,Essential Original Instant Oats,G,false,1304,https://ecom-su-static-prod.wtrecom.com/images/products/3/LN_873709_BP_3.jpg,https://www.waitrose.com/ecom/products/essential-original-instant-oats/873709-164954-164955,Essential Original Instant Oats,10x27g,£1.35,50p/100g,,Waitrose Brands
044000,Duchy Organic Free Range British Pork Loin Steaks,G,false,1305,https://ecom-su-static-prod.wtrecom.com/images/products/3/LN_044000_BP_3.jpg,https://www.waitrose.com/ecom/products/duchy-organic-free-range-british-pork-loin-steaks/044000-21685-21686,Duchy Organic Free Range British Pork Loin Steaks,Typical weight 0.4kg,£6.90 each est.,£17.25/kg,,Waitrose Brands
479990,Cooks' Ingredients Nigella Seeds,G,false,1306,https://ecom-su-static-prod.wtrecom.com/images/products/3/LN_479990_BP_3.jpg,https://www.waitrose.com/ecom/products/cooks-ingredients-nigella-seeds/479990-784852-784853,Cooks' Ingredients Nigella Seeds,45g,£1.60,35.6p/10g,,Waitrose Brands
587368,No.1 Lamb Barnsley Chop,G,false,1307,https://ecom-su-static-prod.wtrecom.com/images/products/3/LN_587368_BP_3.jpg,https://www.waitrose.com/ecom/products/no1-lamb-barnsley-chop/587368-702829-702830,No.1 Lamb Barnsley Chop,Typical weight 0.22kg,£5.72 each est.,£26.00/kg,,Waitrose Brands
633423,Cooks' Ingredients Shaoxing Rice Wine,G,false,1308,https://ecom-su-static-prod.wtrecom.com/images/products/3/LN_633423_BP_3.jpg,https://www.waitrose.com/ecom/products/cooks-ingredients-shaoxing-rice-wine/633423-766979-766980,Cooks' Ingredients Shaoxing Rice Wine,150ml,£3.50,£2.34/100ml,,Waitrose Brands
638346,Cooks' Ingredients Curry Leaves,G,true,1309,https://ecom-su-static-prod.wtrecom.com/images/products/3/LN_638346_BP_3.jpg,https://www.waitrose.com/ecom/products/cooks-ingredients-curry-leaves/638346-784996-784997,Cooks' Ingredients Curry Leaves,2g,£1.60,£8/10g,Add 2 for £2.75,Waitrose Brands
604279,Japan Menyu Chicken Yaki Udon Noodles for 1,G,true,1310,https://ecom-su-static-prod.wtrecom.com/images/products/3/LN_604279_BP_3.jpg,https://www.waitrose.com/ecom/products/japan-menyu-chicken-yaki-udon-noodles-for-1/604279-810923-810924,Japan Menyu Chicken Yaki Udon Noodles for 1,375g,£4.60,£1.23/100g,20% Off. Was £5.75,Waitrose Brands
087345,Duchy Organic Vintage Cider,G,true,1311,https://ecom-su-static-prod.wtrecom.com/images/products/3/LN_087345_BP_3.jpg,https://www.waitrose.com/ecom/products/duchy-organic-vintage-cider/087345-44628-44629,Duchy Organic Vintage Cider,500ml,£2.50,£5/litre,Add 2 for £3.50,Waitrose Brands
422708,Cooks' Ingredients Allspice,G,false,1312,https://ecom-su-static-prod.wtrecom.com/images/products/3/LN_422708_BP_3.jpg,https://www.waitrose.com/ecom/products/cooks-ingredients-allspice/422708-784796-784797,Cooks' Ingredients Allspice,40g,£1.60,40p/10g,,Waitrose Brands
063988,Cooks' Ingredients Lemon & Pepper Crust,G,false,1313,https://ecom-su-static-prod.wtrecom.com/images/products/3/LN_063988_BP_3.jpg,https://www.waitrose.com/ecom/products/cooks-ingredients-lemon-pepper-crust/063988-32485-32486,Cooks' Ingredients Lemon & Pepper Crust,110g,£2.40,21.8p/10g,,Waitrose Brands
880338,No. 1 Fior Delle Alpi Swiss Cheese Strength 6,G,false,1314,https://ecom-su-static-prod.wtrecom.com/images/products/3/LN_880338_BP_3.jpg,https://www.waitrose.com/ecom/products/no-1-fior-delle-alpi-swiss-cheese-strength-6/880338-665245-665246,No. 1 Fior Delle Alpi Swiss Cheese Strength 6,170g,£4.00,£23.53/kg,,Waitrose Brands
585212,Cooks' Ingredients Barbecue Seasoning,G,false,1315,https://ecom-su-static-prod.wtrecom.com/images/products/3/LN_585212_BP_3.jpg,https://www.waitrose.com/ecom/products/cooks-ingredients-barbecue-seasoning/585212-784948-784949,Cooks' Ingredients Barbecue Seasoning,40g,£1.70,42.5p/10g,,Waitrose Brands
535961,Essential Nourishing Shampoo,G,false,1316,https://ecom-su-static-prod.wtrecom.com/images/products/3/LN_535961_BP_3.jpg,https://www.waitrose.com/ecom/products/essential-nourishing-shampoo/535961-75786-75787,Essential Nourishing Shampoo,300ml,£1.75,58.3p/100ml,,Waitrose Brands
604645,Japan Menyū 6 Mushroom Gyoza with Soy & Ginger Dip,G,true,1317,https://ecom-su-static-prod.wtrecom.com/images/products/3/LN_604645_BP_3.jpg,https://www.waitrose.com/ecom/products/japan-meny-6-mushroom-gyoza-with-soy-ginger-dip/604645-810925-810926,Japan Menyū 6 Mushroom Gyoza with Soy & Ginger Dip,140g,£3.00,£2.15/100g,20% Off. Was £3.75,Waitrose Brands
696078,Duchy Organic Fairtrade Turmeric,G,false,1318,https://ecom-su-static-prod.wtrecom.com/images/products/3/LN_696078_BP_3.jpg,https://www.waitrose.com/ecom/products/duchy-organic-fairtrade-turmeric/696078-785048-785049,Duchy Organic Fairtrade Turmeric,38g,£1.95,51.3p/10g,,Waitrose Brands
006761,Cooks' Ingredients Italian Cut Mixed Peel,G,false,1319,https://ecom-su-static-prod.wtrecom.com/images/products/3/LN_006761_BP_3.jpg,https://www.waitrose.com/ecom/products/cooks-ingredients-italian-cut-mixed-peel/006761-3023-3024,Cooks' Ingredients Italian Cut Mixed Peel,200g,£1.20,£6/kg,,Waitrose Brands
011426,Cooks' Ingredients Lemon Olive Oil,G,false,1320,https://ecom-su-static-prod.wtrecom.com/images/products/3/LN_011426_BP_3.jpg,https://www.waitrose.com/ecom/products/cooks-ingredients-lemon-olive-oil/011426-5656-5657,Cooks' Ingredients Lemon Olive Oil,250ml,£4.50,£1.80/100ml,,Waitrose Brands
705033,PlantLiving: Spiced Cauliflower Pakora,G,false,1321,https://ecom-su-static-prod.wtrecom.com/images/products/3/LN_705033_BP_3.jpg,https://www.waitrose.com/ecom/products/plantliving-spiced-cauliflower-pakora/705033-788395-788396,PlantLiving: Spiced Cauliflower Pakora,180g,£3.50,£19.45/kg,,Waitrose Brands
844967,Cooks' Ingredients Garam Masala,G,false,1322,https://ecom-su-static-prod.wtrecom.com/images/products/3/LN_844967_BP_3.jpg,https://www.waitrose.com/ecom/products/cooks-ingredients-garam-masala/844967-785210-785211,Cooks' Ingredients Garam Masala,93g,£2.10,22.6p/10g,,Waitrose Brands
766307,Waitrose PLV Jackfruit Pieces in Water,G,false,1323,https://ecom-su-static-prod.wtrecom.com/images/products/3/LN_766307_BP_3.jpg,https://www.waitrose.com/ecom/products/waitrose-plv-jackfruit-pieces-in-water/766307-773394-773395,Waitrose PLV Jackfruit Pieces in Water,drained 210g,£2.00,48.8p/100g,,Waitrose Brands
870382,Waitrose Duchy Organic Blanched Peanuts,G,false,1324,https://ecom-su-static-prod.wtrecom.com/images/products/3/LN_870382_BP_3.jpg,https://www.waitrose.com/ecom/products/waitrose-duchy-organic-blanched-peanuts/870382-755227-755228,Waitrose Duchy Organic Blanched Peanuts,250g,£2.75,£1.10/100g,,Waitrose Brands
755077,Cooks' Ingredients 100s & 1000s,G,false,1325,https://ecom-su-static-prod.wtrecom.com/images/products/3/LN_755077_BP_3.jpg,https://www.waitrose.com/ecom/products/cooks-ingredients-100s-1000s/755077-752661-752662,Cooks' Ingredients 100s & 1000s,85g,£1.30,£15.30/kg,,Waitrose Brands
085524,Duchy Organic Pointed Spring Cabbage,G,false,1326,https://ecom-su-static-prod.wtrecom.com/images/products/3/LN_085524_BP_3.jpg,https://www.waitrose.com/ecom/products/duchy-organic-pointed-spring-cabbage/085524-43608-43609,Duchy Organic Pointed Spring Cabbage,Each,£1.45,£1.45 each,,Waitrose Brands
604805,PlantLiving: Tiramisu,G,false,1327,https://ecom-su-static-prod.wtrecom.com/images/products/3/LN_604805_BP_3.jpg,https://www.waitrose.com/ecom/products/plantliving-tiramisu/604805-788377-788378,PlantLiving: Tiramisu,180g,£2.50,£1.39/100g,,Waitrose Brands
652374,Essential Mild Cheddar Cheese Sticks Strength 2,G,false,1328,https://ecom-su-static-prod.wtrecom.com/images/products/3/LN_652374_BP_3.jpg,https://www.waitrose.com/ecom/products/essential-mild-cheddar-cheese-sticks-strength-2/652374-723568-723569,Essential Mild Cheddar Cheese Sticks Strength 2,5x30g,£2.25,£15/kg,,Waitrose Brands
457431,Cooks' Ingredients Chilli & Garlic Sauce,G,false,1329,https://ecom-su-static-prod.wtrecom.com/images/products/3/LN_457431_BP_3.jpg,https://www.waitrose.com/ecom/products/cooks-ingredients-chilli-garlic-sauce/457431-784716-784717,Cooks' Ingredients Chilli & Garlic Sauce,200g,£3.00,£1.50/100g,,Waitrose Brands
481578,Cooks' Ingredients Morrocan Almond Extract,G,false,1330,https://ecom-su-static-prod.wtrecom.com/images/products/3/LN_481578_BP_3.jpg,https://www.waitrose.com/ecom/products/cooks-ingredients-morrocan-almond-extract/481578-260742-260743,Cooks' Ingredients Morrocan Almond Extract,38ml,£1.80,47.4p/10ml,,Waitrose Brands
589503,Cooks' Ingredients Artichokes in Oil,G,false,1331,https://ecom-su-static-prod.wtrecom.com/images/products/3/LN_589503_BP_3.jpg,https://www.waitrose.com/ecom/products/cooks-ingredients-artichokes-in-oil/589503-672555-672556,Cooks' Ingredients Artichokes in Oil,drained 160g,£3.50,£2.19/100g,,Waitrose Brands
811949,Cooks' Ingredients Cloves,G,true,1332,https://ecom-su-static-prod.wtrecom.com/images/products/3/LN_811949_BP_3.jpg,https://www.waitrose.com/ecom/products/cooks-ingredients-cloves/811949-785162-785163,Cooks' Ingredients Cloves,30g,£1.60,53.3p/10g,Add 2 for £2.75,Waitrose Brands
690527,Cooks' Ingredients Meringue Base,G,false,1333,https://ecom-su-static-prod.wtrecom.com/images/products/3/LN_690527_BP_3.jpg,https://www.waitrose.com/ecom/products/cooks-ingredients-meringue-base/690527-98085-98086,Cooks' Ingredients Meringue Base,Each,£2.10,£2.10 each,,Waitrose Brands
873274,Essential Clear Plasters,G,false,1334,https://ecom-su-static-prod.wtrecom.com/images/products/3/LN_873274_BP_3.jpg,https://www.waitrose.com/ecom/products/essential-clear-plasters/873274-311480-311481,Essential Clear Plasters,40s,£1.50,3.8p each,,Waitrose Brands
864548,No.1 Dark Chocolate & Hazelnut Nougat,G,true,1335,https://ecom-su-static-prod.wtrecom.com/images/products/3/LN_864548_BP_3.jpg,https://www.waitrose.com/ecom/products/no1-dark-chocolate-hazelnut-nougat/864548-675258-675259,No.1 Dark Chocolate & Hazelnut Nougat,100g,£1.50,£1.50/100g,Reduced to Clear. Was £3.50,Waitrose Brands
051266,Cooks' Ingredients Wild Mushrooms,G,false,1336,https://ecom-su-static-prod.wtrecom.com/images/products/3/LN_051266_BP_3.jpg,https://www.waitrose.com/ecom/products/cooks-ingredients-wild-mushrooms/051266-25511-25512,Cooks' Ingredients Wild Mushrooms,30g,£3.10,£1.04/10g,,Waitrose Brands
414186,Cooks' Ingredients Piri Piri Rub,G,false,1337,https://ecom-su-static-prod.wtrecom.com/images/products/3/LN_414186_BP_3.jpg,https://www.waitrose.com/ecom/products/cooks-ingredients-piri-piri-rub/414186-312257-312258,Cooks' Ingredients Piri Piri Rub,55g,£2.75,50p/10g,,Waitrose Brands
513630,Waitrose Duchy Organic Dried Pitted Dates,G,false,1338,https://ecom-su-static-prod.wtrecom.com/images/products/3/LN_513630_BP_3.jpg,https://www.waitrose.com/ecom/products/waitrose-duchy-organic-dried-pitted-dates/513630-752619-752620,Waitrose Duchy Organic Dried Pitted Dates,250g,£3.50,£1.40/100g,,Waitrose Brands
821922,Cooks' Ingredients Massaman Paste,G,false,1339,https://ecom-su-static-prod.wtrecom.com/images/products/3/LN_821922_BP_3.jpg,https://www.waitrose.com/ecom/products/cooks-ingredients-massaman-paste/821922-767187-767188,Cooks' Ingredients Massaman Paste,190g,£2.50,£1.32/100g,,Waitrose Brands
876595,Cooks' Ingredients Fiery Zhoug Paste,G,false,1340,https://ecom-su-static-prod.wtrecom.com/images/products/3/LN_876595_BP_3.jpg,https://www.waitrose.com/ecom/products/cooks-ingredients-fiery-zhoug-paste/876595-673189-673190,Cooks' Ingredients Fiery Zhoug Paste,95g,£2.00,21.1p/10g,,Waitrose Brands
564394,No.1 Brazil Assodantas Ground Coffee,G,false,1341,https://ecom-su-static-prod.wtrecom.com/images/products/3/LN_564394_BP_3.jpg,https://www.waitrose.com/ecom/products/no1-brazil-assodantas-ground-coffee/564394-711656-711657,No.1 Brazil Assodantas Ground Coffee,227g,£4.00,£1.77/100g,,Waitrose Brands
671363,Cooks' Ingredients Caraway Seeds,G,true,1342,https://ecom-su-static-prod.wtrecom.com/images/products/3/LN_671363_BP_3.jpg,https://www.waitrose.com/ecom/products/cooks-ingredients-caraway-seeds/671363-785022-785023,Cooks' Ingredients Caraway Seeds,40g,£1.60,40p/10g,Add 2 for £2.75,Waitrose Brands
464012,Cooks' Ingredients Chilli Plant,G,false,1343,https://ecom-su-static-prod.wtrecom.com/images/products/3/LN_464012_BP_3.jpg,https://www.waitrose.com/ecom/products/cooks-ingredients-chilli-plant/464012-204735-204736,Cooks' Ingredients Chilli Plant,Each,£3.60,£3.60 each,,Waitrose Brands
451171,No.1 Lamb Loin Fillet with Rosemary,G,false,1344,https://ecom-su-static-prod.wtrecom.com/images/products/3/LN_451171_BP_3.jpg,https://www.waitrose.com/ecom/products/no1-lamb-loin-fillet-with-rosemary/451171-702513-702514,No.1 Lamb Loin Fillet with Rosemary,Typical weight 0.25kg,£15.50 each est.,£62.00/kg,,Waitrose Brands
876992,No. 1 Italian Torta di Gorgonzola Blue Cheese Strength 3,G,false,1345,https://ecom-su-static-prod.wtrecom.com/images/products/3/LN_876992_BP_3.jpg,https://www.waitrose.com/ecom/products/no-1-italian-torta-di-gorgonzola-blue-cheese-strength-3/876992-498319-498320,No. 1 Italian Torta di Gorgonzola Blue Cheese Strength 3,200g,£4.50,£22.50/kg,,Waitrose Brands
737064,Japan Menyū 4 Katsu Curry Vegetable Steamed Buns,G,true,1346,https://ecom-su-static-prod.wtrecom.com/images/products/3/LN_737064_BP_3.jpg,https://www.waitrose.com/ecom/products/japan-meny-4-katsu-curry-vegetable-steamed-buns/737064-810981-810982,Japan Menyū 4 Katsu Curry Vegetable Steamed Buns,120g,£2.40,£2/100g,20% Off. Was £3.00,Waitrose Brands
819254,Cooks' Ingredients Sweet Pastry Tartlet Cases,G,false,1347,https://ecom-su-static-prod.wtrecom.com/images/products/3/LN_819254_BP_3.jpg,https://www.waitrose.com/ecom/products/cooks-ingredients-sweet-pastry-tartlet-cases/819254-756450-756451,Cooks' Ingredients Sweet Pastry Tartlet Cases,117g,£3.00,£2.57/100g,,Waitrose Brands
810201,Essential Daily Care 2 in 1,G,false,1348,https://ecom-su-static-prod.wtrecom.com/images/products/3/LN_810201_BP_3.jpg,https://www.waitrose.com/ecom/products/essential-daily-care-2-in-1/810201-352482-352483,Essential Daily Care 2 in 1,300ml,£1.75,58.3p/100ml,,Waitrose Brands
098800,Cooks' Ingredients Salted Capers,G,false,1349,https://ecom-su-static-prod.wtrecom.com/images/products/3/LN_098800_BP_3.jpg,https://www.waitrose.com/ecom/products/cooks-ingredients-salted-capers/098800-50377-50378,Cooks' Ingredients Salted Capers,100g,£2.65,26.5p/10g,,Waitrose Brands
539272,No.1 Cederberg Syrah,W,false,1350,https://ecom-su-static-prod.wtrecom.com/images/products/3/LN_539272_BP_3.jpg,https://www.waitrose.com/ecom/products/no1-cederberg-syrah/539272-712111-712112,No.1 Cederberg Syrah,75cl,£12.99,£12.99/75cl,,Waitrose Brands
767374,Essential Meat & Fish Selection Jelly & Gravy,G,false,1351,https://ecom-su-static-prod.wtrecom.com/images/products/3/LN_767374_BP_3.jpg,https://www.waitrose.com/ecom/products/essential-meat-fish-selection-jelly-gravy/767374-527805-527805,Essential Meat & Fish Selection Jelly & Gravy,48x100g,£13.30,£2.78/kg,,Waitrose Brands
891344,No. 1 Appleby's Cheshire Cheese Strength 3,G,false,1352,https://ecom-su-static-prod.wtrecom.com/images/products/3/LN_891344_BP_3.jpg,https://www.waitrose.com/ecom/products/no-1-applebys-cheshire-cheese-strength-3/891344-629544-629545,No. 1 Appleby's Cheshire Cheese Strength 3,Typical weight 0.2kg,£4.70 each est.,£23.50/kg,,Waitrose Brands
057756,Essential Chunks in Jelly with Chicken,G,false,1353,https://ecom-su-static-prod.wtrecom.com/images/products/3/LN_057756_BP_3.jpg,https://www.waitrose.com/ecom/products/essential-chunks-in-jelly-with-chicken/057756-29014-29015,Essential Chunks in Jelly with Chicken,400g,90p,£2.25/kg,,Waitrose Brands
830485,Levantine Table Spiced Lamb Pastries,G,false,1354,https://ecom-su-static-prod.wtrecom.com/images/products/3/LN_830485_BP_3.jpg,https://www.waitrose.com/ecom/products/levantine-table-spiced-lamb-pastries/830485-755689-755690,Levantine Table Spiced Lamb Pastries,100g,£3.90,£3.90/100g,,Waitrose Brands
493268,Cooks' Ingredients Soffritto,G,false,1355,https://ecom-su-static-prod.wtrecom.com/images/products/3/LN_493268_BP_3.jpg,https://www.waitrose.com/ecom/products/cooks-ingredients-soffritto/493268-312281-312282,Cooks' Ingredients Soffritto,200g,£1.60,£8/kg,,Waitrose Brands
085537,Duchy Organic Cauliflower,G,false,1356,https://ecom-su-static-prod.wtrecom.com/images/products/3/LN_085537_BP_3.jpg,https://www.waitrose.com/ecom/products/duchy-organic-cauliflower/085537-43626-43627,Duchy Organic Cauliflower,Each,£2.30,£2.30 each,,Waitrose Brands
404683,Cooks' Ingredients Bouquet Garni,G,false,1357,https://ecom-su-static-prod.wtrecom.com/images/products/3/LN_404683_BP_3.jpg,https://www.waitrose.com/ecom/products/cooks-ingredients-bouquet-garni/404683-784776-784777,Cooks' Ingredients Bouquet Garni,5g,£1.60,£3.20/10g,,Waitrose Brands
751132,Cooks' Ingredients Sour Cherries,G,false,1358,https://ecom-su-static-prod.wtrecom.com/images/products/3/LN_751132_BP_3.jpg,https://www.waitrose.com/ecom/products/cooks-ingredients-sour-cherries/751132-756081-756082,Cooks' Ingredients Sour Cherries,75g,£3.00,40p/10g,,Waitrose Brands
797600,Duchy Organic Chilli Flakes,G,false,1359,https://ecom-su-static-prod.wtrecom.com/images/products/3/LN_797600_BP_3.jpg,https://www.waitrose.com/ecom/products/duchy-organic-chilli-flakes/797600-785134-785135,Duchy Organic Chilli Flakes,32g,£1.95,60.9p/10g,,Waitrose Brands
474274,Essential Extra Mature Cheddar Cheese Strength 6 Small,G,false,1360,https://ecom-su-static-prod.wtrecom.com/images/products/3/LN_474274_BP_3.jpg,https://www.waitrose.com/ecom/products/essential-extra-mature-cheddar-cheese-strength-6-small/474274-268062-268063,Essential Extra Mature Cheddar Cheese Strength 6 Small,160g,£1.60,£10/kg,,Waitrose Brands
410556,No.1 Lamb Small Boneless Leg,G,false,1361,https://ecom-su-static-prod.wtrecom.com/images/products/3/LN_410556_BP_3.jpg,https://www.waitrose.com/ecom/products/no1-lamb-small-boneless-leg/410556-590262-590263,No.1 Lamb Small Boneless Leg,Typical weight 0.72kg,£19.31 each est.,£27.01/kg,,Waitrose Brands
845525,Essential Aqueous Cream,G,false,1362,https://ecom-su-static-prod.wtrecom.com/images/products/3/LN_845525_BP_3.jpg,https://www.waitrose.com/ecom/products/essential-aqueous-cream/845525-275001-275002,Essential Aqueous Cream,500g,£5.30,£1.06/100g,,Waitrose Brands
595237,No.1 Dark Chocolate Truffles,G,true,1363,https://ecom-su-static-prod.wtrecom.com/images/products/3/LN_595237_BP_3.jpg,https://www.waitrose.com/ecom/products/no1-dark-chocolate-truffles/595237-731611-731612,No.1 Dark Chocolate Truffles,125g,£5.20,£4.16/100g,20% Off. Was £6.50,Waitrose Brands
720061,Duchy Organic Beetroot Relish,G,false,1364,https://ecom-su-static-prod.wtrecom.com/images/products/3/LN_720061_BP_3.jpg,https://www.waitrose.com/ecom/products/duchy-organic-beetroot-relish/720061-102339-102340,Duchy Organic Beetroot Relish,310g,£3.95,£1.28/100g,,Waitrose Brands
877830,No.1 Papua New Guinea Ground Coffee,G,false,1365,https://ecom-su-static-prod.wtrecom.com/images/products/3/LN_877830_BP_3.jpg,https://www.waitrose.com/ecom/products/no1-papua-new-guinea-ground-coffee/877830-711938-711939,No.1 Papua New Guinea Ground Coffee,227g,£4.00,£1.77/100g,,Waitrose Brands
462782,Cooks' Ingredients Cacio E Pepe Paste,G,false,1366,https://ecom-su-static-prod.wtrecom.com/images/products/3/LN_462782_BP_3.jpg,https://www.waitrose.com/ecom/products/cooks-ingredients-cacio-e-pepe-paste/462782-784830-784831,Cooks' Ingredients Cacio E Pepe Paste,90g,£3.30,£3.67/100g,,Waitrose Brands
058838,Duchy Organic Whole Grain Rice,G,false,1367,https://ecom-su-static-prod.wtrecom.com/images/products/3/LN_058838_BP_3.jpg,https://www.waitrose.com/ecom/products/duchy-organic-whole-grain-rice/058838-29608-29609,Duchy Organic Whole Grain Rice,1kg,£4.40,£4.40/kg,,Waitrose Brands
593183,PlantLiving: Vegan Chocolate Celebration Cake,G,false,1368,https://ecom-su-static-prod.wtrecom.com/images/products/3/LN_593183_BP_3.jpg,https://www.waitrose.com/ecom/products/plantliving-vegan-chocolate-celebration-cake/593183-769116-769117,PlantLiving: Vegan Chocolate Celebration Cake,each,£10.00,£10 each,,Waitrose Brands
409207,Duchy Organic Paprika,G,false,1369,https://ecom-su-static-prod.wtrecom.com/images/products/3/LN_409207_BP_3.jpg,https://www.waitrose.com/ecom/products/duchy-organic-paprika/409207-784778-784779,Duchy Organic Paprika,45g,£1.95,43.3p/10g,,Waitrose Brands
006742,Essential Currants,G,false,1370,https://ecom-su-static-prod.wtrecom.com/images/products/3/LN_006742_BP_3.jpg,https://www.waitrose.com/ecom/products/essential-currants/006742-3007-3008,Essential Currants,1kg,£3.85,£3.85/kg,,Waitrose Brands
841495,Duchy Organic Black Beans in Water,G,false,1371,https://ecom-su-static-prod.wtrecom.com/images/products/3/LN_841495_BP_3.jpg,https://www.waitrose.com/ecom/products/duchy-organic-black-beans-in-water/841495-747696-747697,Duchy Organic Black Beans in Water,drained 255g,£1.15,£4.51/kg,,Waitrose Brands
727405,Essential Heartburn & Indigestion Relief,G,false,1372,https://ecom-su-static-prod.wtrecom.com/images/products/3/LN_727405_BP_3.jpg,https://www.waitrose.com/ecom/products/essential-heartburn-indigestion-relief/727405-274897-274898,Essential Heartburn & Indigestion Relief,500ml,£6.70,£1.34/100ml,,Waitrose Brands
620500,Cooks' Ingredients Green Tikka Paste,G,false,1373,https://ecom-su-static-prod.wtrecom.com/images/products/3/LN_620500_BP_3.jpg,https://www.waitrose.com/ecom/products/cooks-ingredients-green-tikka-paste/620500-784738-784739,Cooks' Ingredients Green Tikka Paste,175g,£2.25,£1.29/100g,,Waitrose Brands
688494,No.1 Mature Cheddar Cheese & Caramelised Onion Rolls,G,true,1374,https://ecom-su-static-prod.wtrecom.com/images/products/3/LN_688494_BP_3.jpg,https://www.waitrose.com/ecom/products/no1-mature-cheddar-cheese-caramelised-onion-rolls/688494-827218-827219,No.1 Mature Cheddar Cheese & Caramelised Onion Rolls,188g,£3.04,£1.62/100g,Introductory Offer.Will be £3.80,Waitrose Brands
455951,Cooks' Ingredients Chipotle Flakes,G,false,1375,https://ecom-su-static-prod.wtrecom.com/images/products/3/LN_455951_BP_3.jpg,https://www.waitrose.com/ecom/products/cooks-ingredients-chipotle-flakes/455951-784820-784821,Cooks' Ingredients Chipotle Flakes,32g,£1.70,53.1p/10g,,Waitrose Brands
888413,Cooks' Ingredients Gochujang Paste,G,false,1376,https://ecom-su-static-prod.wtrecom.com/images/products/3/LN_888413_BP_3.jpg,https://www.waitrose.com/ecom/products/cooks-ingredients-gochujang-paste/888413-457274-457275,Cooks' Ingredients Gochujang Paste,105g,£1.85,£1.77/100g,,Waitrose Brands
882964,Duchy Organic British Rack Of Lamb,G,false,1377,https://ecom-su-static-prod.wtrecom.com/images/products/3/LN_882964_BP_3.jpg,https://www.waitrose.com/ecom/products/duchy-organic-british-rack-of-lamb/882964-581686-581687,Duchy Organic British Rack Of Lamb,Typical weight 0.45kg,£18.90 each est.,£42.00/kg,,Waitrose Brands
882282,No.1 British Rose Veal Cote de Veau,G,false,1378,https://ecom-su-static-prod.wtrecom.com/images/products/3/LN_882282_BP_3.jpg,https://www.waitrose.com/ecom/products/no1-british-rose-veal-cote-de-veau/882282-581684-581685,No.1 British Rose Veal Cote de Veau,Typical weight 0.34kg,£11.82 each est.,£34.51/kg,,Waitrose Brands
880823,Essential Pregnancy Test Kit,G,false,1379,https://ecom-su-static-prod.wtrecom.com/images/products/3/LN_880823_BP_3.jpg,https://www.waitrose.com/ecom/products/essential-pregnancy-test-kit/880823-311488-311489,Essential Pregnancy Test Kit,2s,£3.95,£3.95 each,,Waitrose Brands
877254,Essential Blister Plasters,G,false,1380,https://ecom-su-static-prod.wtrecom.com/images/products/3/LN_877254_BP_3.jpg,https://www.waitrose.com/ecom/products/essential-blister-plasters/877254-642670-642671,Essential Blister Plasters,5s,£3.15,63p each,,Waitrose Brands
872535,Waitrose Abate Fetel Pears,G,true,1381,https://ecom-su-static-prod.wtrecom.com/images/products/3/LN_872535_BP_3.jpg,https://www.waitrose.com/ecom/products/waitrose-abate-fetel-pears/872535-373767-373768,Waitrose Abate Fetel Pears,4s,£2.00,50p each,20% Off. Was £2.50,Waitrose Brands
871338,Cooks' Ingredients Smoky 3 Chilli Paste,G,false,1382,https://ecom-su-static-prod.wtrecom.com/images/products/3/LN_871338_BP_3.jpg,https://www.waitrose.com/ecom/products/cooks-ingredients-smoky-3-chilli-paste/871338-784766-784767,Cooks' Ingredients Smoky 3 Chilli Paste,100g,£1.85,£1.85/100g,,Waitrose Brands
868531,Cooks' Ingredients Lebanese 7-Spice,G,false,1383,https://ecom-su-static-prod.wtrecom.com/images/products/3/LN_868531_BP_3.jpg,https://www.waitrose.com/ecom/products/cooks-ingredients-lebanese-7-spice/868531-756219-756220,Cooks' Ingredients Lebanese 7-Spice,50g,£2.50,50p/10g,,Waitrose Brands
861830,Japan Menyū 2 Teriyaki Glazed Salmon fillets,G,true,1384,https://ecom-su-static-prod.wtrecom.com/images/products/3/LN_861830_BP_3.jpg,https://www.waitrose.com/ecom/products/japan-meny-2-teriyaki-glazed-salmon-fillets/861830-811051-811052,Japan Menyū 2 Teriyaki Glazed Salmon fillets,235g,£5.56,£2.37/100g,20% Off. Was £6.95,Waitrose Brands
860245,Duchy Organic Redcurrant Jelly,G,false,1385,https://ecom-su-static-prod.wtrecom.com/images/products/3/LN_860245_BP_3.jpg,https://www.waitrose.com/ecom/products/duchy-organic-redcurrant-jelly/860245-747626-747627,Duchy Organic Redcurrant Jelly,220g,£3.70,£1.69/100g,,Waitrose Brands
857832,Cooks' Ingredients Caramel Flavouring,G,false,1386,https://ecom-su-static-prod.wtrecom.com/images/products/3/LN_857832_BP_3.jpg,https://www.waitrose.com/ecom/products/cooks-ingredients-caramel-flavouring/857832-331933-331934,Cooks' Ingredients Caramel Flavouring,38ml,£1.50,39.5p/10ml,,Waitrose Brands
856234,Cooks' Ingredients Jerk Marinade Paste,G,false,1387,https://ecom-su-static-prod.wtrecom.com/images/products/3/LN_856234_BP_3.jpg,https://www.waitrose.com/ecom/products/cooks-ingredients-jerk-marinade-paste/856234-785232-785233,Cooks' Ingredients Jerk Marinade Paste,95g,£1.85,19.5p/10g,,Waitrose Brands
855654,No. 1 Highmoor Semi Soft Cheese Strength 3,G,false,1388,https://ecom-su-static-prod.wtrecom.com/images/products/3/LN_855654_BP_3.jpg,https://www.waitrose.com/ecom/products/no-1-highmoor-semi-soft-cheese-strength-3/855654-704591-704592,No. 1 Highmoor Semi Soft Cheese Strength 3,150g,£5.60,£3.74/100g,,Waitrose Brands
855038,Waitrose Cake Board & Box,G,false,1389,https://ecom-su-static-prod.wtrecom.com/images/products/3/LN_855038_BP_3.jpg,https://www.waitrose.com/ecom/products/waitrose-cake-board-box/855038-673127-673128,Waitrose Cake Board & Box,Each,£4.00,£4 each,,Waitrose Brands
853665,Cooks' Ingredients Rosemary & Thyme Oil,G,false,1390,https://ecom-su-static-prod.wtrecom.com/images/products/3/LN_853665_BP_3.jpg,https://www.waitrose.com/ecom/products/cooks-ingredients-rosemary-thyme-oil/853665-785226-785227,Cooks' Ingredients Rosemary & Thyme Oil,250ml,£3.50,£1.40/100ml,,Waitrose Brands
853233,No. 1 Robiola Bosina Italian Cheese Strength 2,G,false,1391,https://ecom-su-static-prod.wtrecom.com/images/products/3/LN_853233_BP_3.jpg,https://www.waitrose.com/ecom/products/no-1-robiola-bosina-italian-cheese-strength-2/853233-744083-744084,No. 1 Robiola Bosina Italian Cheese Strength 2,250g,£6.85,£27.40/kg,,Waitrose Brands
851478,Essential Golden Syrup Instant Oats,G,false,1392,https://ecom-su-static-prod.wtrecom.com/images/products/3/LN_851478_BP_3.jpg,https://www.waitrose.com/ecom/products/essential-golden-syrup-instant-oats/851478-164852-164853,Essential Golden Syrup Instant Oats,10x39g,£1.50,38.5p/100g,,Waitrose Brands
850591,Cooks' Ingredients Chocolate & Brazilian Orange Icing,G,false,1393,https://ecom-su-static-prod.wtrecom.com/images/products/3/LN_850591_BP_3.jpg,https://www.waitrose.com/ecom/products/cooks-ingredients-chocolate-brazilian-orange-icing/850591-789186-789187,Cooks' Ingredients Chocolate & Brazilian Orange Icing,400g,£2.75,£6.88/kg,,Waitrose Brands
848575,Cooks' Ingredients Silican Lemon Extract,G,false,1394,https://ecom-su-static-prod.wtrecom.com/images/products/3/LN_848575_BP_3.jpg,https://www.waitrose.com/ecom/products/cooks-ingredients-silican-lemon-extract/848575-260980-260981,Cooks' Ingredients Silican Lemon Extract,38ml,£1.50,39.5p/10ml,,Waitrose Brands
846359,Cooks' Ingredients Fines Herbes,G,true,1395,https://ecom-su-static-prod.wtrecom.com/images/products/3/LN_846359_BP_3.jpg,https://www.waitrose.com/ecom/products/cooks-ingredients-fines-herbes/846359-785214-785215,Cooks' Ingredients Fines Herbes,11g,£1.60,£1.46/10g,Add 2 for £2.75,Waitrose Brands
845904,Cooks' Ingredients Marjoram,G,true,1396,https://ecom-su-static-prod.wtrecom.com/images/products/3/LN_845904_BP_3.jpg,https://www.waitrose.com/ecom/products/cooks-ingredients-marjoram/845904-785212-785213,Cooks' Ingredients Marjoram,9g,£1.60,£1.78/10g,Add 2 for £2.75,Waitrose Brands
844214,Cooks' Ingredients Deggi Mirch Blend,G,false,1397,https://ecom-su-static-prod.wtrecom.com/images/products/3/LN_844214_BP_3.jpg,https://www.waitrose.com/ecom/products/cooks-ingredients-deggi-mirch-blend/844214-784762-784763,Cooks' Ingredients Deggi Mirch Blend,50g,£2.00,40p/10g,,Waitrose Brands
843781,Cooks' Ingredients Red Chilli Paste,G,false,1398,https://ecom-su-static-prod.wtrecom.com/images/products/3/LN_843781_BP_3.jpg,https://www.waitrose.com/ecom/products/cooks-ingredients-red-chilli-paste/843781-785208-785209,Cooks' Ingredients Red Chilli Paste,95g,£1.85,19.5p/10g,,Waitrose Brands
841032,Duchy Organic Ground Coriander,G,false,1399,https://ecom-su-static-prod.wtrecom.com/images/products/3/LN_841032_BP_3.jpg,https://www.waitrose.com/ecom/products/duchy-organic-ground-coriander/841032-785204-785205,Duchy Organic Ground Coriander,40g,£1.95,48.8p/10g,,Waitrose Brands
837069,Cooks' Ingredients Yellow Mustard Seeds,G,true,1400,https://ecom-su-static-prod.wtrecom.com/images/products/3/LN_837069_BP_3.jpg,https://www.waitrose.com/ecom/products/cooks-ingredients-yellow-mustard-seeds/837069-785200-785201,Cooks' Ingredients Yellow Mustard Seeds,58g,£1.60,27.6p/10g,Add 2 for £2.75,Waitrose Brands
833834,Cooks' Ingredients Chocolate Mini Jazzies,G,false,1401,https://ecom-su-static-prod.wtrecom.com/images/products/3/LN_833834_BP_3.jpg,https://www.waitrose.com/ecom/products/cooks-ingredients-chocolate-mini-jazzies/833834-752673-752674,Cooks' Ingredients Chocolate Mini Jazzies,50g,£1.30,£26/kg,,Waitrose Brands
831486,No.1 Gouda & Black Pepper Thins,G,false,1402,https://ecom-su-static-prod.wtrecom.com/images/products/3/LN_831486_BP_3.jpg,https://www.waitrose.com/ecom/products/no1-gouda-black-pepper-thins/831486-705744-705745,No.1 Gouda & Black Pepper Thins,70g,£1.85,£2.65/100g,,Waitrose Brands
830715,Duchy Organic Ground Ginger,G,false,1403,https://ecom-su-static-prod.wtrecom.com/images/products/3/LN_830715_BP_3.jpg,https://www.waitrose.com/ecom/products/duchy-organic-ground-ginger/830715-785188-785189,Duchy Organic Ground Ginger,32g,£1.95,60.9p/10g,,Waitrose Brands
824810,Cooks' Ingredients Herby Fennel Sausage Crumb,G,true,1404,https://ecom-su-static-prod.wtrecom.com/images/products/3/LN_824810_BP_3.jpg,https://www.waitrose.com/ecom/products/cooks-ingredients-herby-fennel-sausage-crumb/824810-785578-785579,Cooks' Ingredients Herby Fennel Sausage Crumb,2 x 60g,£2.56,£2.14/100g,20% Off. Was £3.20,Waitrose Brands
821082,No. 1 Bix Soft Cheese Strength 2,G,false,1405,https://ecom-su-static-prod.wtrecom.com/images/products/3/LN_821082_BP_3.jpg,https://www.waitrose.com/ecom/products/no-1-bix-soft-cheese-strength-2/821082-697750-697751,No. 1 Bix Soft Cheese Strength 2,100g,£5.95,£59.50/kg,,Waitrose Brands
817666,No.1 Lamb Leg Steaks,G,false,1406,https://ecom-su-static-prod.wtrecom.com/images/products/3/LN_817666_BP_3.jpg,https://www.waitrose.com/ecom/products/no1-lamb-leg-steaks/817666-507973-507974,No.1 Lamb Leg Steaks,Typical weight 0.23kg,£10.03 each est.,£42.99/kg,,Waitrose Brands
816320,Cooks' Ingredients Anglesey Sea Salt,G,false,1407,https://ecom-su-static-prod.wtrecom.com/images/products/3/LN_816320_BP_3.jpg,https://www.waitrose.com/ecom/products/cooks-ingredients-anglesey-sea-salt/816320-785170-785171,Cooks' Ingredients Anglesey Sea Salt,170g,£5.00,£29.42/kg,,Waitrose Brands
814392,Cooks' Ingredients Kimchi Paste,G,false,1408,https://ecom-su-static-prod.wtrecom.com/images/products/3/LN_814392_BP_3.jpg,https://www.waitrose.com/ecom/products/cooks-ingredients-kimchi-paste/814392-672995-672996,Cooks' Ingredients Kimchi Paste,180g,£1.85,£1.03/100g,,Waitrose Brands
813311,Cooks' Ingredients Stars and Confetti,G,false,1409,https://ecom-su-static-prod.wtrecom.com/images/products/3/LN_813311_BP_3.jpg,https://www.waitrose.com/ecom/products/cooks-ingredients-stars-and-confetti/813311-752671-752672,Cooks' Ingredients Stars and Confetti,65g,£1.30,£20/kg,,Waitrose Brands
812988,No.1 8 Year Old Blended Scotch Whisky,G,false,1410,https://ecom-su-static-prod.wtrecom.com/images/products/3/LN_812988_BP_3.jpg,https://www.waitrose.com/ecom/products/no1-8-year-old-blended-scotch-whisky/812988-237654-237655,No.1 8 Year Old Blended Scotch Whisky,70cl,£23.00,£32.86/litre,,Waitrose Brands
812063,Cooks' Ingredients Hot Curry Powder,G,true,1411,https://ecom-su-static-prod.wtrecom.com/images/products/3/LN_812063_BP_3.jpg,https://www.waitrose.com/ecom/products/cooks-ingredients-hot-curry-powder/812063-785164-785165,Cooks' Ingredients Hot Curry Powder,40g,£1.60,40p/10g,Add 2 for £2.75,Waitrose Brands
808929,Cooks' Ingredients Dark Black Garlic,G,false,1412,https://ecom-su-static-prod.wtrecom.com/images/products/3/LN_808929_BP_3.jpg,https://www.waitrose.com/ecom/products/cooks-ingredients-dark-black-garlic/808929-672981-672982,Cooks' Ingredients Dark Black Garlic,Each,£4.00,£4 each,,Waitrose Brands
807992,Japan Menyū 2 Miso Glazed Cod Fillets,G,true,1413,https://ecom-su-static-prod.wtrecom.com/images/products/3/LN_807992_BP_3.jpg,https://www.waitrose.com/ecom/products/japan-meny-2-miso-glazed-cod-fillets/807992-811029-811030,Japan Menyū 2 Miso Glazed Cod Fillets,274g,£5.20,£1.90/100g,20% Off. Was £6.50,Waitrose Brands
807843,Cooks' Ingredients Preserved Lemon Paste,G,false,1414,https://ecom-su-static-prod.wtrecom.com/images/products/3/LN_807843_BP_3.jpg,https://www.waitrose.com/ecom/products/cooks-ingredients-preserved-lemon-paste/807843-804968-804969,Cooks' Ingredients Preserved Lemon Paste,90g,£2.50,£2.78/100g,,Waitrose Brands
807782,Essential Crunchy Vegetable Stir Fry,G,true,1415,https://ecom-su-static-prod.wtrecom.com/images/products/3/LN_807782_BP_3.jpg,https://www.waitrose.com/ecom/products/essential-crunchy-vegetable-stir-fry/807782-161891-161892,Essential Crunchy Vegetable Stir Fry,450g,£1.60,35.6p/100g,"£7 Stir Fry Meal Deal: Add protein, veg, sauce & rice or noodles",Waitrose Brands
806139,No1. Damson & Apple Chutney,G,false,1416,https://ecom-su-static-prod.wtrecom.com/images/products/3/LN_806139_BP_3.jpg,https://www.waitrose.com/ecom/products/no1-damson-apple-chutney/806139-697916-697917,No1. Damson & Apple Chutney,120g,£3.00,£2.50/100g,,Waitrose Brands
800846,No. 1 Saint Vernier French Soft Cheese Strength 3,G,false,1417,https://ecom-su-static-prod.wtrecom.com/images/products/3/LN_800846_BP_3.jpg,https://www.waitrose.com/ecom/products/no-1-saint-vernier-french-soft-cheese-strength-3/800846-151932-151933,No. 1 Saint Vernier French Soft Cheese Strength 3,100g,£4.30,£43/kg,,Waitrose Brands
800405,Cooks' Ingredients Red & Pink Hearts,G,false,1418,https://ecom-su-static-prod.wtrecom.com/images/products/3/LN_800405_BP_3.jpg,https://www.waitrose.com/ecom/products/cooks-ingredients-red-pink-hearts/800405-752667-752668,Cooks' Ingredients Red & Pink Hearts,63g,£1.30,£20.64/kg,,Waitrose Brands
793592,Cooks' Ingredients Umami Paste,G,false,1419,https://ecom-su-static-prod.wtrecom.com/images/products/3/LN_793592_BP_3.jpg,https://www.waitrose.com/ecom/products/cooks-ingredients-umami-paste/793592-312397-312398,Cooks' Ingredients Umami Paste,95g,£2.00,£2.11/100g,,Waitrose Brands
786448,Cooks' Ingredients Barbacoa Seasoning,G,false,1420,https://ecom-su-static-prod.wtrecom.com/images/products/3/LN_786448_BP_3.jpg,https://www.waitrose.com/ecom/products/cooks-ingredients-barbacoa-seasoning/786448-711264-711265,Cooks' Ingredients Barbacoa Seasoning,50g,£2.50,50p/10g,,Waitrose Brands
775025,Essential Daily Conditioner,G,false,1421,https://ecom-su-static-prod.wtrecom.com/images/products/3/LN_775025_BP_3.jpg,https://www.waitrose.com/ecom/products/essential-daily-conditioner/775025-110225-110226,Essential Daily Conditioner,300ml,£1.75,58.3p/100ml,,Waitrose Brands
774125,Cooks' Ingredients Ginger & Turmeric Paste,G,false,1422,https://ecom-su-static-prod.wtrecom.com/images/products/3/LN_774125_BP_3.jpg,https://www.waitrose.com/ecom/products/cooks-ingredients-ginger-turmeric-paste/774125-785112-785113,Cooks' Ingredients Ginger & Turmeric Paste,90g,£1.60,17.8p/10g,,Waitrose Brands
771960,Cooks' Ingredients Fiery Lemon Harissa Paste,G,false,1423,https://ecom-su-static-prod.wtrecom.com/images/products/3/LN_771960_BP_3.jpg,https://www.waitrose.com/ecom/products/cooks-ingredients-fiery-lemon-harissa-paste/771960-804948-804949,Cooks' Ingredients Fiery Lemon Harissa Paste,95g,£2.50,£2.64/100g,,Waitrose Brands
770645,Cooks' Ingredients Peppery Pul Biber,G,false,1424,https://ecom-su-static-prod.wtrecom.com/images/products/3/LN_770645_BP_3.jpg,https://www.waitrose.com/ecom/products/cooks-ingredients-peppery-pul-biber/770645-672895-672896,Cooks' Ingredients Peppery Pul Biber,40g,£2.75,68.8p/10g,,Waitrose Brands
767074,Cooks' Ingredients Vadouvan Spice Blend,G,false,1425,https://ecom-su-static-prod.wtrecom.com/images/products/3/LN_767074_BP_3.jpg,https://www.waitrose.com/ecom/products/cooks-ingredients-vadouvan-spice-blend/767074-784750-784751,Cooks' Ingredients Vadouvan Spice Blend,55g,£1.50,27.3p/10g,,Waitrose Brands
758971,Cooks' Ingredients Edible Confetti Strands,G,false,1426,https://ecom-su-static-prod.wtrecom.com/images/products/3/LN_758971_BP_3.jpg,https://www.waitrose.com/ecom/products/cooks-ingredients-edible-confetti-strands/758971-260888-260889,Cooks' Ingredients Edible Confetti Strands,65g,£1.30,£20/kg,,Waitrose Brands
757727,Cooks' Ingredients Orange Extract,G,false,1427,https://ecom-su-static-prod.wtrecom.com/images/products/3/LN_757727_BP_3.jpg,https://www.waitrose.com/ecom/products/cooks-ingredients-orange-extract/757727-260886-260887,Cooks' Ingredients Orange Extract,38ml,£1.50,£3.95/100ml,,Waitrose Brands
757578,Waitrose Shredded Chicken,G,true,1428,https://ecom-su-static-prod.wtrecom.com/images/products/3/LN_757578_BP_3.jpg,https://www.waitrose.com/ecom/products/waitrose-shredded-chicken/757578-827226-827227,Waitrose Shredded Chicken,150g,£3.50,£2.34/100g,New Line,Waitrose Brands
755752,Cooks' Ingredients Hibiscus,G,false,1429,https://ecom-su-static-prod.wtrecom.com/images/products/3/LN_755752_BP_3.jpg,https://www.waitrose.com/ecom/products/cooks-ingredients-hibiscus/755752-756083-756084,Cooks' Ingredients Hibiscus,40g,£2.50,62.5p/10g,,Waitrose Brands
754061,No.1 Ristretto Coffee Capsules 10s,G,false,1430,https://ecom-su-static-prod.wtrecom.com/images/products/3/LN_754061_BP_3.jpg,https://www.waitrose.com/ecom/products/no1-ristretto-coffee-capsules-10s/754061-719764-719765,No.1 Ristretto Coffee Capsules 10s,54g,£3.25,£6.02/100g,,Waitrose Brands
751034,Cooks' Ingredients Chermoula Paste,G,false,1431,https://ecom-su-static-prod.wtrecom.com/images/products/3/LN_751034_BP_3.jpg,https://www.waitrose.com/ecom/products/cooks-ingredients-chermoula-paste/751034-793558-793559,Cooks' Ingredients Chermoula Paste,95g,£2.00,£2.11/100g,,Waitrose Brands
743202,Cooks' Ingredients White Fondant Icing,G,false,1432,https://ecom-su-static-prod.wtrecom.com/images/products/3/LN_743202_BP_3.jpg,https://www.waitrose.com/ecom/products/cooks-ingredients-white-fondant-icing/743202-231037-231038,Cooks' Ingredients White Fondant Icing,500g,£1.95,£3.90/kg,,Waitrose Brands
742294,Essential Saline Solution,G,false,1433,https://ecom-su-static-prod.wtrecom.com/images/products/3/LN_742294_BP_3.jpg,https://www.waitrose.com/ecom/products/essential-saline-solution/742294-311316-311317,Essential Saline Solution,360ml,£2.55,70.8p/100ml,,Waitrose Brands
735556,Cooks' Ingredients 6 Sweet Pastry Cases,G,false,1434,https://ecom-su-static-prod.wtrecom.com/images/products/3/LN_735556_BP_3.jpg,https://www.waitrose.com/ecom/products/cooks-ingredients-6-sweet-pastry-cases/735556-450626-450627,Cooks' Ingredients 6 Sweet Pastry Cases,156g,£2.70,£1.74/100g,,Waitrose Brands
735479,Cooks' Ingredients Dulse Seaweed,G,false,1435,https://ecom-su-static-prod.wtrecom.com/images/products/3/LN_735479_BP_3.jpg,https://www.waitrose.com/ecom/products/cooks-ingredients-dulse-seaweed/735479-785084-785085,Cooks' Ingredients Dulse Seaweed,7g,£3.50,£5/10g,,Waitrose Brands
729740,Cooks' Ingredients Mango Amba Sauce,G,false,1436,https://ecom-su-static-prod.wtrecom.com/images/products/3/LN_729740_BP_3.jpg,https://www.waitrose.com/ecom/products/cooks-ingredients-mango-amba-sauce/729740-767075-767076,Cooks' Ingredients Mango Amba Sauce,180g,£3.00,£1.67/100g,,Waitrose Brands
727263,Essential Day & Night Capsules,G,false,1437,https://ecom-su-static-prod.wtrecom.com/images/products/3/LN_727263_BP_3.jpg,https://www.waitrose.com/ecom/products/essential-day-night-capsules/727263-655893-655894,Essential Day & Night Capsules,16s,£2.90,18.1p each,,Waitrose Brands
724914,Cooks' Ingredients Easy Ramen Paste,G,false,1438,https://ecom-su-static-prod.wtrecom.com/images/products/3/LN_724914_BP_3.jpg,https://www.waitrose.com/ecom/products/cooks-ingredients-easy-ramen-paste/724914-784744-784745,Cooks' Ingredients Easy Ramen Paste,190g,£2.50,£1.32/100g,,Waitrose Brands
723407,Cooks' Ingredients Frozen Stir Fry Vegetable Mix,G,false,1439,https://ecom-su-static-prod.wtrecom.com/images/products/3/LN_723407_BP_3.jpg,https://www.waitrose.com/ecom/products/cooks-ingredients-frozen-stir-fry-vegetable-mix/723407-784544-784545,Cooks' Ingredients Frozen Stir Fry Vegetable Mix,400g,£2.00,50p/100g,,Waitrose Brands
722315,No.1 Brazil Assodantas Coffee Beans,G,false,1440,https://ecom-su-static-prod.wtrecom.com/images/products/3/LN_722315_BP_3.jpg,https://www.waitrose.com/ecom/products/no1-brazil-assodantas-coffee-beans/722315-711782-711783,No.1 Brazil Assodantas Coffee Beans,227g,£4.00,£1.77/100g,,Waitrose Brands
715971,Cooks' Ingredients Mulling Spice,G,false,1441,https://ecom-su-static-prod.wtrecom.com/images/products/3/LN_715971_BP_3.jpg,https://www.waitrose.com/ecom/products/cooks-ingredients-mulling-spice/715971-785066-785067,Cooks' Ingredients Mulling Spice,14g,£2.35,£1.68/10g,,Waitrose Brands
714118,Cooks' Ingredients Smoky Chipotle Crust,G,false,1442,https://ecom-su-static-prod.wtrecom.com/images/products/3/LN_714118_BP_3.jpg,https://www.waitrose.com/ecom/products/cooks-ingredients-smoky-chipotle-crust/714118-785064-785065,Cooks' Ingredients Smoky Chipotle Crust,110g,£2.40,£2.19/100g,,Waitrose Brands
713741,Cooks' Ingredients Blue Gel Colouring,G,false,1443,https://ecom-su-static-prod.wtrecom.com/images/products/3/LN_713741_BP_3.jpg,https://www.waitrose.com/ecom/products/cooks-ingredients-blue-gel-colouring/713741-711774-711775,Cooks' Ingredients Blue Gel Colouring,19g,£1.40,£73.69/kg,,Waitrose Brands
711936,No.1 Cognac VSOP,G,false,1444,https://ecom-su-static-prod.wtrecom.com/images/products/3/LN_711936_BP_3.jpg,https://www.waitrose.com/ecom/products/no1-cognac-vsop/711936-237608-237609,No.1 Cognac VSOP,70cl,£31.00,£44.29/litre,,Waitrose Brands
709824,No.1 Abervale Lamb Butterflied Leg & Garlic,G,false,1445,https://ecom-su-static-prod.wtrecom.com/images/products/3/LN_709824_BP_3.jpg,https://www.waitrose.com/ecom/products/no1-abervale-lamb-butterflied-leg-garlic/709824-703130-703131,No.1 Abervale Lamb Butterflied Leg & Garlic,Typical weight 0.45kg,£12.38 each est.,£27.51/kg,,Waitrose Brands
706759,Essential Strength Congestion,G,false,1446,https://ecom-su-static-prod.wtrecom.com/images/products/3/LN_706759_BP_3.jpg,https://www.waitrose.com/ecom/products/essential-strength-congestion/706759-655851-655852,Essential Strength Congestion,12s,£1.80,15p each,,Waitrose Brands
706742,No.1 Lamb Boneless Half Shoulder,G,false,1447,https://ecom-su-static-prod.wtrecom.com/images/products/3/LN_706742_BP_3.jpg,https://www.waitrose.com/ecom/products/no1-lamb-boneless-half-shoulder/706742-703126-703127,No.1 Lamb Boneless Half Shoulder,Typical weight 0.7kg,£18.55 each est.,£26.50/kg,,Waitrose Brands
705453,Essential Nicotine Replacement 2mg,G,false,1448,https://ecom-su-static-prod.wtrecom.com/images/products/3/LN_705453_BP_3.jpg,https://www.waitrose.com/ecom/products/essential-nicotine-replacement-2mg/705453-655849-655850,Essential Nicotine Replacement 2mg,72s,£8.70,12.1p each,,Waitrose Brands
697038,Cooks' Ingredients Fragrant Laksa Paste,G,false,1449,https://ecom-su-static-prod.wtrecom.com/images/products/3/LN_697038_BP_3.jpg,https://www.waitrose.com/ecom/products/cooks-ingredients-fragrant-laksa-paste/697038-312365-312366,Cooks' Ingredients Fragrant Laksa Paste,185g,£2.00,£1.09/100g,,Waitrose Brands
695549,No.1 Milk Chocolate & Orange Florentines,G,false,1450,https://ecom-su-static-prod.wtrecom.com/images/products/3/LN_695549_BP_3.jpg,https://www.waitrose.com/ecom/products/no1-milk-chocolate-orange-florentines/695549-705360-705361,No.1 Milk Chocolate & Orange Florentines,150g,£4.00,£2.67/100g,,Waitrose Brands
689241,Cooks' Ingredients Chaat Masala,G,false,1451,https://ecom-su-static-prod.wtrecom.com/images/products/3/LN_689241_BP_3.jpg,https://www.waitrose.com/ecom/products/cooks-ingredients-chaat-masala/689241-672763-672764,Cooks' Ingredients Chaat Masala,56g,£2.50,44.6p/10g,,Waitrose Brands
685143,"No.1 Sauternes, Château Suduiraut Bordeaux, France",W,false,1452,https://ecom-su-static-prod.wtrecom.com/images/products/3/LN_685143_BP_3.jpg,https://www.waitrose.com/ecom/products/no1-sauternes-chateau-suduiraut-bordeaux-france/685143-97326-97327,"No.1 Sauternes, Château Suduiraut Bordeaux, France",37.5cl,£17.99,£35.98/75cl,,Waitrose Brands
684758,Duchy Organic Mustard with Honey,G,false,1453,https://ecom-su-static-prod.wtrecom.com/images/products/3/LN_684758_BP_3.jpg,https://www.waitrose.com/ecom/products/duchy-organic-mustard-with-honey/684758-97264-97265,Duchy Organic Mustard with Honey,170g,£3.00,£1.77/100g,,Waitrose Brands
682575,Cooks' Ingredients Lemon Grass,G,false,1454,https://ecom-su-static-prod.wtrecom.com/images/products/3/LN_682575_BP_3.jpg,https://www.waitrose.com/ecom/products/cooks-ingredients-lemon-grass/682575-96962-96963,Cooks' Ingredients Lemon Grass,3g,£1.80,£6/10g,,Waitrose Brands
680690,Cooks' Ingredients Fenugreek Seeds,G,true,1455,https://ecom-su-static-prod.wtrecom.com/images/products/3/LN_680690_BP_3.jpg,https://www.waitrose.com/ecom/products/cooks-ingredients-fenugreek-seeds/680690-785032-785033,Cooks' Ingredients Fenugreek Seeds,60g,£1.60,26.7p/10g,Add 2 for £2.75,Waitrose Brands
680310,No.1 Free Range Beech Smoked Bacon Medallions,G,false,1456,https://ecom-su-static-prod.wtrecom.com/images/products/3/LN_680310_BP_3.jpg,https://www.waitrose.com/ecom/products/no1-free-range-beech-smoked-bacon-medallions/680310-731657-731658,No.1 Free Range Beech Smoked Bacon Medallions,200g,£4.50,£22.50/kg,,Waitrose Brands
677462,Cooks' Ingredients Black Garlic Paste,G,false,1457,https://ecom-su-static-prod.wtrecom.com/images/products/3/LN_677462_BP_3.jpg,https://www.waitrose.com/ecom/products/cooks-ingredients-black-garlic-paste/677462-785028-785029,Cooks' Ingredients Black Garlic Paste,95g,£5.00,52.6p/10g,,Waitrose Brands
675290,Cooks' Ingredients Satay Sauce,G,false,1458,https://ecom-su-static-prod.wtrecom.com/images/products/3/LN_675290_BP_3.jpg,https://www.waitrose.com/ecom/products/cooks-ingredients-satay-sauce/675290-711210-711211,Cooks' Ingredients Satay Sauce,180g,£2.00,£1.12/100g,,Waitrose Brands
670241,Duchy Organic Tomato Chutney,G,false,1459,https://ecom-su-static-prod.wtrecom.com/images/products/3/LN_670241_BP_3.jpg,https://www.waitrose.com/ecom/products/duchy-organic-tomato-chutney/670241-95149-95150,Duchy Organic Tomato Chutney,300g,£4.00,£1.34/100g,,Waitrose Brands
667400,Cooks' Ingredients Red Miso Paste,G,false,1460,https://ecom-su-static-prod.wtrecom.com/images/products/3/LN_667400_BP_3.jpg,https://www.waitrose.com/ecom/products/cooks-ingredients-red-miso-paste/667400-672711-672712,Cooks' Ingredients Red Miso Paste,100g,£2.00,£2/100g,,Waitrose Brands
666391,Cooks' Ingredients Ground Cloves,G,true,1461,https://ecom-su-static-prod.wtrecom.com/images/products/3/LN_666391_BP_3.jpg,https://www.waitrose.com/ecom/products/cooks-ingredients-ground-cloves/666391-785018-785019,Cooks' Ingredients Ground Cloves,37g,£1.60,43.2p/10g,Add 2 for £2.75,Waitrose Brands
657736,Waitrose CI Tamari Soy Sauce,G,false,1462,https://ecom-su-static-prod.wtrecom.com/images/products/3/LN_657736_BP_3.jpg,https://www.waitrose.com/ecom/products/waitrose-ci-tamari-soy-sauce/657736-711194-711195,Waitrose CI Tamari Soy Sauce,150ml,£2.95,£1.97/100ml,,Waitrose Brands
657358,No.1 Pork Cheese & Nduja Sausage Rolls,G,true,1463,https://ecom-su-static-prod.wtrecom.com/images/products/3/LN_657358_BP_3.jpg,https://www.waitrose.com/ecom/products/no1-pork-cheese-nduja-sausage-rolls/657358-827214-827215,No.1 Pork Cheese & Nduja Sausage Rolls,188g,£3.04,£1.62/100g,Introductory Offer.Will be £3.80,Waitrose Brands
655601,Duchy Organic Afternoon Blend 25 Tea Bags,G,false,1464,https://ecom-su-static-prod.wtrecom.com/images/products/3/LN_655601_BP_3.jpg,https://www.waitrose.com/ecom/products/duchy-organic-afternoon-blend-25-tea-bags/655601-301167-301168,Duchy Organic Afternoon Blend 25 Tea Bags,62.5g,£2.00,£3.20/100g,,Waitrose Brands
653577,Duchy Organic Oaten Biscuit Savoury Selection,G,false,1465,https://ecom-su-static-prod.wtrecom.com/images/products/3/LN_653577_BP_3.jpg,https://www.waitrose.com/ecom/products/duchy-organic-oaten-biscuit-savoury-selection/653577-754284-754284,Duchy Organic Oaten Biscuit Savoury Selection,300g,£9.00,£3/100g,,Waitrose Brands
653535,Duchy Organic British Lamb Leg Shanks,G,false,1466,https://ecom-su-static-prod.wtrecom.com/images/products/3/LN_653535_BP_3.jpg,https://www.waitrose.com/ecom/products/duchy-organic-british-lamb-leg-shanks/653535-92781-92782,Duchy Organic British Lamb Leg Shanks,Typical weight 0.78kg,£12.52 each est.,£16.00/kg,,Waitrose Brands
653479,Cooks' Ingredients Smoked Tomato Paste,G,false,1467,https://ecom-su-static-prod.wtrecom.com/images/products/3/LN_653479_BP_3.jpg,https://www.waitrose.com/ecom/products/cooks-ingredients-smoked-tomato-paste/653479-785012-785013,Cooks' Ingredients Smoked Tomato Paste,90g,£1.60,17.8p/10g,,Waitrose Brands
652693,No.1 Gruyère & Rosemary Puffs,G,false,1468,https://ecom-su-static-prod.wtrecom.com/images/products/3/LN_652693_BP_3.jpg,https://www.waitrose.com/ecom/products/no1-gruyere-rosemary-puffs/652693-705242-705243,No.1 Gruyère & Rosemary Puffs,75g,£1.85,£2.47/100g,,Waitrose Brands
649947,Cooks' Ingredients Porcini Powder,G,false,1469,https://ecom-su-static-prod.wtrecom.com/images/products/3/LN_649947_BP_3.jpg,https://www.waitrose.com/ecom/products/cooks-ingredients-porcini-powder/649947-672683-672684,Cooks' Ingredients Porcini Powder,35g,£3.75,£10.72/100g,,Waitrose Brands
649877,No.1 Lavender Shortbread,G,false,1470,https://ecom-su-static-prod.wtrecom.com/images/products/3/LN_649877_BP_3.jpg,https://www.waitrose.com/ecom/products/no1-lavender-shortbread/649877-280747-280748,No.1 Lavender Shortbread,135g,£2.75,£2.04/100g,,Waitrose Brands
648292,Duchy Organic Jazz Apples,G,false,1471,https://ecom-su-static-prod.wtrecom.com/images/products/3/LN_648292_BP_3.jpg,https://www.waitrose.com/ecom/products/duchy-organic-jazz-apples/648292-747490-747491,Duchy Organic Jazz Apples,min 4s,£2.55,63.8p each,,Waitrose Brands
647895,No.1 New Zealand Clover Honey,G,false,1472,https://ecom-su-static-prod.wtrecom.com/images/products/3/LN_647895_BP_3.jpg,https://www.waitrose.com/ecom/products/no1-new-zealand-clover-honey/647895-705228-705229,No.1 New Zealand Clover Honey,250g,£5.85,£2.34/100g,,Waitrose Brands
641589,Duchy Organic Mixed Herbs,G,false,1473,https://ecom-su-static-prod.wtrecom.com/images/products/3/LN_641589_BP_3.jpg,https://www.waitrose.com/ecom/products/duchy-organic-mixed-herbs/641589-785002-785003,Duchy Organic Mixed Herbs,13g,£1.95,£1.50/10g,,Waitrose Brands
639733,Cooks' Ingredients Madagascan Vanilla Icing,G,false,1474,https://ecom-su-static-prod.wtrecom.com/images/products/3/LN_639733_BP_3.jpg,https://www.waitrose.com/ecom/products/cooks-ingredients-madagascan-vanilla-icing/639733-791131-791132,Cooks' Ingredients Madagascan Vanilla Icing,400g,£2.75,£6.88/kg,,Waitrose Brands
639210,Cooks' Ingredients Roasted Dukkah,G,false,1475,https://ecom-su-static-prod.wtrecom.com/images/products/3/LN_639210_BP_3.jpg,https://www.waitrose.com/ecom/products/cooks-ingredients-roasted-dukkah/639210-312343-312344,Cooks' Ingredients Roasted Dukkah,50g,£2.00,40p/10g,,Waitrose Brands
637159,Waitrose Duchy Organic Frozen Raw Jumbo King Prawns,G,true,1476,https://ecom-su-static-prod.wtrecom.com/images/products/3/LN_637159_BP_3.jpg,https://www.waitrose.com/ecom/products/waitrose-duchy-organic-frozen-raw-jumbo-king-prawns/637159-745201-745202,Waitrose Duchy Organic Frozen Raw Jumbo King Prawns,180g,£5.75,£31.95/kg,Add 2 for £8,Waitrose Brands
635570,Duchy Organic Lemon Shortbread,G,false,1477,https://ecom-su-static-prod.wtrecom.com/images/products/3/LN_635570_BP_3.jpg,https://www.waitrose.com/ecom/products/duchy-organic-lemon-shortbread/635570-90255-90256,Duchy Organic Lemon Shortbread,150g,£2.25,£1.50/100g,,Waitrose Brands
630692,Duchy Organic Curry Powder,G,false,1478,https://ecom-su-static-prod.wtrecom.com/images/products/3/LN_630692_BP_3.jpg,https://www.waitrose.com/ecom/products/duchy-organic-curry-powder/630692-784988-784989,Duchy Organic Curry Powder,38g,£1.95,51.3p/10g,,Waitrose Brands
630182,Cooks' Ingredients Honeycomb Niblets,G,false,1479,https://ecom-su-static-prod.wtrecom.com/images/products/3/LN_630182_BP_3.jpg,https://www.waitrose.com/ecom/products/cooks-ingredients-honeycomb-niblets/630182-331189-331190,Cooks' Ingredients Honeycomb Niblets,50g,£1.30,£26/kg,,Waitrose Brands
628446,Cooks' Ingredients Truffle Salt,G,false,1480,https://ecom-su-static-prod.wtrecom.com/images/products/3/LN_628446_BP_3.jpg,https://www.waitrose.com/ecom/products/cooks-ingredients-truffle-salt/628446-784982-784983,Cooks' Ingredients Truffle Salt,50g,£4.50,£90/kg,,Waitrose Brands
626525,No.1 Perfectly Soft Dried Mango,G,false,1481,https://ecom-su-static-prod.wtrecom.com/images/products/3/LN_626525_BP_3.jpg,https://www.waitrose.com/ecom/products/no1-perfectly-soft-dried-mango/626525-493056-493057,No.1 Perfectly Soft Dried Mango,125g,£4.25,£34/kg,,Waitrose Brands
625836,Duchy Organic Beetroot,G,false,1482,https://ecom-su-static-prod.wtrecom.com/images/products/3/LN_625836_BP_3.jpg,https://www.waitrose.com/ecom/products/duchy-organic-beetroot/625836-619861-619862,Duchy Organic Beetroot,bunch,£2.10,£2.10 each,,Waitrose Brands
612706,PlantLiving: Indian Inspired Takeaway Feast,G,false,1483,https://ecom-su-static-prod.wtrecom.com/images/products/3/LN_612706_BP_3.jpg,https://www.waitrose.com/ecom/products/plantliving-indian-inspired-takeaway-feast/612706-780456-780456,PlantLiving: Indian Inspired Takeaway Feast,1388g,£11.00,79.3p/100g,,Waitrose Brands
612379,Cooks' Ingredients Sumac,G,false,1484,https://ecom-su-static-prod.wtrecom.com/images/products/3/LN_612379_BP_3.jpg,https://www.waitrose.com/ecom/products/cooks-ingredients-sumac/612379-312325-312326,Cooks' Ingredients Sumac,50g,£2.60,52p/10g,,Waitrose Brands
609017,PlantLiving: Hoisin No Duck Wrap,G,true,1485,https://ecom-su-static-prod.wtrecom.com/images/products/3/LN_609017_BP_3.jpg,https://www.waitrose.com/ecom/products/plantliving-hoisin-no-duck-wrap/609017-771383-771384,PlantLiving: Hoisin No Duck Wrap,each,£3.90,£3.90 each,"£5 Food to Go Meal Deal: Add 1 Main, 1 Snack and 1 Drink",Waitrose Brands
606108,No.1 Speciality Mango,G,false,1486,https://ecom-su-static-prod.wtrecom.com/images/products/3/LN_606108_BP_3.jpg,https://www.waitrose.com/ecom/products/no1-speciality-mango/606108-746177-746178,No.1 Speciality Mango,Each,£3.00,£3 each,,Waitrose Brands
604987,Essential Ibuprofen,G,false,1487,https://ecom-su-static-prod.wtrecom.com/images/products/3/LN_604987_BP_3.jpg,https://www.waitrose.com/ecom/products/essential-ibuprofen/604987-311227-311228,Essential Ibuprofen,16s,£2.50,15.6p each,,Waitrose Brands
603262,Cooks' Ingredients Coconut Flavouring,G,false,1488,https://ecom-su-static-prod.wtrecom.com/images/products/3/LN_603262_BP_3.jpg,https://www.waitrose.com/ecom/products/cooks-ingredients-coconut-flavouring/603262-331131-331132,Cooks' Ingredients Coconut Flavouring,38ml,£1.50,39.5p/10ml,,Waitrose Brands
602910,No.1 Pesto Grissini Rubata,G,false,1489,https://ecom-su-static-prod.wtrecom.com/images/products/3/LN_602910_BP_3.jpg,https://www.waitrose.com/ecom/products/no1-pesto-grissini-rubata/602910-518936-518937,No.1 Pesto Grissini Rubata,140g,£2.35,£1.68/100g,,Waitrose Brands
601524,Cooks' Ingredients Thai Herb Kit,G,false,1490,https://ecom-su-static-prod.wtrecom.com/images/products/3/LN_601524_BP_3.jpg,https://www.waitrose.com/ecom/products/cooks-ingredients-thai-herb-kit/601524-672573-672574,Cooks' Ingredients Thai Herb Kit,75g,£2.00,26.7p/10g,,Waitrose Brands
597341,Cooks' Ingredients Vegan XO Style Sauce,G,false,1491,https://ecom-su-static-prod.wtrecom.com/images/products/3/LN_597341_BP_3.jpg,https://www.waitrose.com/ecom/products/cooks-ingredients-vegan-xo-style-sauce/597341-784734-784735,Cooks' Ingredients Vegan XO Style Sauce,190g,£3.00,£1.58/100g,,Waitrose Brands
595791,Cooks' Ingredients Middle-Eastern Style Spice Mix,G,true,1492,https://ecom-su-static-prod.wtrecom.com/images/products/3/LN_595791_BP_3.jpg,https://www.waitrose.com/ecom/products/cooks-ingredients-middle-eastern-style-spice-mix/595791-755937-755938,Cooks' Ingredients Middle-Eastern Style Spice Mix,50g,£1.50,30p/10g,Reduced to Clear. Was £2.50,Waitrose Brands
594976,Cooks' Ingredients Peppermint Extract,G,false,1493,https://ecom-su-static-prod.wtrecom.com/images/products/3/LN_594976_BP_3.jpg,https://www.waitrose.com/ecom/products/cooks-ingredients-peppermint-extract/594976-260802-260803,Cooks' Ingredients Peppermint Extract,38ml,£1.50,39.5p/10ml,,Waitrose Brands
583144,Cooks' Ingredients Allspice Berries,G,false,1494,https://ecom-su-static-prod.wtrecom.com/images/products/3/LN_583144_BP_3.jpg,https://www.waitrose.com/ecom/products/cooks-ingredients-allspice-berries/583144-784944-784945,Cooks' Ingredients Allspice Berries,30g,£1.60,53.3p/10g,,Waitrose Brands
581335,Japan Menyū 4 Vegan Jackfruit 'No Chicken' drumsticks,G,true,1495,https://ecom-su-static-prod.wtrecom.com/images/products/3/LN_581335_BP_3.jpg,https://www.waitrose.com/ecom/products/japan-meny-4-vegan-jackfruit-no-chicken-drumsticks/581335-810919-810920,Japan Menyū 4 Vegan Jackfruit 'No Chicken' drumsticks,170g,£2.80,£1.65/100g,20% Off. Was £3.50,Waitrose Brands
579649,Cooks' Ingredients Rendang Paste,G,false,1496,https://ecom-su-static-prod.wtrecom.com/images/products/3/LN_579649_BP_3.jpg,https://www.waitrose.com/ecom/products/cooks-ingredients-rendang-paste/579649-766931-766932,Cooks' Ingredients Rendang Paste,190g,£2.50,£1.32/100g,,Waitrose Brands
578061,Cooks' Ingredients Green Peppercorns,G,false,1497,https://ecom-su-static-prod.wtrecom.com/images/products/3/LN_578061_BP_3.jpg,https://www.waitrose.com/ecom/products/cooks-ingredients-green-peppercorns/578061-784938-784939,Cooks' Ingredients Green Peppercorns,30g,£1.60,53.3p/10g,,Waitrose Brands
577177,No.1 Sumatra Coffee Capsules 10s,G,false,1498,https://ecom-su-static-prod.wtrecom.com/images/products/3/LN_577177_BP_3.jpg,https://www.waitrose.com/ecom/products/no1-sumatra-coffee-capsules-10s/577177-719574-719575,No.1 Sumatra Coffee Capsules 10s,54g,£3.25,£6.02/100g,,Waitrose Brands
576784,Cooks' Ingredients Pad Thai Paste,G,false,1499,https://ecom-su-static-prod.wtrecom.com/images/products/3/LN_576784_BP_3.jpg,https://www.waitrose.com/ecom/products/cooks-ingredients-pad-thai-paste/576784-784730-784731,Cooks' Ingredients Pad Thai Paste,200g,£2.50,£1.25/100g,,Waitrose Brands
570413,No.1 British Rose Veal Fillet Steak,G,false,1500,https://ecom-su-static-prod.wtrecom.com/images/products/3/LN_570413_BP_3.jpg,https://www.waitrose.com/ecom/products/no1-british-rose-veal-fillet-steak/570413-581300-581301,No.1 British Rose Veal Fillet Steak,Typical weight 0.23kg,£9.53 each est.,£40.99/kg,,Waitrose Brands
568160,Cooks' Ingredients Yuzu Juice,G,false,1501,https://ecom-su-static-prod.wtrecom.com/images/products/3/LN_568160_BP_3.jpg,https://www.waitrose.com/ecom/products/cooks-ingredients-yuzu-juice/568160-312305-312306,Cooks' Ingredients Yuzu Juice,60ml,£4.75,£7.92/100ml,,Waitrose Brands
561764,Cooks' Ingredients Milk Choc Vermicelli,G,false,1502,https://ecom-su-static-prod.wtrecom.com/images/products/3/LN_561764_BP_3.jpg,https://www.waitrose.com/ecom/products/cooks-ingredients-milk-choc-vermicelli/561764-752633-752634,Cooks' Ingredients Milk Choc Vermicelli,70g,£1.30,£18.58/kg,,Waitrose Brands
561025,Cooks' Ingredients Fish Seasoning,G,false,1503,https://ecom-su-static-prod.wtrecom.com/images/products/3/LN_561025_BP_3.jpg,https://www.waitrose.com/ecom/products/cooks-ingredients-fish-seasoning/561025-784924-784925,Cooks' Ingredients Fish Seasoning,42g,£1.70,40.5p/10g,,Waitrose Brands
560157,Duchy Organic Choc with Vanilla Shortbread,G,false,1504,https://ecom-su-static-prod.wtrecom.com/images/products/3/LN_560157_BP_3.jpg,https://www.waitrose.com/ecom/products/duchy-organic-choc-with-vanilla-shortbread/560157-79319-79320,Duchy Organic Choc with Vanilla Shortbread,150g,£2.25,£1.50/100g,,Waitrose Brands
552802,Cooks' Ingredients Red Gel Colouring,G,false,1505,https://ecom-su-static-prod.wtrecom.com/images/products/3/LN_552802_BP_3.jpg,https://www.waitrose.com/ecom/products/cooks-ingredients-red-gel-colouring/552802-711654-711655,Cooks' Ingredients Red Gel Colouring,19g,£1.40,£73.69/kg,,Waitrose Brands
550845,Cooks' Ingredients Pickling Spice,G,false,1506,https://ecom-su-static-prod.wtrecom.com/images/products/3/LN_550845_BP_3.jpg,https://www.waitrose.com/ecom/products/cooks-ingredients-pickling-spice/550845-784920-784921,Cooks' Ingredients Pickling Spice,32g,£1.70,53.1p/10g,,Waitrose Brands
546606,John Lewis Stainless Steel Balti Dish Gold Set of 2,G,false,1507,https://ecom-su-static-prod.wtrecom.com/images/products/3/LN_546606_BP_3.jpg,https://www.waitrose.com/ecom/products/john-lewis-stainless-steel-balti-dish-gold-set-of-2/546606-740684-740685,John Lewis Stainless Steel Balti Dish Gold Set of 2,2s,£15.00,£7.50 each,,Waitrose Brands
543039,No1. Quince & Pear Fruit for Cheese,G,false,1508,https://ecom-su-static-prod.wtrecom.com/images/products/3/LN_543039_BP_3.jpg,https://www.waitrose.com/ecom/products/no1-quince-pear-fruit-for-cheese/543039-697870-697871,No1. Quince & Pear Fruit for Cheese,120g,£3.00,£2.50/100g,,Waitrose Brands
540590,Cooks' Ingredients Dried Black Limes,G,false,1509,https://ecom-su-static-prod.wtrecom.com/images/products/3/LN_540590_BP_3.jpg,https://www.waitrose.com/ecom/products/cooks-ingredients-dried-black-limes/540590-672455-672456,Cooks' Ingredients Dried Black Limes,6s,£2.00,33.3p each,,Waitrose Brands
540307,Cooks' Ingredients Cinnamon Sugar,G,false,1510,https://ecom-su-static-prod.wtrecom.com/images/products/3/LN_540307_BP_3.jpg,https://www.waitrose.com/ecom/products/cooks-ingredients-cinnamon-sugar/540307-789158-789159,Cooks' Ingredients Cinnamon Sugar,80g,£1.50,£18.75/kg,,Waitrose Brands
540221,Cooks' Ingredients Galangal Paste,G,false,1511,https://ecom-su-static-prod.wtrecom.com/images/products/3/LN_540221_BP_3.jpg,https://www.waitrose.com/ecom/products/cooks-ingredients-galangal-paste/540221-784908-784909,Cooks' Ingredients Galangal Paste,90g,£1.85,20.6p/10g,,Waitrose Brands
539954,Cooks' Ingredients Fudge Chunks,G,false,1512,https://ecom-su-static-prod.wtrecom.com/images/products/3/LN_539954_BP_3.jpg,https://www.waitrose.com/ecom/products/cooks-ingredients-fudge-chunks/539954-331001-331002,Cooks' Ingredients Fudge Chunks,70g,£1.30,£18.58/kg,,Waitrose Brands
536428,No.1 Valli Trapanesi Extra Virgin Olive Oil,G,false,1513,https://ecom-su-static-prod.wtrecom.com/images/products/3/LN_536428_BP_3.jpg,https://www.waitrose.com/ecom/products/no1-valli-trapanesi-extra-virgin-olive-oil/536428-75858-75859,No.1 Valli Trapanesi Extra Virgin Olive Oil,500ml,£15.50,£3.10/100ml,,Waitrose Brands
533868,Cooks' Ingredients Shichimi Togarashi,G,false,1514,https://ecom-su-static-prod.wtrecom.com/images/products/3/LN_533868_BP_3.jpg,https://www.waitrose.com/ecom/products/cooks-ingredients-shichimi-togarashi/533868-672437-672438,Cooks' Ingredients Shichimi Togarashi,55g,£2.00,£3.64/100g,,Waitrose Brands
532574,Cooks' Ingredients Palm Sugar,G,false,1515,https://ecom-su-static-prod.wtrecom.com/images/products/3/LN_532574_BP_3.jpg,https://www.waitrose.com/ecom/products/cooks-ingredients-palm-sugar/532574-75302-75303,Cooks' Ingredients Palm Sugar,125g,£3.00,£24/kg,,Waitrose Brands
531506,Cooks' Ingredients Mini White Chocolate Stars,G,false,1516,https://ecom-su-static-prod.wtrecom.com/images/products/3/LN_531506_BP_3.jpg,https://www.waitrose.com/ecom/products/cooks-ingredients-mini-white-chocolate-stars/531506-752623-752624,Cooks' Ingredients Mini White Chocolate Stars,41g,£1.30,£31.71/kg,,Waitrose Brands
528909,John Lewis Soft Touch Ice Cream Scoop,G,false,1517,https://ecom-su-static-prod.wtrecom.com/images/products/3/LN_528909_BP_3.jpg,https://www.waitrose.com/ecom/products/john-lewis-soft-touch-ice-cream-scoop/528909-678809-678810,John Lewis Soft Touch Ice Cream Scoop,each,£6.00,£6 each,,Waitrose Brands
524799,No.1 Lamb Leg with Rosemary,G,false,1518,https://ecom-su-static-prod.wtrecom.com/images/products/3/LN_524799_BP_3.jpg,https://www.waitrose.com/ecom/products/no1-lamb-leg-with-rosemary/524799-507850-507851,No.1 Lamb Leg with Rosemary,Typical weight 1.8kg,£41.40 each est.,£23.00/kg,,Waitrose Brands
520725,Cooks' Ingredients Golden Sprinkles,G,false,1519,https://ecom-su-static-prod.wtrecom.com/images/products/3/LN_520725_BP_3.jpg,https://www.waitrose.com/ecom/products/cooks-ingredients-golden-sprinkles/520725-752621-752622,Cooks' Ingredients Golden Sprinkles,75g,£1.30,£17.34/kg,,Waitrose Brands
516375,Cooks' Ingredients Szechuan Pepper,G,false,1520,https://ecom-su-static-prod.wtrecom.com/images/products/3/LN_516375_BP_3.jpg,https://www.waitrose.com/ecom/products/cooks-ingredients-szechuan-pepper/516375-784882-784883,Cooks' Ingredients Szechuan Pepper,21g,£1.70,81p/10g,,Waitrose Brands
514414,Cooks' Ingredients Asafoetida,G,false,1521,https://ecom-su-static-prod.wtrecom.com/images/products/3/LN_514414_BP_3.jpg,https://www.waitrose.com/ecom/products/cooks-ingredients-asafoetida/514414-672397-672398,Cooks' Ingredients Asafoetida,17g,£3.00,£1.77/10g,,Waitrose Brands
512658,No.1 Lamb Boneless Shoulder,G,false,1522,https://ecom-su-static-prod.wtrecom.com/images/products/3/LN_512658_BP_3.jpg,https://www.waitrose.com/ecom/products/no1-lamb-boneless-shoulder/512658-702653-702654,No.1 Lamb Boneless Shoulder,Typical weight 1.4kg,£30.80 each est.,£22.00/kg,,Waitrose Brands
511789,No.1 Gloucester Old Spot Cross Breed Unsmoked Back Bacon,G,false,1523,https://ecom-su-static-prod.wtrecom.com/images/products/3/LN_511789_BP_3.jpg,https://www.waitrose.com/ecom/products/no1-gloucester-old-spot-cross-breed-unsmoked-back-bacon/511789-72330-72331,No.1 Gloucester Old Spot Cross Breed Unsmoked Back Bacon,200g,£4.50,£22.50/kg,,Waitrose Brands
509047,Cooks' Ingredients Spiced Onion Topper,G,false,1524,https://ecom-su-static-prod.wtrecom.com/images/products/3/LN_509047_BP_3.jpg,https://www.waitrose.com/ecom/products/cooks-ingredients-spiced-onion-topper/509047-784872-784873,Cooks' Ingredients Spiced Onion Topper,40g,£1.50,£3.75/100g,,Waitrose Brands
506689,Cooks' Ingredients Truffle & Porcini Mushroom Sauce,G,false,1525,https://ecom-su-static-prod.wtrecom.com/images/products/3/LN_506689_BP_3.jpg,https://www.waitrose.com/ecom/products/cooks-ingredients-truffle-porcini-mushroom-sauce/506689-784866-784867,Cooks' Ingredients Truffle & Porcini Mushroom Sauce,290g,£3.80,£1.32/100g,,Waitrose Brands
504975,Cooks' Ingredients Green Gel Colouring,G,false,1526,https://ecom-su-static-prod.wtrecom.com/images/products/3/LN_504975_BP_3.jpg,https://www.waitrose.com/ecom/products/cooks-ingredients-green-gel-colouring/504975-711628-711629,Cooks' Ingredients Green Gel Colouring,19g,£1.40,£73.69/kg,,Waitrose Brands
504626,Duchy Organic Bay Leaves,G,false,1527,https://ecom-su-static-prod.wtrecom.com/images/products/3/LN_504626_BP_3.jpg,https://www.waitrose.com/ecom/products/duchy-organic-bay-leaves/504626-784864-784865,Duchy Organic Bay Leaves,3g,£1.95,£6.50/10g,,Waitrose Brands
503285,Cooks' Ingredients Singapore Paste,G,false,1528,https://ecom-su-static-prod.wtrecom.com/images/products/3/LN_503285_BP_3.jpg,https://www.waitrose.com/ecom/products/cooks-ingredients-singapore-paste/503285-784724-784725,Cooks' Ingredients Singapore Paste,190g,£2.50,£1.32/100g,,Waitrose Brands
489709,Cooks' Ingredients Juniper Berries,G,false,1529,https://ecom-su-static-prod.wtrecom.com/images/products/3/LN_489709_BP_3.jpg,https://www.waitrose.com/ecom/products/cooks-ingredients-juniper-berries/489709-784858-784859,Cooks' Ingredients Juniper Berries,25g,£1.60,64p/10g,,Waitrose Brands
481120,Cooks' Ingredients Aromatic Rose Petals,G,false,1530,https://ecom-su-static-prod.wtrecom.com/images/products/3/LN_481120_BP_3.jpg,https://www.waitrose.com/ecom/products/cooks-ingredients-aromatic-rose-petals/481120-312275-312276,Cooks' Ingredients Aromatic Rose Petals,8g,£2.00,£2.50/10g,,Waitrose Brands
479735,Cooks' Ingredients Ancho Chilli Paste,G,false,1531,https://ecom-su-static-prod.wtrecom.com/images/products/3/LN_479735_BP_3.jpg,https://www.waitrose.com/ecom/products/cooks-ingredients-ancho-chilli-paste/479735-766811-766812,Cooks' Ingredients Ancho Chilli Paste,95g,£1.85,£1.95/100g,,Waitrose Brands
478998,Cooks' Ingredients Szechuan Pepper Mill,G,false,1532,https://ecom-su-static-prod.wtrecom.com/images/products/3/LN_478998_BP_3.jpg,https://www.waitrose.com/ecom/products/cooks-ingredients-szechuan-pepper-mill/478998-784850-784851,Cooks' Ingredients Szechuan Pepper Mill,23g,£2.25,97.8p/10g,,Waitrose Brands
478689,No.1 Dark Chocolate & Ginger Florentines,G,false,1533,https://ecom-su-static-prod.wtrecom.com/images/products/3/LN_478689_BP_3.jpg,https://www.waitrose.com/ecom/products/no1-dark-chocolate-ginger-florentines/478689-704839-704840,No.1 Dark Chocolate & Ginger Florentines,150g,£4.00,£2.67/100g,,Waitrose Brands
477508,Cooks' Ingredients Tempura Batter,G,false,1534,https://ecom-su-static-prod.wtrecom.com/images/products/3/LN_477508_BP_3.jpg,https://www.waitrose.com/ecom/products/cooks-ingredients-tempura-batter/477508-312271-312272,Cooks' Ingredients Tempura Batter,128g,£1.50,£1.18/100g,,Waitrose Brands
476915,No.1 British Calves' Liver,G,false,1535,https://ecom-su-static-prod.wtrecom.com/images/products/3/LN_476915_BP_3.jpg,https://www.waitrose.com/ecom/products/no1-british-calves-liver/476915-67294-67295,No.1 British Calves' Liver,Typical weight 0.23kg,£8.37 each est.,£36.00/kg,,Waitrose Brands
475640,Essential Ibuprofen,G,false,1536,https://ecom-su-static-prod.wtrecom.com/images/products/3/LN_475640_BP_3.jpg,https://www.waitrose.com/ecom/products/essential-ibuprofen/475640-311142-311143,Essential Ibuprofen,8s,£2.00,25p each,,Waitrose Brands
475612,No.1 Mexican Yucatan Honey,G,false,1537,https://ecom-su-static-prod.wtrecom.com/images/products/3/LN_475612_BP_3.jpg,https://www.waitrose.com/ecom/products/no1-mexican-yucatan-honey/475612-704833-704834,No.1 Mexican Yucatan Honey,250g,£3.35,£1.34/100g,,Waitrose Brands
475269,No. 1 Cote Hill Lindum Semi Hard Cheese Strength 3,G,false,1538,https://ecom-su-static-prod.wtrecom.com/images/products/3/LN_475269_BP_3.jpg,https://www.waitrose.com/ecom/products/no-1-cote-hill-lindum-semi-hard-cheese-strength-3/475269-665281-665282,No. 1 Cote Hill Lindum Semi Hard Cheese Strength 3,Typical weight 150g,£3.71 each est.,£2.47/100g,,Waitrose Brands
474359,Cooks' Ingredients White Fondant Icing,G,false,1539,https://ecom-su-static-prod.wtrecom.com/images/products/3/LN_474359_BP_3.jpg,https://www.waitrose.com/ecom/products/cooks-ingredients-white-fondant-icing/474359-230777-230778,Cooks' Ingredients White Fondant Icing,1kg,£2.90,£2.90/kg,,Waitrose Brands
473527,No1. Fig & Balsamic Chutney,G,false,1540,https://ecom-su-static-prod.wtrecom.com/images/products/3/LN_473527_BP_3.jpg,https://www.waitrose.com/ecom/products/no1-fig-balsamic-chutney/473527-697862-697863,No1. Fig & Balsamic Chutney,120g,£3.00,£2.50/100g,,Waitrose Brands
471535,Levantine Table Easy to Cook Lamb Koftas & Zhoug Potatoes,G,false,1541,https://ecom-su-static-prod.wtrecom.com/images/products/3/LN_471535_BP_3.jpg,https://www.waitrose.com/ecom/products/levantine-table-easy-to-cook-lamb-koftas-zhoug-potatoes/471535-755827-755828,Levantine Table Easy to Cook Lamb Koftas & Zhoug Potatoes,473g,£7.50,£1.59/100g,,Waitrose Brands
469010,Cooks' Ingredients Shiitake Mushrooms,G,false,1542,https://ecom-su-static-prod.wtrecom.com/images/products/3/LN_469010_BP_3.jpg,https://www.waitrose.com/ecom/products/cooks-ingredients-shiitake-mushrooms/469010-66101-66102,Cooks' Ingredients Shiitake Mushrooms,25g,£2.50,£10/100g,,Waitrose Brands
467297,Cooks' Ingredients Pink Gel Colouring,G,false,1543,https://ecom-su-static-prod.wtrecom.com/images/products/3/LN_467297_BP_3.jpg,https://www.waitrose.com/ecom/products/cooks-ingredients-pink-gel-colouring/467297-711600-711601,Cooks' Ingredients Pink Gel Colouring,19g,£1.40,£73.69/kg,,Waitrose Brands
465520,Cooks' Ingredients Mixed Peppercorns,G,false,1544,https://ecom-su-static-prod.wtrecom.com/images/products/3/LN_465520_BP_3.jpg,https://www.waitrose.com/ecom/products/cooks-ingredients-mixed-peppercorns/465520-784834-784835,Cooks' Ingredients Mixed Peppercorns,38g,£2.25,59.2p/10g,,Waitrose Brands
464730,Essential Eye Wash & Bath,G,false,1545,https://ecom-su-static-prod.wtrecom.com/images/products/3/LN_464730_BP_3.jpg,https://www.waitrose.com/ecom/products/essential-eye-wash-bath/464730-274743-274744,Essential Eye Wash & Bath,300ml,£5.55,£1.85/100ml,,Waitrose Brands
462775,Cooks' Ingredients Shawarma Spice Paste,G,false,1546,https://ecom-su-static-prod.wtrecom.com/images/products/3/LN_462775_BP_3.jpg,https://www.waitrose.com/ecom/products/cooks-ingredients-shawarma-spice-paste/462775-755819-755820,Cooks' Ingredients Shawarma Spice Paste,180g,£2.50,£1.39/100g,,Waitrose Brands
461770,Cooks' Ingredients Yellow Gel Colouring,G,false,1547,https://ecom-su-static-prod.wtrecom.com/images/products/3/LN_461770_BP_3.jpg,https://www.waitrose.com/ecom/products/cooks-ingredients-yellow-gel-colouring/461770-711592-711593,Cooks' Ingredients Yellow Gel Colouring,19g,£1.30,£68.43/kg,,Waitrose Brands
459466,Essential Shaving Gel Aloe Vera,G,false,1548,https://ecom-su-static-prod.wtrecom.com/images/products/3/LN_459466_BP_3.jpg,https://www.waitrose.com/ecom/products/essential-shaving-gel-aloe-vera/459466-410609-410610,Essential Shaving Gel Aloe Vera,250ml,£1.50,60p/100ml,,Waitrose Brands
447080,Cooks' Ingredients Gunpowder Spice,G,false,1549,https://ecom-su-static-prod.wtrecom.com/images/products/3/LN_447080_BP_3.jpg,https://www.waitrose.com/ecom/products/cooks-ingredients-gunpowder-spice/447080-784714-784715,Cooks' Ingredients Gunpowder Spice,60g,£1.50,25p/10g,,Waitrose Brands
443876,Cooks' Ingredients Ground Mace,G,false,1550,https://ecom-su-static-prod.wtrecom.com/images/products/3/LN_443876_BP_3.jpg,https://www.waitrose.com/ecom/products/cooks-ingredients-ground-mace/443876-784814-784815,Cooks' Ingredients Ground Mace,42g,£1.70,40.5p/10g,,Waitrose Brands
441862,Cooks' Ingredients Gram Flour,G,true,1551,https://ecom-su-static-prod.wtrecom.com/images/products/3/LN_441862_BP_3.jpg,https://www.waitrose.com/ecom/products/cooks-ingredients-gram-flour/441862-672267-672268,Cooks' Ingredients Gram Flour,250g,£1.40,56p/100g,Reduced to Clear. Was £1.80,Waitrose Brands
441246,No.1 Douro Valley Reserva Quinta da Rosa Portugal,W,false,1552,https://ecom-su-static-prod.wtrecom.com/images/products/3/LN_441246_BP_3.jpg,https://www.waitrose.com/ecom/products/no1-douro-valley-reserva-quinta-da-rosa-portugal/441246-62116-62117,No.1 Douro Valley Reserva Quinta da Rosa Portugal,75cl,£13.49,£13.49/75cl,,Waitrose Brands
439488,Cooks' Ingredients Porcini Mushroom Paste,G,false,1553,https://ecom-su-static-prod.wtrecom.com/images/products/3/LN_439488_BP_3.jpg,https://www.waitrose.com/ecom/products/cooks-ingredients-porcini-mushroom-paste/439488-312259-312260,Cooks' Ingredients Porcini Mushroom Paste,90g,£2.50,£2.78/100g,,Waitrose Brands
437168,PlantLiving: Vanilla Traybake,G,false,1554,https://ecom-su-static-prod.wtrecom.com/images/products/3/LN_437168_BP_3.jpg,https://www.waitrose.com/ecom/products/plantliving-vanilla-traybake/437168-769070-769071,PlantLiving: Vanilla Traybake,426g,£5.50,£1.30/100g,,Waitrose Brands
436211,Cooks' Ingredients Wayanad Peppercorns,G,false,1555,https://ecom-su-static-prod.wtrecom.com/images/products/3/LN_436211_BP_3.jpg,https://www.waitrose.com/ecom/products/cooks-ingredients-wayanad-peppercorns/436211-784802-784803,Cooks' Ingredients Wayanad Peppercorns,42g,£1.60,38.1p/10g,,Waitrose Brands
434031,Cooks' Ingredients Shakshuka Sauce,G,true,1556,https://ecom-su-static-prod.wtrecom.com/images/products/3/LN_434031_BP_3.jpg,https://www.waitrose.com/ecom/products/cooks-ingredients-shakshuka-sauce/434031-766763-766764,Cooks' Ingredients Shakshuka Sauce,400g,£2.60,65p/100g,Reduced to Clear. Was £3.25,Waitrose Brands
431603,Japan Menyū Slow Cooked Beef with Chilli Miso,G,true,1557,https://ecom-su-static-prod.wtrecom.com/images/products/3/LN_431603_BP_3.jpg,https://www.waitrose.com/ecom/products/japan-meny-slow-cooked-beef-with-chilli-miso/431603-810880-810881,Japan Menyū Slow Cooked Beef with Chilli Miso,318g,£5.60,£1.77/100g,20% Off. Was £7.00,Waitrose Brands
428660,Duchy Organic Cranberry Sauce,G,false,1558,https://ecom-su-static-prod.wtrecom.com/images/products/3/LN_428660_BP_3.jpg,https://www.waitrose.com/ecom/products/duchy-organic-cranberry-sauce/428660-60313-60314,Duchy Organic Cranberry Sauce,200g,£3.00,£1.50/100g,,Waitrose Brands
424545,Waitrose Slow Cooked Half Duck Orange & Spice,G,false,1559,https://ecom-su-static-prod.wtrecom.com/images/products/3/LN_424545_BP_3.jpg,https://www.waitrose.com/ecom/products/waitrose-slow-cooked-half-duck-orange-spice/424545-760839-760840,Waitrose Slow Cooked Half Duck Orange & Spice,600g,£11.50,£19.17/kg,,Waitrose Brands
414665,Cooks' Ingredients Bronze Crunch,G,false,1560,https://ecom-su-static-prod.wtrecom.com/images/products/3/LN_414665_BP_3.jpg,https://www.waitrose.com/ecom/products/cooks-ingredients-bronze-crunch/414665-752609-752610,Cooks' Ingredients Bronze Crunch,80g,£1.30,£16.25/kg,,Waitrose Brands
412520,Cooks' Ingredients Micro Marsh Mallows,G,false,1561,https://ecom-su-static-prod.wtrecom.com/images/products/3/LN_412520_BP_3.jpg,https://www.waitrose.com/ecom/products/cooks-ingredients-micro-marsh-mallows/412520-752607-752608,Cooks' Ingredients Micro Marsh Mallows,16g,£1.30,£8.13/100g,,Waitrose Brands
412266,No.1 Dry Aged British Beef Bone-In Sirloin Joint,G,false,1562,https://ecom-su-static-prod.wtrecom.com/images/products/3/LN_412266_BP_3.jpg,https://www.waitrose.com/ecom/products/no1-dry-aged-british-beef-bone-in-sirloin-joint/412266-702423-702424,No.1 Dry Aged British Beef Bone-In Sirloin Joint,Typical weight 1.4kg,£53.20 each est.,£38.00/kg,,Waitrose Brands
409989,Cooks' Ingredients Mediterranean Crust,G,false,1563,https://ecom-su-static-prod.wtrecom.com/images/products/3/LN_409989_BP_3.jpg,https://www.waitrose.com/ecom/products/cooks-ingredients-mediterranean-crust/409989-784780-784781,Cooks' Ingredients Mediterranean Crust,110g,£2.40,£2.19/100g,,Waitrose Brands
407259,Essential Max Strength Cold & Flu,G,false,1564,https://ecom-su-static-prod.wtrecom.com/images/products/3/LN_407259_BP_3.jpg,https://www.waitrose.com/ecom/products/essential-max-strength-cold-flu/407259-655209-655210,Essential Max Strength Cold & Flu,10s,£2.55,25.5p each,,Waitrose Brands
406249,No.1 Reserve Tawny Port from Symington,W,false,1565,https://ecom-su-static-prod.wtrecom.com/images/products/3/LN_406249_BP_3.jpg,https://www.waitrose.com/ecom/products/no1-reserve-tawny-port-from-symington/406249-457042-457043,No.1 Reserve Tawny Port from Symington,75cl,£15.99,£15.99/75cl,,Waitrose Brands
404347,Duchy Organic Seeded Oaten Biscuits,G,false,1566,https://ecom-su-static-prod.wtrecom.com/images/products/3/LN_404347_BP_3.jpg,https://www.waitrose.com/ecom/products/duchy-organic-seeded-oaten-biscuits/404347-753379-753380,Duchy Organic Seeded Oaten Biscuits,150g,£2.25,£1.50/100g,,Waitrose Brands
400132,Cooks' Ingredients Peppercorn Blend,G,false,1567,https://ecom-su-static-prod.wtrecom.com/images/products/3/LN_400132_BP_3.jpg,https://www.waitrose.com/ecom/products/cooks-ingredients-peppercorn-blend/400132-784772-784773,Cooks' Ingredients Peppercorn Blend,40g,£2.10,52.5p/10g,,Waitrose Brands
090431,No.1 Pesto Alla Genovese,G,false,1568,https://ecom-su-static-prod.wtrecom.com/images/products/3/LN_090431_BP_3.jpg,https://www.waitrose.com/ecom/products/no1-pesto-alla-genovese/090431-46579-46580,No.1 Pesto Alla Genovese,190g,£3.25,£1.72/100g,,Waitrose Brands
088476,Duchy Organic Limited Selection Grapes,G,false,1569,https://ecom-su-static-prod.wtrecom.com/images/products/3/LN_088476_BP_3.jpg,https://www.waitrose.com/ecom/products/duchy-organic-limited-selection-grapes/088476-45419-45420,Duchy Organic Limited Selection Grapes,400g,£3.25,£8.13/kg,,Waitrose Brands
088039,Cooks' Ingredients Blackcurrants,G,true,1570,https://ecom-su-static-prod.wtrecom.com/images/products/3/LN_088039_BP_3.jpg,https://www.waitrose.com/ecom/products/cooks-ingredients-blackcurrants/088039-730554-45018,Cooks' Ingredients Blackcurrants,150g,£2.20,£14.67/kg,Add 2 for £4,Waitrose Brands
086628,Duchy Organic Brown Basmati Rice,G,false,1571,https://ecom-su-static-prod.wtrecom.com/images/products/3/LN_086628_BP_3.jpg,https://www.waitrose.com/ecom/products/duchy-organic-brown-basmati-rice/086628-44271-44272,Duchy Organic Brown Basmati Rice,1kg,£3.75,£3.75/kg,,Waitrose Brands
085314,Duchy Organic Savoy Cabbage,G,false,1572,https://ecom-su-static-prod.wtrecom.com/images/products/3/LN_085314_BP_3.jpg,https://www.waitrose.com/ecom/products/duchy-organic-savoy-cabbage/085314-43392-43393,Duchy Organic Savoy Cabbage,Each,£1.75,£1.75 each,,Waitrose Brands
073116,Essential Less Than Perfect Peppers,G,false,1573,https://ecom-su-static-prod.wtrecom.com/images/products/3/LN_073116_BP_3.jpg,https://www.waitrose.com/ecom/products/essential-less-than-perfect-peppers/073116-37102-37103,Essential Less Than Perfect Peppers,750g,£1.90,£2.54/kg,,Waitrose Brands
068507,No.1 Dry Amontillado Sherry,W,false,1574,https://ecom-su-static-prod.wtrecom.com/images/products/3/LN_068507_BP_3.jpg,https://www.waitrose.com/ecom/products/no1-dry-amontillado-sherry/068507-34763-34764,No.1 Dry Amontillado Sherry,75cl,£13.49,£13.49/75cl,,Waitrose Brands
064522,No.1 Dry Oloroso Sherry,W,false,1575,https://ecom-su-static-prod.wtrecom.com/images/products/3/LN_064522_BP_3.jpg,https://www.waitrose.com/ecom/products/no1-dry-oloroso-sherry/064522-32754-32755,No.1 Dry Oloroso Sherry,75cl,£13.99,£13.99/75cl,,Waitrose Brands
061982,No.1 Italian Espresso Slow Roasted Coffee Beans,G,false,1576,https://ecom-su-static-prod.wtrecom.com/images/products/3/LN_061982_BP_3.jpg,https://www.waitrose.com/ecom/products/no1-italian-espresso-slow-roasted-coffee-beans/061982-31391-31392,No.1 Italian Espresso Slow Roasted Coffee Beans,250g,£6.00,£2.40/100g,,Waitrose Brands
058984,Essential Carbonated Natural Mineral Water,G,true,1577,https://ecom-su-static-prod.wtrecom.com/images/products/3/LN_058984_BP_3.jpg,https://www.waitrose.com/ecom/products/essential-carbonated-natural-mineral-water/058984-29688-29689,Essential Carbonated Natural Mineral Water,500ml,80p,16p/100ml,"£5 Food to Go Meal Deal: Add 1 Main, 1 Snack and 1 Drink",Waitrose Brands
058983,Essential Still Natural Mineral Water,G,true,1578,https://ecom-su-static-prod.wtrecom.com/images/products/3/LN_058983_BP_3.jpg,https://www.waitrose.com/ecom/products/essential-still-natural-mineral-water/058983-29686-29687,Essential Still Natural Mineral Water,500ml,75p,15p/100ml,"£5 Food to Go Meal Deal: Add 1 Main, 1 Snack and 1 Drink",Waitrose Brands
058912,Duchy Organic British Pork Leg Joint,G,false,1579,https://ecom-su-static-prod.wtrecom.com/images/products/3/LN_058912_BP_3.jpg,https://www.waitrose.com/ecom/products/duchy-organic-british-pork-leg-joint/058912-29648-29649,Duchy Organic British Pork Leg Joint,Typical weight 1.1kg,£14.30 each est.,£13.00/kg,,Waitrose Brands
042333,Cooks' Ingredients Vanilla Pods,G,false,1580,https://ecom-su-static-prod.wtrecom.com/images/products/3/LN_042333_BP_3.jpg,https://www.waitrose.com/ecom/products/cooks-ingredients-vanilla-pods/042333-20958-20959,Cooks' Ingredients Vanilla Pods,2s,£7.00,£3.50 each,,Waitrose Brands
042306,Duchy Organic Free Range British Pork Fillet,G,false,1581,https://ecom-su-static-prod.wtrecom.com/images/products/3/LN_042306_BP_3.jpg,https://www.waitrose.com/ecom/products/duchy-organic-free-range-british-pork-fillet/042306-20944-20945,Duchy Organic Free Range British Pork Fillet,Typical weight 0.45kg,£10.35 each est.,£23.00/kg,,Waitrose Brands
042197,No.1 Italian Espresso Grounds,G,false,1582,https://ecom-su-static-prod.wtrecom.com/images/products/3/LN_042197_BP_3.jpg,https://www.waitrose.com/ecom/products/no1-italian-espresso-grounds/042197-20896-20897,No.1 Italian Espresso Grounds,125g,£6.00,£4.80/100g,,Waitrose Brands
040082,No.1 Aceto Balsamico di Modena I.G.P,G,false,1583,https://ecom-su-static-prod.wtrecom.com/images/products/3/LN_040082_BP_3.jpg,https://www.waitrose.com/ecom/products/no1-aceto-balsamico-di-modena-igp/040082-19824-19825,No.1 Aceto Balsamico di Modena I.G.P,250ml,£17.00,£6.80/100ml,,Waitrose Brands
029414,Duchy Organic Frozen Leaf Spinach,G,false,1584,https://ecom-su-static-prod.wtrecom.com/images/products/3/LN_029414_BP_3.jpg,https://www.waitrose.com/ecom/products/duchy-organic-frozen-leaf-spinach/029414-14377-14378,Duchy Organic Frozen Leaf Spinach,500g,£2.00,£4/kg,,Waitrose Brands
029213,No.1 Speciality Melon,G,false,1585,https://ecom-su-static-prod.wtrecom.com/images/products/3/LN_029213_BP_3.jpg,https://www.waitrose.com/ecom/products/no1-speciality-melon/029213-14255-14256,No.1 Speciality Melon,Each,£3.60,£3.60 each,,Waitrose Brands
024001,No.1 Torre Del Oro Palo Cortado,W,false,1586,https://ecom-su-static-prod.wtrecom.com/images/products/3/LN_024001_BP_3.jpg,https://www.waitrose.com/ecom/products/no1-torre-del-oro-palo-cortado/024001-11632-11633,No.1 Torre Del Oro Palo Cortado,75cl,£13.99,£13.99/75cl,,Waitrose Brands
023095,No.1 Italian Espresso SLow Roasted Ground Coffee,G,false,1587,https://ecom-su-static-prod.wtrecom.com/images/products/3/LN_023095_BP_3.jpg,https://www.waitrose.com/ecom/products/no1-italian-espresso-slow-roasted-ground-coffee/023095-11229-11230,No.1 Italian Espresso SLow Roasted Ground Coffee,250g,£6.00,£2.40/100g,,Waitrose Brands
022288,No.1 Armagnac VSOP,G,false,1588,https://ecom-su-static-prod.wtrecom.com/images/products/3/LN_022288_BP_3.jpg,https://www.waitrose.com/ecom/products/no1-armagnac-vsop/022288-10870-10871,No.1 Armagnac VSOP,70cl,£27.50,£39.29/litre,,Waitrose Brands
019306,Essential Cottage Cheese Large Strength 1,G,false,1589,https://ecom-su-static-prod.wtrecom.com/images/products/3/LN_019306_BP_3.jpg,https://www.waitrose.com/ecom/products/essential-cottage-cheese-large-strength-1/019306-9339-9340,Essential Cottage Cheese Large Strength 1,600g,£2.50,£4.17/kg,,Waitrose Brands
018427,Duchy Organic British Lamb Half Leg,G,false,1590,https://ecom-su-static-prod.wtrecom.com/images/products/3/LN_018427_BP_3.jpg,https://www.waitrose.com/ecom/products/duchy-organic-british-lamb-half-leg/018427-425748-8914,Duchy Organic British Lamb Half Leg,Typical weight 0.94kg,£24.31 each est.,£26.00/kg,,Waitrose Brands
011606,Cooks' Ingredients Wok Oil,G,false,1591,https://ecom-su-static-prod.wtrecom.com/images/products/3/LN_011606_BP_3.jpg,https://www.waitrose.com/ecom/products/cooks-ingredients-wok-oil/011606-5760-5761,Cooks' Ingredients Wok Oil,250ml,£2.40,96p/100ml,,Waitrose Brands
006903,No. 1 Badoz Vacherin Du Haut-Doubs AOP French Ripened Soft Cheese Strength 6,G,false,1592,https://ecom-su-static-prod.wtrecom.com/images/products/3/LN_006903_BP_3.jpg,https://www.waitrose.com/ecom/products/no-1-badoz-vacherin-du-haut-doubs-aop-french-ripened-soft-cheese-strength-6/006903-3125-3126,No. 1 Badoz Vacherin Du Haut-Doubs AOP French Ripened Soft Cheese Strength 6,350g,£10.00,£28.58/kg,,Waitrose Brands
006125,Cooks' Ingredients White Marzipan,G,false,1593,https://ecom-su-static-prod.wtrecom.com/images/products/3/LN_006125_BP_3.jpg,https://www.waitrose.com/ecom/products/cooks-ingredients-white-marzipan/006125-2676-2677,Cooks' Ingredients White Marzipan,500g,£2.50,£5/kg,,Waitrose Brands
707668,Duchy Organic Pinot Grigio Bag in Box,W,false,1594,https://ecom-su-static-prod.wtrecom.com/images/products/3/LN_707668_BP_3.jpg,https://www.waitrose.com/ecom/products/duchy-organic-pinot-grigio-bag-in-box/707668-754455-754456,Duchy Organic Pinot Grigio Bag in Box,2.25L,£21.49,£7.17/75cl,,Waitrose Brands
